<?xml version="1.0" encoding="UTF-8"?>
<!DOCTYPE html PUBLIC "-//W3C//DTD XHTML 1.0 Transitional//EN"
    "http://www.w3.org/TR/xhtml1/DTD/xhtml1-transitional.dtd">
<html xmlns="http://www.w3.org/1999/xhtml" xml:lang="en" lang="en">
 <head>
  <title>
</title>
<meta http-equiv="Content-Type" content="text/html;charset=utf-8" />
  <meta name='ocr-system' content='tesseract 3.04.00' />
  <meta name='ocr-capabilities' content='ocr_page ocr_carea ocr_par ocr_line ocrx_word'/>
</head>
<body>
  <div class='ocr_page' id='page_1' title='image "./codexdiplomaticu02maiouoft_0101.png"; bbox 0 0 2347 3444; ppageno 0'>
   <div class='ocr_carea' id='block_1_1' title="bbox 1869 185 1911 216">
    <p class='ocr_par' dir='ltr' id='par_1_1' title="bbox 1869 185 1911 216">
     <span class='ocr_line' id='line_1_1' title="bbox 1869 185 1911 216; baseline 0 0"><span class='ocrx_word' id='word_1_1' title='bbox 1869 185 1911 216; x_wconf 89' lang='lat'>55</span> 
     </span>
    </p>
   </div>
   <div class='ocr_carea' id='block_1_2' title="bbox 106 251 1686 255">
    <p class='ocr_par' dir='ltr' id='par_1_2' title="bbox 106 251 1686 255">
     <span class='ocr_line' id='line_1_2' title="bbox 106 251 1686 255; baseline 0 0"><span class='ocrx_word' id='word_1_2' title='bbox 106 251 1686 255; x_wconf 95' lang='lat' dir='ltr'> </span> 
     </span>
    </p>
   </div>
   <div class='ocr_carea' id='block_1_3' title="bbox 101 314 1918 2589">
    <p class='ocr_par' dir='ltr' id='par_1_3' title="bbox 101 314 1918 1971">
     <span class='ocr_line' id='line_1_3' title="bbox 101 314 1910 355; baseline -0.001 -6"><span class='ocrx_word' id='word_1_3' title='bbox 101 319 162 355; x_wconf 88' lang='lat' dir='ltr'>est,</span> <span class='ocrx_word' id='word_1_4' title='bbox 188 317 229 348; x_wconf 87' lang='lat' dir='ltr'>de</span> <span class='ocrx_word' id='word_1_5' title='bbox 256 317 414 348; x_wconf 88' lang='lat' dir='ltr'>mandato</span> <span class='ocrx_word' id='word_1_6' title='bbox 442 315 654 348; x_wconf 90' lang='lat' dir='ltr'>venerabillis</span> <span class='ocrx_word' id='word_1_7' title='bbox 680 315 806 346; x_wconf 91' lang='lat' dir='ltr'>domini</span> <span class='ocrx_word' id='word_1_8' title='bbox 832 315 943 346; x_wconf 89' lang='lat' dir='ltr'>fratris</span> <span class='ocrx_word' id='word_1_9' title='bbox 969 314 1142 346; x_wconf 88' lang='lat' dir='ltr'>Laurencii</span> <span class='ocrx_word' id='word_1_10' title='bbox 1168 314 1209 346; x_wconf 89' lang='lat' dir='ltr'>de</span> <span class='ocrx_word' id='word_1_11' title='bbox 1236 314 1331 346; x_wconf 86' lang='lat' dir='ltr'>Biffis</span> <span class='ocrx_word' id='word_1_12' title='bbox 1358 315 1478 355; x_wconf 91' lang='lat' dir='ltr'>prioris</span> <span class='ocrx_word' id='word_1_13' title='bbox 1505 316 1668 347; x_wconf 86' lang='lat' dir='ltr'>dictorum</span> <span class='ocrx_word' id='word_1_14' title='bbox 1710 317 1852 348; x_wconf 76' lang='lat' dir='ltr'><strong>ecclesie</strong></span> <span class='ocrx_word' id='word_1_15' title='bbox 1878 319 1910 349; x_wconf 90' lang='lat' dir='ltr'>et</span> 
     </span>
     <span class='ocr_line' id='line_1_4' title="bbox 102 377 1910 419; baseline -0.002 -8"><span class='ocrx_word' id='word_1_16' title='bbox 102 381 301 417; x_wconf 87' lang='lat' dir='ltr'>conventus,</span> <span class='ocrx_word' id='word_1_17' title='bbox 327 380 358 410; x_wconf 92' lang='lat' dir='ltr'>in</span> <span class='ocrx_word' id='word_1_18' title='bbox 385 378 560 419; x_wconf 86' lang='lat' dir='ltr'>presencia</span> <span class='ocrx_word' id='word_1_19' title='bbox 587 379 618 409; x_wconf 87' lang='lat' dir='ltr'>et</span> <span class='ocrx_word' id='word_1_20' title='bbox 643 387 717 409; x_wconf 91' lang='lat' dir='ltr'>cum</span> <span class='ocrx_word' id='word_1_21' title='bbox 745 378 883 410; x_wconf 80' lang='lat' dir='ltr'>licencia</span> <span class='ocrx_word' id='word_1_22' title='bbox 909 377 1083 409; x_wconf 90' lang='lat' dir='ltr'>reverendi</span> <span class='ocrx_word' id='word_1_23' title='bbox 1125 377 1250 408; x_wconf 90' lang='lat' dir='ltr'>domini</span> <span class='ocrx_word' id='word_1_24' title='bbox 1289 377 1399 408; x_wconf 82' lang='lat' dir='ltr'>fratris</span> <span class='ocrx_word' id='word_1_25' title='bbox 1437 377 1604 409; x_wconf 85' lang='lat' dir='ltr'>Manfredi</span> <span class='ocrx_word' id='word_1_26' title='bbox 1642 378 1683 410; x_wconf 92' lang='lat' dir='ltr'>de</span> <span class='ocrx_word' id='word_1_27' title='bbox 1721 379 1910 410; x_wconf 78' lang='lat' dir='ltr'>Mombreto</span> 
     </span>
     <span class='ocr_line' id='line_1_5' title="bbox 103 438 1909 480; baseline -0.001 -7"><span class='ocrx_word' id='word_1_28' title='bbox 103 440 241 473; x_wconf 81' lang='lat' dir='ltr'>Ordinis</span> <span class='ocrx_word' id='word_1_29' title='bbox 266 441 424 472; x_wconf 81' lang='lat' dir='ltr'>antedicti</span> <span class='ocrx_word' id='word_1_30' title='bbox 451 439 685 471; x_wconf 80' lang='lat' dir='ltr'>Provinciallis</span> <span class='ocrx_word' id='word_1_31' title='bbox 712 440 820 471; x_wconf 85' lang='lat' dir='ltr'>tocius</span> <span class='ocrx_word' id='word_1_32' title='bbox 847 440 1019 480; x_wconf 85' lang='lat' dir='ltr'>provincie</span> <span class='ocrx_word' id='word_1_33' title='bbox 1054 439 1262 475; x_wconf 88' lang='lat' dir='ltr'>Lombardie,</span> <span class='ocrx_word' id='word_1_34' title='bbox 1300 440 1372 470; x_wconf 87' lang='lat' dir='ltr'>eius</span> <span class='ocrx_word' id='word_1_35' title='bbox 1399 442 1430 470; x_wconf 91' lang='lat' dir='ltr'>et</span> <span class='ocrx_word' id='word_1_36' title='bbox 1456 440 1534 471; x_wconf 89' lang='lat' dir='ltr'>dicti</span> <span class='ocrx_word' id='word_1_37' title='bbox 1561 438 1699 471; x_wconf 80' lang='lat' dir='ltr'>Ordinis</span> <span class='ocrx_word' id='word_1_38' title='bbox 1737 441 1909 479; x_wconf 83' lang='lat' dir='ltr'>licenciam</span> 
     </span>
     <span class='ocr_line' id='line_1_6' title="bbox 104 501 1913 543; baseline -0.001 -9"><span class='ocrx_word' id='word_1_39' title='bbox 104 503 214 534; x_wconf 88' lang='lat' dir='ltr'>dantis</span> <span class='ocrx_word' id='word_1_40' title='bbox 233 505 264 534; x_wconf 91' lang='lat' dir='ltr'>et</span> <span class='ocrx_word' id='word_1_41' title='bbox 283 503 462 543; x_wconf 90' lang='lat' dir='ltr'>prestantis</span> <span class='ocrx_word' id='word_1_42' title='bbox 487 504 587 542; x_wconf 80' lang='lat' dir='ltr'>atque</span> <span class='ocrx_word' id='word_1_43' title='bbox 612 510 833 533; x_wconf 86' lang='lat' dir='ltr'>consensum:</span> <span class='ocrx_word' id='word_1_44' title='bbox 865 503 895 533; x_wconf 91' lang='lat' dir='ltr'>in</span> <span class='ocrx_word' id='word_1_45' title='bbox 915 511 981 542; x_wconf 87' lang='lat' dir='ltr'>quo</span> <span class='ocrx_word' id='word_1_46' title='bbox 1000 501 1135 542; x_wconf 86' lang='lat' dir='ltr'>quidem</span> <span class='ocrx_word' id='word_1_47' title='bbox 1155 501 1303 541; x_wconf 90' lang='lat' dir='ltr'>capitulo</span> <span class='ocrx_word' id='word_1_48' title='bbox 1322 510 1380 532; x_wconf 91' lang='lat' dir='ltr'>seu</span> <span class='ocrx_word' id='word_1_49' title='bbox 1400 503 1566 533; x_wconf 87' lang='lat' dir='ltr'>conventu</span> <span class='ocrx_word' id='word_1_50' title='bbox 1586 502 1803 542; x_wconf 83' lang='lat' dir='ltr'>predictaque</span> <span class='ocrx_word' id='word_1_51' title='bbox 1824 501 1913 534; x_wconf 75' lang='lat' dir='ltr'>Con-</span> 
     </span>
     <span class='ocr_line' id='line_1_7' title="bbox 104 562 1912 605; baseline 0 -9"><span class='ocrx_word' id='word_1_52' title='bbox 104 566 304 605; x_wconf 81' lang='lat' dir='ltr'>gregacione</span> <span class='ocrx_word' id='word_1_53' title='bbox 330 564 462 596; x_wconf 85' lang='lat' dir='ltr'>fuerunt</span> <span class='ocrx_word' id='word_1_54' title='bbox 487 565 517 595; x_wconf 86' lang='lat' dir='ltr'>et</span> <span class='ocrx_word' id='word_1_55' title='bbox 543 565 620 595; x_wconf 90' lang='lat' dir='ltr'>sunt</span> <span class='ocrx_word' id='word_1_56' title='bbox 646 564 709 603; x_wconf 84' lang='lat' dir='ltr'>ipsi</span> <span class='ocrx_word' id='word_1_57' title='bbox 736 564 895 595; x_wconf 88' lang='lat' dir='ltr'>dominus</span> <span class='ocrx_word' id='word_1_58' title='bbox 920 563 1154 595; x_wconf 78' lang='lat' dir='ltr'>Provinciallis</span> <span class='ocrx_word' id='word_1_59' title='bbox 1173 565 1203 594; x_wconf 90' lang='lat' dir='ltr'>et</span> <span class='ocrx_word' id='word_1_60' title='bbox 1222 563 1380 594; x_wconf 87' lang='lat' dir='ltr'>dominus</span> <span class='ocrx_word' id='word_1_61' title='bbox 1407 562 1500 594; x_wconf 82' lang='lat' dir='ltr'>Prior</span> <span class='ocrx_word' id='word_1_62' title='bbox 1518 573 1556 595; x_wconf 91' lang='lat' dir='ltr'>ac</span> <span class='ocrx_word' id='word_1_63' title='bbox 1576 564 1733 595; x_wconf 85' lang='lat' dir='ltr'>dominus</span> <span class='ocrx_word' id='word_1_64' title='bbox 1753 566 1912 605; x_wconf 72' lang='lat' dir='ltr'>magister</span> 
     </span>
     <span class='ocr_line' id='line_1_8' title="bbox 105 623 1913 666; baseline 0.001 -9"><span class='ocrx_word' id='word_1_65' title='bbox 105 625 262 658; x_wconf 88' lang='lat' dir='ltr'>Albertus</span> <span class='ocrx_word' id='word_1_66' title='bbox 288 627 328 658; x_wconf 90' lang='lat' dir='ltr'>de</span> <span class='ocrx_word' id='word_1_67' title='bbox 354 624 485 666; x_wconf 89' lang='lat' dir='ltr'>Crispis</span> <span class='ocrx_word' id='word_1_68' title='bbox 511 634 604 657; x_wconf 90' lang='lat' dir='ltr'>sacre</span> <span class='ocrx_word' id='word_1_69' title='bbox 631 626 751 665; x_wconf 81' lang='lat' dir='ltr'>pagine</span> <span class='ocrx_word' id='word_1_70' title='bbox 777 626 961 666; x_wconf 79' lang='lat' dir='ltr'>professor,</span> <span class='ocrx_word' id='word_1_71' title='bbox 986 625 1086 658; x_wconf 88' lang='lat' dir='ltr'>frater</span> <span class='ocrx_word' id='word_1_72' title='bbox 1110 624 1305 657; x_wconf 87' lang='lat' dir='ltr'>Gualterius</span> <span class='ocrx_word' id='word_1_73' title='bbox 1323 626 1364 657; x_wconf 87' lang='lat' dir='ltr'>de</span> <span class='ocrx_word' id='word_1_74' title='bbox 1383 623 1495 663; x_wconf 91' lang='lat' dir='ltr'>Curte,</span> <span class='ocrx_word' id='word_1_75' title='bbox 1522 626 1622 658; x_wconf 90' lang='lat' dir='ltr'>frater</span> <span class='ocrx_word' id='word_1_76' title='bbox 1648 627 1913 659; x_wconf 80' lang='lat' dir='ltr'>Lanfrancliinus</span> 
     </span>
     <span class='ocr_line' id='line_1_9' title="bbox 104 687 1912 729; baseline 0.001 -10"><span class='ocrx_word' id='word_1_77' title='bbox 104 688 144 719; x_wconf 86' lang='lat' dir='ltr'>de</span> <span class='ocrx_word' id='word_1_78' title='bbox 172 688 389 729; x_wconf 80' lang='lat' dir='ltr'>Montevegia</span> <span class='ocrx_word' id='word_1_79' title='bbox 415 688 455 719; x_wconf 90' lang='lat' dir='ltr'>de</span> <span class='ocrx_word' id='word_1_80' title='bbox 482 687 666 725; x_wconf 81' lang='lat' dir='ltr'>Modoetia,</span> <span class='ocrx_word' id='word_1_81' title='bbox 693 687 791 719; x_wconf 86' lang='lat' dir='ltr'>frater</span> <span class='ocrx_word' id='word_1_82' title='bbox 818 687 959 719; x_wconf 89' lang='lat' dir='ltr'>lacobus</span> <span class='ocrx_word' id='word_1_83' title='bbox 984 688 1025 720; x_wconf 91' lang='lat' dir='ltr'>de</span> <span class='ocrx_word' id='word_1_84' title='bbox 1052 687 1267 723; x_wconf 79' lang='lat' dir='ltr'>Alexandria,</span> <span class='ocrx_word' id='word_1_85' title='bbox 1294 687 1395 719; x_wconf 87' lang='lat' dir='ltr'>frater</span> <span class='ocrx_word' id='word_1_86' title='bbox 1420 687 1586 719; x_wconf 89' lang='lat' dir='ltr'>Antonius</span> <span class='ocrx_word' id='word_1_87' title='bbox 1605 689 1645 720; x_wconf 92' lang='lat' dir='ltr'>de</span> <span class='ocrx_word' id='word_1_88' title='bbox 1665 689 1763 720; x_wconf 80' lang='lat' dir='ltr'>Novo</span> <span class='ocrx_word' id='word_1_89' title='bbox 1781 690 1822 720; x_wconf 88' lang='lat' dir='ltr'>de</span> <span class='ocrx_word' id='word_1_90' title='bbox 1842 689 1912 727; x_wconf 86' lang='lat' dir='ltr'>Ast,</span> 
     </span>
     <span class='ocr_line' id='line_1_10' title="bbox 103 748 1913 791; baseline 0.001 -10"><span class='ocrx_word' id='word_1_91' title='bbox 103 750 202 782; x_wconf 86' lang='lat' dir='ltr'>frater</span> <span class='ocrx_word' id='word_1_92' title='bbox 221 750 337 782; x_wconf 78' lang='lat' dir='ltr'>Petrus</span> <span class='ocrx_word' id='word_1_93' title='bbox 355 751 396 782; x_wconf 88' lang='lat' dir='ltr'>de</span> <span class='ocrx_word' id='word_1_94' title='bbox 415 748 542 786; x_wconf 87' lang='lat' dir='ltr'>Calvis,</span> <span class='ocrx_word' id='word_1_95' title='bbox 561 749 660 780; x_wconf 90' lang='lat' dir='ltr'>frater</span> <span class='ocrx_word' id='word_1_96' title='bbox 679 749 844 781; x_wconf 85' lang='lat' dir='ltr'>Antonius</span> <span class='ocrx_word' id='word_1_97' title='bbox 863 750 903 781; x_wconf 92' lang='lat' dir='ltr'>de</span> <span class='ocrx_word' id='word_1_98' title='bbox 923 749 1053 787; x_wconf 93' lang='lat' dir='ltr'>Cossis,</span> <span class='ocrx_word' id='word_1_99' title='bbox 1072 750 1171 782; x_wconf 90' lang='lat' dir='ltr'>frater</span> <span class='ocrx_word' id='word_1_100' title='bbox 1196 749 1361 781; x_wconf 84' lang='lat' dir='ltr'>lohannes</span> <span class='ocrx_word' id='word_1_101' title='bbox 1379 750 1420 781; x_wconf 89' lang='lat' dir='ltr'>de</span> <span class='ocrx_word' id='word_1_102' title='bbox 1439 749 1563 791; x_wconf 83' lang='lat' dir='ltr'>Vegiis,</span> <span class='ocrx_word' id='word_1_103' title='bbox 1582 750 1681 782; x_wconf 89' lang='lat' dir='ltr'>frater</span> <span class='ocrx_word' id='word_1_104' title='bbox 1707 751 1854 782; x_wconf 87' lang='lat' dir='ltr'>Nlaffens</span> <span class='ocrx_word' id='word_1_105' title='bbox 1873 752 1913 783; x_wconf 92' lang='lat' dir='ltr'>de</span> 
     </span>
     <span class='ocr_line' id='line_1_11' title="bbox 102 811 1915 853; baseline 0.001 -9"><span class='ocrx_word' id='word_1_106' title='bbox 102 812 319 853; x_wconf 80' lang='lat' dir='ltr'>Zuclialonga</span> <span class='ocrx_word' id='word_1_107' title='bbox 344 813 384 843; x_wconf 91' lang='lat' dir='ltr'>de</span> <span class='ocrx_word' id='word_1_108' title='bbox 404 812 527 849; x_wconf 92' lang='lat' dir='ltr'>Laude,</span> <span class='ocrx_word' id='word_1_109' title='bbox 545 820 661 842; x_wconf 88' lang='lat' dir='ltr'>omnes</span> <span class='ocrx_word' id='word_1_110' title='bbox 681 811 797 843; x_wconf 85' lang='lat' dir='ltr'>fratres</span> <span class='ocrx_word' id='word_1_111' title='bbox 817 812 1071 844; x_wconf 84' lang='lat' dir='ltr'>conventualles</span> <span class='ocrx_word' id='word_1_112' title='bbox 1089 812 1176 844; x_wconf 88' lang='lat' dir='ltr'>dicte</span> <span class='ocrx_word' id='word_1_113' title='bbox 1195 812 1339 844; x_wconf 80' lang='lat' dir='ltr'>ecclesie</span> <span class='ocrx_word' id='word_1_114' title='bbox 1358 814 1473 844; x_wconf 86' lang='lat' dir='ltr'>sancte</span> <span class='ocrx_word' id='word_1_115' title='bbox 1494 812 1677 851; x_wconf 85' lang='lat' dir='ltr'>Mustiolle‚</span> <span class='ocrx_word' id='word_1_116' title='bbox 1696 813 1857 845; x_wconf 78' lang='lat' dir='ltr'>facientes</span> <span class='ocrx_word' id='word_1_117' title='bbox 1884 817 1915 846; x_wconf 85' lang='lat' dir='ltr'>et</span> 
     </span>
     <span class='ocr_line' id='line_1_12' title="bbox 104 873 1914 915; baseline 0.001 -9"><span class='ocrx_word' id='word_1_118' title='bbox 104 876 372 914; x_wconf 86' lang='lat' dir='ltr'>representantes</span> <span class='ocrx_word' id='word_1_119' title='bbox 392 876 425 904; x_wconf 91' lang='lat' dir='ltr'>ut</span> <span class='ocrx_word' id='word_1_120' title='bbox 450 873 594 904; x_wconf 88' lang='lat' dir='ltr'>fatentur</span> <span class='ocrx_word' id='word_1_121' title='bbox 609 875 640 904; x_wconf 90' lang='lat' dir='ltr'>et</span> <span class='ocrx_word' id='word_1_122' title='bbox 655 875 893 913; x_wconf 76' lang='lat' dir='ltr'>protestantur,</span> <span class='ocrx_word' id='word_1_123' title='bbox 924 875 1080 906; x_wconf 88' lang='lat' dir='ltr'>maiorem</span> <span class='ocrx_word' id='word_1_124' title='bbox 1099 876 1226 914; x_wconf 87' lang='lat' dir='ltr'>partem</span> <span class='ocrx_word' id='word_1_125' title='bbox 1242 876 1273 905; x_wconf 89' lang='lat' dir='ltr'>et</span> <span class='ocrx_word' id='word_1_126' title='bbox 1292 874 1471 914; x_wconf 81' lang='lat' dir='ltr'>plusquam</span> <span class='ocrx_word' id='word_1_127' title='bbox 1491 874 1577 906; x_wconf 87' lang='lat' dir='ltr'>duas</span> <span class='ocrx_word' id='word_1_128' title='bbox 1596 877 1707 915; x_wconf 86' lang='lat' dir='ltr'>partes</span> <span class='ocrx_word' id='word_1_129' title='bbox 1726 878 1914 907; x_wconf 78' lang='lat' dir='ltr'>conventus</span> 
     </span>
     <span class='ocr_line' id='line_1_13' title="bbox 103 933 1916 977; baseline 0.001 -9"><span class='ocrx_word' id='word_1_130' title='bbox 103 937 190 968; x_wconf 89' lang='lat' dir='ltr'>dicte</span> <span class='ocrx_word' id='word_1_131' title='bbox 208 936 349 968; x_wconf 89' lang='lat' dir='ltr'>ecclesie</span> <span class='ocrx_word' id='word_1_132' title='bbox 363 933 423 975; x_wconf 90' lang='lat' dir='ltr'>(l).</span> <span class='ocrx_word' id='word_1_133' title='bbox 440 935 478 967; x_wconf 77' lang='lat' dir='ltr'>Et</span> <span class='ocrx_word' id='word_1_134' title='bbox 494 936 617 967; x_wconf 81' lang='lat' dir='ltr'>ibidem</span> <span class='ocrx_word' id='word_1_135' title='bbox 633 936 760 967; x_wconf 89' lang='lat' dir='ltr'>eisdem</span> <span class='ocrx_word' id='word_1_136' title='bbox 777 936 923 967; x_wconf 87' lang='lat' dir='ltr'>dominis</span> <span class='ocrx_word' id='word_1_137' title='bbox 938 936 1163 974; x_wconf 80' lang='lat' dir='ltr'>Provincialli,</span> <span class='ocrx_word' id='word_1_138' title='bbox 1179 936 1344 977; x_wconf 86' lang='lat' dir='ltr'>Magistro</span> <span class='ocrx_word' id='word_1_139' title='bbox 1359 936 1496 968; x_wconf 87' lang='lat' dir='ltr'>Alberto</span> <span class='ocrx_word' id='word_1_140' title='bbox 1511 939 1541 968; x_wconf 89' lang='lat' dir='ltr'>et</span> <span class='ocrx_word' id='word_1_141' title='bbox 1557 937 1728 969; x_wconf 85' lang='lat' dir='ltr'>Fratribus</span> <span class='ocrx_word' id='word_1_142' title='bbox 1742 938 1821 969; x_wconf 91' lang='lat' dir='ltr'>dicti</span> <span class='ocrx_word' id='word_1_143' title='bbox 1837 948 1916 969; x_wconf 77' lang='lat' dir='ltr'>con-</span> 
     </span>
     <span class='ocr_line' id='line_1_14' title="bbox 105 998 1917 1041; baseline 0.001 -11"><span class='ocrx_word' id='word_1_144' title='bbox 105 1001 236 1036; x_wconf 86' lang='lat' dir='ltr'>ventus,</span> <span class='ocrx_word' id='word_1_145' title='bbox 254 1008 294 1030; x_wconf 92' lang='lat' dir='ltr'>au</span> <span class='ocrx_word' id='word_1_146' title='bbox 314 998 485 1029; x_wconf 85' lang='lat' dir='ltr'>dientibus</span> <span class='ocrx_word' id='word_1_147' title='bbox 502 1000 533 1029; x_wconf 90' lang='lat' dir='ltr'>et</span> <span class='ocrx_word' id='word_1_148' title='bbox 552 998 826 1038; x_wconf 81' lang='lat' dir='ltr'>intelligentibus,</span> <span class='ocrx_word' id='word_1_149' title='bbox 846 999 933 1030; x_wconf 91' lang='lat' dir='ltr'>idem</span> <span class='ocrx_word' id='word_1_150' title='bbox 952 999 1110 1030; x_wconf 86' lang='lat' dir='ltr'>dominus</span> <span class='ocrx_word' id='word_1_151' title='bbox 1128 999 1227 1030; x_wconf 90' lang='lat' dir='ltr'>frater</span> <span class='ocrx_word' id='word_1_152' title='bbox 1244 998 1448 1031; x_wconf 85' lang='lat' dir='ltr'>Laurencius</span> <span class='ocrx_word' id='word_1_153' title='bbox 1467 999 1562 1031; x_wconf 80' lang='lat' dir='ltr'>Prior</span> <span class='ocrx_word' id='word_1_154' title='bbox 1576 1000 1710 1040; x_wconf 88' lang='lat' dir='ltr'>publice</span> <span class='ocrx_word' id='word_1_155' title='bbox 1728 1002 1759 1031; x_wconf 92' lang='lat' dir='ltr'>et</span> <span class='ocrx_word' id='word_1_156' title='bbox 1774 1001 1917 1041; x_wconf 79' lang='lat' dir='ltr'>inteligi-</span> 
     </span>
     <span class='ocr_line' id='line_1_15' title="bbox 104 1061 1914 1103; baseline 0.001 -11"><span class='ocrx_word' id='word_1_157' title='bbox 104 1061 159 1092; x_wconf 87' lang='lat' dir='ltr'>bili</span> <span class='ocrx_word' id='word_1_158' title='bbox 180 1070 261 1092; x_wconf 88' lang='lat' dir='ltr'>voce</span> <span class='ocrx_word' id='word_1_159' title='bbox 280 1061 375 1097; x_wconf 83' lang='lat' dir='ltr'>dixit,</span> <span class='ocrx_word' id='word_1_160' title='bbox 394 1061 564 1100; x_wconf 82' lang='lat' dir='ltr'>exposuit,</span> <span class='ocrx_word' id='word_1_161' title='bbox 584 1061 767 1100; x_wconf 87' lang='lat' dir='ltr'>propoxuit</span> <span class='ocrx_word' id='word_1_162' title='bbox 785 1062 815 1092; x_wconf 89' lang='lat' dir='ltr'>et</span> <span class='ocrx_word' id='word_1_163' title='bbox 834 1061 1047 1101; x_wconf 83' lang='lat' dir='ltr'>significavit,</span> <span class='ocrx_word' id='word_1_164' title='bbox 1066 1070 1104 1092; x_wconf 86' lang='lat' dir='ltr'>ac</span> <span class='ocrx_word' id='word_1_165' title='bbox 1121 1061 1212 1098; x_wconf 88' lang='lat' dir='ltr'>dicit,</span> <span class='ocrx_word' id='word_1_166' title='bbox 1231 1062 1380 1102; x_wconf 85' lang='lat' dir='ltr'>exponit,</span> <span class='ocrx_word' id='word_1_167' title='bbox 1400 1063 1568 1102; x_wconf 84' lang='lat' dir='ltr'>proponit,</span> <span class='ocrx_word' id='word_1_168' title='bbox 1584 1064 1613 1094; x_wconf 92' lang='lat' dir='ltr'>et</span> <span class='ocrx_word' id='word_1_169' title='bbox 1629 1063 1807 1103; x_wconf 83' lang='lat' dir='ltr'>significat,</span> <span class='ocrx_word' id='word_1_170' title='bbox 1823 1063 1914 1103; x_wconf 78' lang='lat' dir='ltr'>quod</span> 
     </span>
     <span class='ocr_line' id='line_1_16' title="bbox 104 1120 1916 1165; baseline 0.001 -11"><span class='ocrx_word' id='word_1_171' title='bbox 104 1122 300 1163; x_wconf 88' lang='lat' dir='ltr'>spectabilis</span> <span class='ocrx_word' id='word_1_172' title='bbox 318 1122 476 1153; x_wconf 86' lang='lat' dir='ltr'>dominus</span> <span class='ocrx_word' id='word_1_173' title='bbox 492 1121 702 1163; x_wconf 80' lang='lat' dir='ltr'>Augustinus</span> <span class='ocrx_word' id='word_1_174' title='bbox 717 1123 758 1154; x_wconf 89' lang='lat' dir='ltr'>de</span> <span class='ocrx_word' id='word_1_175' title='bbox 774 1121 974 1154; x_wconf 84' lang='lat' dir='ltr'>Sclafenatis</span> <span class='ocrx_word' id='word_1_176' title='bbox 988 1120 1039 1162; x_wconf 89' lang='grc'>(2)</span> <span class='ocrx_word' id='word_1_177' title='bbox 1053 1123 1141 1155; x_wconf 91' lang='lat' dir='ltr'>filius</span> <span class='ocrx_word' id='word_1_178' title='bbox 1159 1123 1329 1163; x_wconf 85' lang='lat' dir='ltr'>quondam</span> <span class='ocrx_word' id='word_1_179' title='bbox 1348 1124 1473 1155; x_wconf 89' lang='lat' dir='ltr'>domini</span> <span class='ocrx_word' id='word_1_180' title='bbox 1494 1123 1608 1156; x_wconf 90' lang='lat' dir='ltr'>Uberti</span> <span class='ocrx_word' id='word_1_181' title='bbox 1627 1125 1712 1156; x_wconf 89' lang='lat' dir='ltr'>civis</span> <span class='ocrx_word' id='word_1_182' title='bbox 1731 1125 1916 1165; x_wconf 83' lang='lat' dir='ltr'>papiensis,</span> 
     </span>
     <span class='ocr_line' id='line_1_17' title="bbox 104 1184 1918 1227; baseline 0.002 -12"><span class='ocrx_word' id='word_1_183' title='bbox 104 1193 166 1216; x_wconf 86' lang='lat' dir='ltr'>suo</span> <span class='ocrx_word' id='word_1_184' title='bbox 192 1186 222 1216; x_wconf 90' lang='lat' dir='ltr'>et</span> <span class='ocrx_word' id='word_1_185' title='bbox 248 1185 381 1216; x_wconf 88' lang='lat' dir='ltr'>nomine</span> <span class='ocrx_word' id='word_1_186' title='bbox 417 1184 572 1215; x_wconf 92' lang='lat' dir='ltr'>filliorum</span> <span class='ocrx_word' id='word_1_187' title='bbox 599 1186 629 1215; x_wconf 88' lang='lat' dir='ltr'>et</span> <span class='ocrx_word' id='word_1_188' title='bbox 656 1193 891 1216; x_wconf 88' lang='lat' dir='ltr'>successorum</span> <span class='ocrx_word' id='word_1_189' title='bbox 930 1194 1066 1216; x_wconf 88' lang='lat' dir='ltr'>suorum</span> <span class='ocrx_word' id='word_1_190' title='bbox 1094 1188 1123 1217; x_wconf 90' lang='lat' dir='ltr'>et</span> <span class='ocrx_word' id='word_1_191' title='bbox 1150 1185 1292 1223; x_wconf 89' lang='lat' dir='ltr'>illorum,</span> <span class='ocrx_word' id='word_1_192' title='bbox 1318 1186 1362 1217; x_wconf 91' lang='lat' dir='ltr'>ob</span> <span class='ocrx_word' id='word_1_193' title='bbox 1387 1186 1608 1218; x_wconf 89' lang='lat' dir='ltr'>devocionem</span> <span class='ocrx_word' id='word_1_194' title='bbox 1646 1196 1746 1227; x_wconf 83' lang='lat' dir='ltr'>quam</span> <span class='ocrx_word' id='word_1_195' title='bbox 1786 1196 1918 1227; x_wconf 83' lang='lat' dir='ltr'>semper</span> 
     </span>
     <span class='ocr_line' id='line_1_18' title="bbox 104 1247 1915 1288; baseline 0.002 -10"><span class='ocrx_word' id='word_1_196' title='bbox 104 1248 210 1288; x_wconf 87' lang='lat' dir='ltr'>gessit</span> <span class='ocrx_word' id='word_1_197' title='bbox 235 1249 265 1278; x_wconf 89' lang='lat' dir='ltr'>et</span> <span class='ocrx_word' id='word_1_198' title='bbox 291 1247 373 1288; x_wconf 87' lang='lat' dir='ltr'>gerit</span> <span class='ocrx_word' id='word_1_199' title='bbox 399 1247 440 1278; x_wconf 90' lang='lat' dir='ltr'>ad</span> <span class='ocrx_word' id='word_1_200' title='bbox 468 1247 575 1287; x_wconf 83' lang='lat' dir='ltr'>ipsam</span> <span class='ocrx_word' id='word_1_201' title='bbox 603 1247 780 1278; x_wconf 89' lang='lat' dir='ltr'>ecclesiam</span> <span class='ocrx_word' id='word_1_202' title='bbox 807 1247 1000 1287; x_wconf 81' lang='lat' dir='ltr'>dictumque</span> <span class='ocrx_word' id='word_1_203' title='bbox 1026 1249 1228 1279; x_wconf 91' lang='lat' dir='ltr'>conventum</span> <span class='ocrx_word' id='word_1_204' title='bbox 1255 1249 1285 1279; x_wconf 93' lang='lat' dir='ltr'>et</span> <span class='ocrx_word' id='word_1_205' title='bbox 1304 1257 1364 1288; x_wconf 91' lang='lat' dir='ltr'>pro</span> <span class='ocrx_word' id='word_1_206' title='bbox 1389 1248 1498 1280; x_wconf 91' lang='lat' dir='ltr'>salute</span> <span class='ocrx_word' id='word_1_207' title='bbox 1531 1249 1640 1280; x_wconf 87' lang='lat' dir='ltr'>anime</span> <span class='ocrx_word' id='word_1_208' title='bbox 1679 1258 1748 1285; x_wconf 84' lang='lat' dir='ltr'>sue,</span> <span class='ocrx_word' id='word_1_209' title='bbox 1776 1252 1807 1280; x_wconf 90' lang='lat' dir='ltr'>et</span> <span class='ocrx_word' id='word_1_210' title='bbox 1832 1249 1915 1281; x_wconf 90' lang='lat' dir='ltr'>alias</span> 
     </span>
     <span class='ocr_line' id='line_1_19' title="bbox 104 1309 1916 1351; baseline 0.002 -11"><span class='ocrx_word' id='word_1_211' title='bbox 104 1309 193 1340; x_wconf 90' lang='lat' dir='ltr'>omni</span> <span class='ocrx_word' id='word_1_212' title='bbox 220 1309 300 1347; x_wconf 92' lang='lat' dir='ltr'>iure,</span> <span class='ocrx_word' id='word_1_213' title='bbox 328 1310 392 1347; x_wconf 90' lang='lat' dir='ltr'>via,</span> <span class='ocrx_word' id='word_1_214' title='bbox 419 1309 529 1346; x_wconf 84' lang='lat' dir='ltr'>modo,</span> <span class='ocrx_word' id='word_1_215' title='bbox 556 1318 660 1340; x_wconf 87' lang='lat' dir='ltr'>causa</span> <span class='ocrx_word' id='word_1_216' title='bbox 679 1311 709 1340; x_wconf 91' lang='lat' dir='ltr'>et</span> <span class='ocrx_word' id='word_1_217' title='bbox 727 1309 833 1340; x_wconf 90' lang='lat' dir='ltr'>forma</span> <span class='ocrx_word' id='word_1_218' title='bbox 858 1309 983 1349; x_wconf 81' lang='lat' dir='ltr'>quibus</span> <span class='ocrx_word' id='word_1_219' title='bbox 1010 1310 1130 1341; x_wconf 89' lang='lat' dir='ltr'>melius</span> <span class='ocrx_word' id='word_1_220' title='bbox 1156 1311 1276 1350; x_wconf 89' lang='lat' dir='ltr'>potest,</span> <span class='ocrx_word' id='word_1_221' title='bbox 1303 1311 1431 1351; x_wconf 89' lang='lat' dir='ltr'>appetit</span> <span class='ocrx_word' id='word_1_222' title='bbox 1450 1312 1598 1342; x_wconf 88' lang='lat' dir='ltr'>construi</span> <span class='ocrx_word' id='word_1_223' title='bbox 1617 1311 1726 1343; x_wconf 89' lang='lat' dir='ltr'>facere</span> <span class='ocrx_word' id='word_1_224' title='bbox 1744 1313 1774 1343; x_wconf 87' lang='lat' dir='ltr'>et</span> <span class='ocrx_word' id='word_1_225' title='bbox 1794 1312 1916 1343; x_wconf 84' lang='lat' dir='ltr'>habere</span> 
     </span>
     <span class='ocr_line' id='line_1_20' title="bbox 105 1371 1918 1412; baseline 0.001 -9"><span class='ocrx_word' id='word_1_226' title='bbox 105 1380 142 1403; x_wconf 88' lang='lat' dir='ltr'>ac</span> <span class='ocrx_word' id='word_1_227' title='bbox 168 1371 307 1403; x_wconf 86' lang='lat' dir='ltr'>fondare</span> <span class='ocrx_word' id='word_1_228' title='bbox 332 1373 363 1403; x_wconf 91' lang='lat' dir='ltr'>et</span> <span class='ocrx_word' id='word_1_229' title='bbox 389 1380 447 1403; x_wconf 87' lang='lat' dir='ltr'>seu</span> <span class='ocrx_word' id='word_1_230' title='bbox 475 1371 605 1403; x_wconf 87' lang='lat' dir='ltr'>fondari</span> <span class='ocrx_word' id='word_1_231' title='bbox 632 1371 739 1403; x_wconf 92' lang='lat' dir='ltr'>facere</span> <span class='ocrx_word' id='word_1_232' title='bbox 766 1372 928 1412; x_wconf 87' lang='lat' dir='ltr'>capellam</span> <span class='ocrx_word' id='word_1_233' title='bbox 957 1381 1054 1403; x_wconf 89' lang='lat' dir='ltr'>unam</span> <span class='ocrx_word' id='word_1_234' title='bbox 1083 1373 1112 1403; x_wconf 93' lang='lat' dir='ltr'>in</span> <span class='ocrx_word' id='word_1_235' title='bbox 1140 1372 1227 1404; x_wconf 90' lang='lat' dir='ltr'>dicta</span> <span class='ocrx_word' id='word_1_236' title='bbox 1253 1373 1407 1411; x_wconf 89' lang='lat' dir='ltr'>ecclesia,</span> <span class='ocrx_word' id='word_1_237' title='bbox 1433 1382 1451 1405; x_wconf 90' lang='lat' dir='ltr'>a</span> <span class='ocrx_word' id='word_1_238' title='bbox 1478 1374 1600 1405; x_wconf 87' lang='lat' dir='ltr'>destris</span> <span class='ocrx_word' id='word_1_239' title='bbox 1627 1374 1781 1405; x_wconf 86' lang='lat' dir='ltr'>intrando</span> <span class='ocrx_word' id='word_1_240' title='bbox 1799 1374 1840 1405; x_wconf 90' lang='lat' dir='ltr'>ad</span> <span class='ocrx_word' id='word_1_241' title='bbox 1860 1383 1918 1405; x_wconf 90' lang='lat' dir='ltr'>an-</span> 
     </span>
     <span class='ocr_line' id='line_1_21' title="bbox 105 1433 1914 1476; baseline 0.002 -12"><span class='ocrx_word' id='word_1_242' title='bbox 105 1434 231 1474; x_wconf 88' lang='lat' dir='ltr'>gullum</span> <span class='ocrx_word' id='word_1_243' title='bbox 259 1434 367 1474; x_wconf 88' lang='lat' dir='ltr'>ipsius</span> <span class='ocrx_word' id='word_1_244' title='bbox 393 1433 537 1465; x_wconf 88' lang='lat' dir='ltr'>ecclesie</span> <span class='ocrx_word' id='word_1_245' title='bbox 564 1434 824 1474; x_wconf 87' lang='lat' dir='ltr'>respondentem</span> <span class='ocrx_word' id='word_1_246' title='bbox 850 1436 915 1465; x_wconf 89' lang='lat' dir='ltr'>tam</span> <span class='ocrx_word' id='word_1_247' title='bbox 942 1434 983 1465; x_wconf 86' lang='lat' dir='ltr'>ad</span> <span class='ocrx_word' id='word_1_248' title='bbox 1011 1434 1154 1474; x_wconf 85' lang='lat' dir='ltr'>plateam</span> <span class='ocrx_word' id='word_1_249' title='bbox 1181 1435 1269 1466; x_wconf 88' lang='lat' dir='ltr'>dicte</span> <span class='ocrx_word' id='word_1_250' title='bbox 1296 1435 1449 1473; x_wconf 86' lang='lat' dir='ltr'>ecclesie,</span> <span class='ocrx_word' id='word_1_251' title='bbox 1476 1444 1576 1475; x_wconf 86' lang='lat' dir='ltr'>quam</span> <span class='ocrx_word' id='word_1_252' title='bbox 1603 1436 1645 1467; x_wconf 90' lang='lat' dir='ltr'>ad</span> <span class='ocrx_word' id='word_1_253' title='bbox 1672 1438 1778 1467; x_wconf 87' lang='lat' dir='ltr'>ortum</span> <span class='ocrx_word' id='word_1_254' title='bbox 1806 1437 1914 1476; x_wconf 90' lang='lat' dir='ltr'>ipsius</span> 
     </span>
     <span class='ocr_line' id='line_1_22' title="bbox 104 1496 1916 1538; baseline 0.002 -12"><span class='ocrx_word' id='word_1_255' title='bbox 104 1496 257 1533; x_wconf 85' lang='lat' dir='ltr'>ecclesie,</span> <span class='ocrx_word' id='word_1_256' title='bbox 285 1496 339 1526; x_wconf 96' lang='lat' dir='ltr'>ubi</span> <span class='ocrx_word' id='word_1_257' title='bbox 367 1505 454 1527; x_wconf 93' lang='lat' dir='ltr'>nunc</span> <span class='ocrx_word' id='word_1_258' title='bbox 481 1498 531 1527; x_wconf 88' lang='lat' dir='ltr'>est</span> <span class='ocrx_word' id='word_1_259' title='bbox 557 1497 663 1536; x_wconf 85' lang='lat' dir='ltr'>figura</span> <span class='ocrx_word' id='word_1_260' title='bbox 689 1505 748 1527; x_wconf 89' lang='lat' dir='ltr'>seu</span> <span class='ocrx_word' id='word_1_261' title='bbox 785 1496 895 1536; x_wconf 83' lang='lat' dir='ltr'>imago</span> <span class='ocrx_word' id='word_1_262' title='bbox 921 1496 1035 1527; x_wconf 89' lang='lat' dir='ltr'>altaris</span> <span class='ocrx_word' id='word_1_263' title='bbox 1063 1496 1163 1536; x_wconf 85' lang='lat' dir='ltr'>lignei</span> <span class='ocrx_word' id='word_1_264' title='bbox 1191 1497 1254 1528; x_wconf 86' lang='lat' dir='ltr'>sub</span> <span class='ocrx_word' id='word_1_265' title='bbox 1280 1497 1385 1537; x_wconf 87' lang='lat' dir='ltr'>figura</span> <span class='ocrx_word' id='word_1_266' title='bbox 1412 1500 1528 1529; x_wconf 89' lang='lat' dir='ltr'>sancte</span> <span class='ocrx_word' id='word_1_267' title='bbox 1555 1497 1715 1537; x_wconf 85' lang='lat' dir='ltr'>Elisabet;</span> <span class='ocrx_word' id='word_1_268' title='bbox 1735 1508 1835 1538; x_wconf 80' lang='lat' dir='ltr'>quam</span> <span class='ocrx_word' id='word_1_269' title='bbox 1862 1508 1916 1530; x_wconf 91' lang='lat' dir='ltr'>ca-</span> 
     </span>
     <span class='ocr_line' id='line_1_23' title="bbox 107 1558 1917 1601; baseline 0.002 -12"><span class='ocrx_word' id='word_1_270' title='bbox 107 1558 227 1598; x_wconf 87' lang='lat' dir='ltr'>pellam</span> <span class='ocrx_word' id='word_1_271' title='bbox 254 1558 389 1589; x_wconf 80' lang='lat' dir='ltr'>doctare</span> <span class='ocrx_word' id='word_1_272' title='bbox 417 1558 497 1595; x_wconf 84' lang='lat' dir='ltr'>vult,</span> <span class='ocrx_word' id='word_1_273' title='bbox 525 1561 556 1589; x_wconf 88' lang='lat' dir='ltr'>ut</span> <span class='ocrx_word' id='word_1_274' title='bbox 583 1558 727 1589; x_wconf 88' lang='lat' dir='ltr'>asseruit</span> <span class='ocrx_word' id='word_1_275' title='bbox 753 1560 783 1589; x_wconf 89' lang='lat' dir='ltr'>et</span> <span class='ocrx_word' id='word_1_276' title='bbox 809 1559 940 1596; x_wconf 87' lang='lat' dir='ltr'>asserit,</span> <span class='ocrx_word' id='word_1_277' title='bbox 967 1558 1058 1589; x_wconf 89' lang='lat' dir='ltr'>iuxta</span> <span class='ocrx_word' id='word_1_278' title='bbox 1086 1559 1291 1590; x_wconf 83' lang='lat' dir='ltr'>voluntatem</span> <span class='ocrx_word' id='word_1_279' title='bbox 1311 1561 1342 1590; x_wconf 89' lang='lat' dir='ltr'>et</span> <span class='ocrx_word' id='word_1_280' title='bbox 1360 1562 1459 1599; x_wconf 91' lang='lat' dir='ltr'>prout</span> <span class='ocrx_word' id='word_1_281' title='bbox 1477 1560 1540 1591; x_wconf 91' lang='lat' dir='ltr'>sibi</span> <span class='ocrx_word' id='word_1_282' title='bbox 1557 1561 1726 1592; x_wconf 88' lang='lat' dir='ltr'>videbitur</span> <span class='ocrx_word' id='word_1_283' title='bbox 1744 1570 1804 1601; x_wconf 89' lang='lat' dir='ltr'>pro</span> <span class='ocrx_word' id='word_1_284' title='bbox 1823 1561 1917 1592; x_wconf 90' lang='lat' dir='ltr'>libito</span> 
     </span>
     <span class='ocr_line' id='line_1_24' title="bbox 107 1619 1917 1663; baseline 0.002 -13"><span class='ocrx_word' id='word_1_285' title='bbox 107 1619 288 1650; x_wconf 85' lang='lat' dir='ltr'>voluntatis</span> <span class='ocrx_word' id='word_1_286' title='bbox 315 1620 423 1659; x_wconf 87' lang='lat' dir='ltr'>ipsius</span> <span class='ocrx_word' id='word_1_287' title='bbox 449 1620 574 1650; x_wconf 88' lang='lat' dir='ltr'>domini</span> <span class='ocrx_word' id='word_1_288' title='bbox 602 1619 793 1660; x_wconf 79' lang='lat' dir='ltr'>Augustini.</span> <span class='ocrx_word' id='word_1_289' title='bbox 820 1619 858 1651; x_wconf 82' lang='lat' dir='ltr'>Et</span> <span class='ocrx_word' id='word_1_290' title='bbox 884 1620 1067 1660; x_wconf 86' lang='lat' dir='ltr'>requixivit</span> <span class='ocrx_word' id='word_1_291' title='bbox 1092 1621 1217 1652; x_wconf 90' lang='lat' dir='ltr'>dictum</span> <span class='ocrx_word' id='word_1_292' title='bbox 1237 1621 1346 1652; x_wconf 90' lang='lat' dir='ltr'>locum</span> <span class='ocrx_word' id='word_1_293' title='bbox 1365 1622 1429 1652; x_wconf 90' lang='lat' dir='ltr'>sibi</span> <span class='ocrx_word' id='word_1_294' title='bbox 1449 1622 1615 1662; x_wconf 85' lang='lat' dir='ltr'>assignari</span> <span class='ocrx_word' id='word_1_295' title='bbox 1636 1632 1696 1663; x_wconf 82' lang='lat' dir='ltr'>pro</span> <span class='ocrx_word' id='word_1_296' title='bbox 1715 1623 1788 1663; x_wconf 89' lang='lat' dir='ltr'>ipsa</span> <span class='ocrx_word' id='word_1_297' title='bbox 1807 1624 1917 1655; x_wconf 86' lang='lat' dir='ltr'>fienda</span> 
     </span>
     <span class='ocr_line' id='line_1_25' title="bbox 107 1682 1918 1725; baseline 0.002 -12"><span class='ocrx_word' id='word_1_298' title='bbox 107 1682 246 1722; x_wconf 87' lang='lat' dir='ltr'>capella,</span> <span class='ocrx_word' id='word_1_299' title='bbox 273 1682 315 1712; x_wconf 85' lang='lat' dir='ltr'>ita</span> <span class='ocrx_word' id='word_1_300' title='bbox 344 1684 375 1713; x_wconf 92' lang='lat' dir='ltr'>ut</span> <span class='ocrx_word' id='word_1_301' title='bbox 403 1691 517 1713; x_wconf 89' lang='lat' dir='ltr'>murus</span> <span class='ocrx_word' id='word_1_302' title='bbox 542 1682 629 1713; x_wconf 89' lang='lat' dir='ltr'>dicte</span> <span class='ocrx_word' id='word_1_303' title='bbox 655 1682 809 1719; x_wconf 86' lang='lat' dir='ltr'>ecclesie,</span> <span class='ocrx_word' id='word_1_304' title='bbox 826 1683 880 1713; x_wconf 92' lang='lat' dir='ltr'>ubi</span> <span class='ocrx_word' id='word_1_305' title='bbox 908 1684 958 1714; x_wconf 92' lang='lat' dir='ltr'>est</span> <span class='ocrx_word' id='word_1_306' title='bbox 983 1683 1093 1723; x_wconf 88' lang='lat' dir='ltr'>posita</span> <span class='ocrx_word' id='word_1_307' title='bbox 1119 1683 1224 1724; x_wconf 83' lang='lat' dir='ltr'>figura</span> <span class='ocrx_word' id='word_1_308' title='bbox 1251 1684 1329 1715; x_wconf 90' lang='lat' dir='ltr'>dicti</span> <span class='ocrx_word' id='word_1_309' title='bbox 1356 1684 1470 1715; x_wconf 89' lang='lat' dir='ltr'>altaris</span> <span class='ocrx_word' id='word_1_310' title='bbox 1497 1684 1607 1725; x_wconf 86' lang='lat' dir='ltr'>lignei,</span> <span class='ocrx_word' id='word_1_311' title='bbox 1623 1687 1794 1725; x_wconf 89' lang='lat' dir='ltr'>rumpatur</span> <span class='ocrx_word' id='word_1_312' title='bbox 1812 1688 1842 1717; x_wconf 90' lang='lat' dir='ltr'>et</span> <span class='ocrx_word' id='word_1_313' title='bbox 1860 1686 1918 1717; x_wconf 90' lang='lat' dir='ltr'>de-</span> 
     </span>
     <span class='ocr_line' id='line_1_26' title="bbox 105 1744 1917 1788; baseline 0.003 -14"><span class='ocrx_word' id='word_1_314' title='bbox 105 1746 261 1781; x_wconf 86' lang='lat' dir='ltr'>struatur,</span> <span class='ocrx_word' id='word_1_315' title='bbox 286 1744 327 1774; x_wconf 90' lang='lat' dir='ltr'>ad</span> <span class='ocrx_word' id='word_1_316' title='bbox 356 1744 417 1775; x_wconf 85' lang='lat' dir='ltr'>lioc</span> <span class='ocrx_word' id='word_1_317' title='bbox 444 1753 482 1775; x_wconf 94' lang='lat' dir='ltr'>uc</span> <span class='ocrx_word' id='word_1_318' title='bbox 509 1744 565 1775; x_wconf 90' lang='lat' dir='ltr'>fiat</span> <span class='ocrx_word' id='word_1_319' title='bbox 590 1746 621 1775; x_wconf 89' lang='lat' dir='ltr'>et</span> <span class='ocrx_word' id='word_1_320' title='bbox 647 1744 715 1775; x_wconf 91' lang='lat' dir='ltr'>fieri</span> <span class='ocrx_word' id='word_1_321' title='bbox 742 1745 851 1784; x_wconf 87' lang='lat' dir='ltr'>possit</span> <span class='ocrx_word' id='word_1_322' title='bbox 878 1745 967 1776; x_wconf 90' lang='lat' dir='ltr'>volta</span> <span class='ocrx_word' id='word_1_323' title='bbox 994 1754 1058 1776; x_wconf 89' lang='lat' dir='ltr'>una</span> <span class='ocrx_word' id='word_1_324' title='bbox 1085 1746 1115 1776; x_wconf 89' lang='lat' dir='ltr'>in</span> <span class='ocrx_word' id='word_1_325' title='bbox 1144 1746 1218 1786; x_wconf 92' lang='lat' dir='ltr'>ipso</span> <span class='ocrx_word' id='word_1_326' title='bbox 1245 1755 1349 1784; x_wconf 91' lang='lat' dir='ltr'>muro,</span> <span class='ocrx_word' id='word_1_327' title='bbox 1375 1755 1435 1786; x_wconf 92' lang='lat' dir='ltr'>per</span> <span class='ocrx_word' id='word_1_328' title='bbox 1459 1755 1559 1787; x_wconf 84' lang='lat' dir='ltr'>quam</span> <span class='ocrx_word' id='word_1_329' title='bbox 1586 1747 1697 1778; x_wconf 92' lang='lat' dir='ltr'>intrari</span> <span class='ocrx_word' id='word_1_330' title='bbox 1718 1748 1826 1787; x_wconf 87' lang='lat' dir='ltr'>possit</span> <span class='ocrx_word' id='word_1_331' title='bbox 1845 1748 1917 1788; x_wconf 90' lang='lat' dir='ltr'>ipsa</span> 
     </span>
     <span class='ocr_line' id='line_1_27' title="bbox 105 1805 1916 1850; baseline 0.003 -15"><span class='ocrx_word' id='word_1_332' title='bbox 105 1805 233 1845; x_wconf 90' lang='lat' dir='ltr'>capella</span> <span class='ocrx_word' id='word_1_333' title='bbox 259 1807 290 1836; x_wconf 92' lang='lat' dir='ltr'>et</span> <span class='ocrx_word' id='word_1_334' title='bbox 315 1806 374 1836; x_wconf 86' lang='lat' dir='ltr'>iter</span> <span class='ocrx_word' id='word_1_335' title='bbox 401 1806 514 1837; x_wconf 82' lang='lat' dir='ltr'>haberi</span> <span class='ocrx_word' id='word_1_336' title='bbox 541 1806 581 1836; x_wconf 86' lang='lat' dir='ltr'>ad</span> <span class='ocrx_word' id='word_1_337' title='bbox 610 1806 716 1846; x_wconf 90' lang='lat' dir='ltr'>ipsam</span> <span class='ocrx_word' id='word_1_338' title='bbox 743 1806 928 1846; x_wconf 86' lang='lat' dir='ltr'>capellam:</span> <span class='ocrx_word' id='word_1_339' title='bbox 956 1806 994 1838; x_wconf 83' lang='lat' dir='ltr'>Et</span> <span class='ocrx_word' id='word_1_340' title='bbox 1019 1807 1109 1847; x_wconf 86' lang='lat' dir='ltr'>quod</span> <span class='ocrx_word' id='word_1_341' title='bbox 1137 1808 1210 1848; x_wconf 89' lang='lat' dir='ltr'>ipsa</span> <span class='ocrx_word' id='word_1_342' title='bbox 1236 1808 1364 1848; x_wconf 87' lang='lat' dir='ltr'>capella</span> <span class='ocrx_word' id='word_1_343' title='bbox 1382 1808 1438 1840; x_wconf 88' lang='lat' dir='ltr'>fiat</span> <span class='ocrx_word' id='word_1_344' title='bbox 1456 1811 1486 1840; x_wconf 85' lang='lat' dir='ltr'>et</span> <span class='ocrx_word' id='word_1_345' title='bbox 1504 1808 1660 1840; x_wconf 89' lang='lat' dir='ltr'>fondetur</span> <span class='ocrx_word' id='word_1_346' title='bbox 1686 1809 1768 1840; x_wconf 90' lang='lat' dir='ltr'>ultra</span> <span class='ocrx_word' id='word_1_347' title='bbox 1807 1810 1916 1850; x_wconf 89' lang='lat' dir='ltr'>ipsum</span> 
     </span>
     <span class='ocr_line' id='line_1_28' title="bbox 105 1868 1916 1911; baseline 0.003 -13"><span class='ocrx_word' id='word_1_348' title='bbox 105 1876 244 1905; x_wconf 89' lang='lat' dir='ltr'>murum,</span> <span class='ocrx_word' id='word_1_349' title='bbox 271 1868 379 1908; x_wconf 89' lang='lat' dir='ltr'>ipsam</span> <span class='ocrx_word' id='word_1_350' title='bbox 406 1868 592 1909; x_wconf 86' lang='lat' dir='ltr'>porigendo</span> <span class='ocrx_word' id='word_1_351' title='bbox 618 1870 648 1899; x_wconf 91' lang='lat' dir='ltr'>et</span> <span class='ocrx_word' id='word_1_352' title='bbox 675 1869 845 1900; x_wconf 85' lang='lat' dir='ltr'>hedificari</span> <span class='ocrx_word' id='word_1_353' title='bbox 885 1868 1040 1900; x_wconf 86' lang='lat' dir='ltr'>faciendo</span> <span class='ocrx_word' id='word_1_354' title='bbox 1066 1870 1107 1901; x_wconf 86' lang='lat' dir='ltr'>ad</span> <span class='ocrx_word' id='word_1_355' title='bbox 1135 1870 1244 1910; x_wconf 85' lang='lat' dir='ltr'>ipsum</span> <span class='ocrx_word' id='word_1_356' title='bbox 1283 1870 1454 1911; x_wconf 86' lang='lat' dir='ltr'>angullum</span> <span class='ocrx_word' id='word_1_357' title='bbox 1482 1871 1512 1902; x_wconf 90' lang='lat' dir='ltr'>in</span> <span class='ocrx_word' id='word_1_358' title='bbox 1539 1871 1628 1903; x_wconf 90' lang='lat' dir='ltr'>dicto</span> <span class='ocrx_word' id='word_1_359' title='bbox 1665 1874 1747 1910; x_wconf 87' lang='lat' dir='ltr'>orto,</span> <span class='ocrx_word' id='word_1_360' title='bbox 1785 1882 1859 1904; x_wconf 92' lang='lat' dir='ltr'>cum</span> <span class='ocrx_word' id='word_1_361' title='bbox 1886 1875 1916 1904; x_wconf 92' lang='lat' dir='ltr'>et</span> 
     </span>
     <span class='ocr_line' id='line_1_29' title="bbox 104 1929 1227 1971; baseline 0.003 -11"><span class='ocrx_word' id='word_1_362' title='bbox 104 1929 168 1960; x_wconf 90' lang='lat' dir='ltr'>sub</span> <span class='ocrx_word' id='word_1_363' title='bbox 194 1930 301 1969; x_wconf 86' lang='lat' dir='ltr'>pactis</span> <span class='ocrx_word' id='word_1_364' title='bbox 327 1931 357 1961; x_wconf 90' lang='lat' dir='ltr'>et</span> <span class='ocrx_word' id='word_1_365' title='bbox 383 1930 684 1968; x_wconf 89' lang='lat' dir='ltr'>convencionibus,</span> <span class='ocrx_word' id='word_1_366' title='bbox 711 1931 751 1962; x_wconf 90' lang='lat' dir='ltr'>de</span> <span class='ocrx_word' id='word_1_367' title='bbox 778 1931 903 1971; x_wconf 84' lang='lat' dir='ltr'>quibus</span> <span class='ocrx_word' id='word_1_368' title='bbox 930 1931 1023 1969; x_wconf 89' lang='lat' dir='ltr'>infra,</span> <span class='ocrx_word' id='word_1_369' title='bbox 1050 1932 1227 1964; x_wconf 86' lang='lat' dir='ltr'>videlicet:</span> 
     </span>
    </p>

    <p class='ocr_par' dir='ltr' id='par_1_4' title="bbox 105 1990 1917 2589">
     <span class='ocr_line' id='line_1_30' title="bbox 194 1990 1909 2037; baseline 0.003 -15"><span class='ocrx_word' id='word_1_370' title='bbox 194 1990 315 2029; x_wconf 81' lang='lat' dir='ltr'>Primo,</span> <span class='ocrx_word' id='word_1_371' title='bbox 352 1992 442 2032; x_wconf 80' lang='lat' dir='ltr'>quod</span> <span class='ocrx_word' id='word_1_372' title='bbox 480 1992 568 2023; x_wconf 90' lang='lat' dir='ltr'>dicta</span> <span class='ocrx_word' id='word_1_373' title='bbox 605 1993 748 2024; x_wconf 90' lang='lat' dir='ltr'>ecclesia</span> <span class='ocrx_word' id='word_1_374' title='bbox 774 1995 804 2024; x_wconf 91' lang='lat' dir='ltr'>et</span> <span class='ocrx_word' id='word_1_375' title='bbox 830 1995 1017 2025; x_wconf 84' lang='lat' dir='ltr'>conventus</span> <span class='ocrx_word' id='word_1_376' title='bbox 1043 1996 1157 2026; x_wconf 90' lang='lat' dir='ltr'>sancte</span> <span class='ocrx_word' id='word_1_377' title='bbox 1185 1994 1358 2026; x_wconf 86' lang='lat' dir='ltr'>Mustiolle</span> <span class='ocrx_word' id='word_1_378' title='bbox 1395 1995 1498 2036; x_wconf 82' lang='lat' dir='ltr'>Papie</span> <span class='ocrx_word' id='word_1_379' title='bbox 1536 1998 1799 2037; x_wconf 88' lang='lat' dir='ltr'>suprascriptus,</span> <span class='ocrx_word' id='word_1_380' title='bbox 1827 1997 1909 2029; x_wconf 90' lang='lat' dir='ltr'>infra</span> 
     </span>
     <span class='ocr_line' id='line_1_31' title="bbox 105 2054 1914 2096; baseline 0.004 -13"><span class='ocrx_word' id='word_1_381' title='bbox 105 2061 239 2084; x_wconf 89' lang='lat' dir='ltr'>menses</span> <span class='ocrx_word' id='word_1_382' title='bbox 265 2055 393 2093; x_wconf 90' lang='lat' dir='ltr'>septem</span> <span class='ocrx_word' id='word_1_383' title='bbox 422 2054 615 2094; x_wconf 89' lang='lat' dir='ltr'>incepturos</span> <span class='ocrx_word' id='word_1_384' title='bbox 642 2055 748 2094; x_wconf 88' lang='lat' dir='ltr'>primo</span> <span class='ocrx_word' id='word_1_385' title='bbox 775 2055 886 2086; x_wconf 89' lang='lat' dir='ltr'>marcii</span> <span class='ocrx_word' id='word_1_386' title='bbox 914 2056 1091 2095; x_wconf 88' lang='lat' dir='ltr'>presentis,</span> <span class='ocrx_word' id='word_1_387' title='bbox 1118 2057 1271 2096; x_wconf 84' lang='lat' dir='ltr'>proxime</span> <span class='ocrx_word' id='word_1_388' title='bbox 1303 2056 1443 2095; x_wconf 84' lang='lat' dir='ltr'>futuros,</span> <span class='ocrx_word' id='word_1_389' title='bbox 1481 2059 1657 2089; x_wconf 87' lang='lat' dir='ltr'>teneantur</span> <span class='ocrx_word' id='word_1_390' title='bbox 1693 2060 1839 2090; x_wconf 88' lang='lat' dir='ltr'>construi</span> <span class='ocrx_word' id='word_1_391' title='bbox 1867 2059 1914 2091; x_wconf 89' lang='lat' dir='ltr'>fe-</span> 
     </span>
     <span class='ocr_line' id='line_1_32' title="bbox 105 2116 1915 2156; baseline 0.003 -10"><span class='ocrx_word' id='word_1_392' title='bbox 105 2116 192 2146; x_wconf 90' lang='lat' dir='ltr'>cisse</span> <span class='ocrx_word' id='word_1_393' title='bbox 219 2124 317 2147; x_wconf 88' lang='lat' dir='ltr'>unam</span> <span class='ocrx_word' id='word_1_394' title='bbox 345 2116 507 2156; x_wconf 88' lang='lat' dir='ltr'>capellam</span> <span class='ocrx_word' id='word_1_395' title='bbox 534 2116 575 2147; x_wconf 89' lang='lat' dir='ltr'>de</span> <span class='ocrx_word' id='word_1_396' title='bbox 602 2116 773 2156; x_wconf 85' lang='lat' dir='ltr'>lapidibus</span> <span class='ocrx_word' id='word_1_397' title='bbox 792 2119 822 2148; x_wconf 89' lang='lat' dir='ltr'>et</span> <span class='ocrx_word' id='word_1_398' title='bbox 840 2117 978 2149; x_wconf 80' lang='lat' dir='ltr'>calcina.</span> <span class='ocrx_word' id='word_1_399' title='bbox 1005 2127 1079 2149; x_wconf 86' lang='lat' dir='ltr'>curn</span> <span class='ocrx_word' id='word_1_400' title='bbox 1106 2119 1269 2156; x_wconf 89' lang='lat' dir='ltr'>croxeria,</span> <span class='ocrx_word' id='word_1_401' title='bbox 1288 2120 1352 2150; x_wconf 92' lang='lat' dir='ltr'>sub</span> <span class='ocrx_word' id='word_1_402' title='bbox 1372 2120 1539 2151; x_wconf 88' lang='lat' dir='ltr'>vocabulo</span> <span class='ocrx_word' id='word_1_403' title='bbox 1558 2123 1748 2152; x_wconf 87' lang='lat' dir='ltr'>sanctorum</span> <span class='ocrx_word' id='word_1_404' title='bbox 1768 2121 1915 2153; x_wconf 84' lang='lat' dir='ltr'>Elisabet</span> 
     </span>
     <span class='ocr_line' id='line_1_33' title="bbox 105 2175 1914 2221; baseline 0.004 -14"><span class='ocrx_word' id='word_1_405' title='bbox 105 2179 135 2208; x_wconf 89' lang='lat' dir='ltr'>et</span> <span class='ocrx_word' id='word_1_406' title='bbox 161 2176 294 2208; x_wconf 89' lang='lat' dir='ltr'>Antonii</span> <span class='ocrx_word' id='word_1_407' title='bbox 323 2178 495 2209; x_wconf 89' lang='lat' dir='ltr'>vianensis</span> <span class='ocrx_word' id='word_1_408' title='bbox 514 2175 574 2217; x_wconf 84' lang='lat'>(3),</span> <span class='ocrx_word' id='word_1_409' title='bbox 601 2178 631 2208; x_wconf 93' lang='lat' dir='ltr'>in</span> <span class='ocrx_word' id='word_1_410' title='bbox 659 2179 821 2210; x_wconf 88' lang='lat' dir='ltr'>cimiterio</span> <span class='ocrx_word' id='word_1_411' title='bbox 848 2179 956 2219; x_wconf 89' lang='lat' dir='ltr'>ipsius</span> <span class='ocrx_word' id='word_1_412' title='bbox 971 2180 1114 2211; x_wconf 90' lang='lat' dir='ltr'>ecclesie</span> <span class='ocrx_word' id='word_1_413' title='bbox 1140 2180 1181 2211; x_wconf 91' lang='lat' dir='ltr'>ad</span> <span class='ocrx_word' id='word_1_414' title='bbox 1209 2181 1432 2221; x_wconf 88' lang='lat' dir='ltr'>introytum....</span> <span class='ocrx_word' id='word_1_415' title='bbox 1452 2182 1571 2213; x_wconf 88' lang='lat' dir='ltr'>dextra</span> <span class='ocrx_word' id='word_1_416' title='bbox 1590 2183 1741 2214; x_wconf 88' lang='lat' dir='ltr'>eiusdem</span> <span class='ocrx_word' id='word_1_417' title='bbox 1760 2183 1914 2221; x_wconf 87' lang='lat' dir='ltr'>ecclesie,</span> 
     </span>
     <span class='ocr_line' id='line_1_34' title="bbox 107 2239 1917 2284; baseline 0.004 -15"><span class='ocrx_word' id='word_1_418' title='bbox 107 2239 198 2270; x_wconf 89' lang='lat' dir='ltr'>iuxta</span> <span class='ocrx_word' id='word_1_419' title='bbox 223 2241 255 2270; x_wconf 91' lang='lat' dir='ltr'>et</span> <span class='ocrx_word' id='word_1_420' title='bbox 281 2240 335 2270; x_wconf 90' lang='lat' dir='ltr'>ubi</span> <span class='ocrx_word' id='word_1_421' title='bbox 363 2249 450 2271; x_wconf 92' lang='lat' dir='ltr'>nunc</span> <span class='ocrx_word' id='word_1_422' title='bbox 477 2242 527 2271; x_wconf 91' lang='lat' dir='ltr'>est</span> <span class='ocrx_word' id='word_1_423' title='bbox 532 2265 592 2271; x_wconf 86' lang='grc'><em>......</em></span> <span class='ocrx_word' id='word_1_424' title='bbox 621 2240 775 2272; x_wconf 83' lang='lat' dir='ltr'>Elixabet</span> <span class='ocrx_word' id='word_1_425' title='bbox 802 2250 921 2272; x_wconf 89' lang='lat' dir='ltr'>versus</span> <span class='ocrx_word' id='word_1_426' title='bbox 949 2242 1130 2279; x_wconf 89' lang='lat' dir='ltr'>meridiem,</span> <span class='ocrx_word' id='word_1_427' title='bbox 1157 2242 1343 2274; x_wconf 88' lang='lat' dir='ltr'>latitudinis</span> <span class='ocrx_word' id='word_1_428' title='bbox 1362 2243 1451 2275; x_wconf 91' lang='lat' dir='ltr'>intus</span> <span class='ocrx_word' id='word_1_429' title='bbox 1478 2244 1508 2274; x_wconf 95' lang='lat' dir='ltr'>in</span> <span class='ocrx_word' id='word_1_430' title='bbox 1535 2245 1624 2275; x_wconf 90' lang='lat' dir='ltr'>omni</span> <span class='ocrx_word' id='word_1_431' title='bbox 1650 2243 1766 2283; x_wconf 87' lang='lat' dir='ltr'>(latere</span> <span class='ocrx_word' id='word_1_432' title='bbox 1782 2243 1815 2284; x_wconf 85' lang='lat'>&#39;?)</span> <span class='ocrx_word' id='word_1_433' title='bbox 1842 2246 1917 2277; x_wconf 90' lang='lat' dir='ltr'>bra—</span> 
     </span>
     <span class='ocr_line' id='line_1_35' title="bbox 105 2301 1912 2347; baseline 0.004 -16"><span class='ocrx_word' id='word_1_434' title='bbox 105 2301 254 2332; x_wconf 86' lang='lat' dir='ltr'>chiorum</span> <span class='ocrx_word' id='word_1_435' title='bbox 281 2304 407 2342; x_wconf 88' lang='lat' dir='ltr'>septem</span> <span class='ocrx_word' id='word_1_436' title='bbox 435 2302 475 2333; x_wconf 91' lang='lat' dir='ltr'>de</span> <span class='ocrx_word' id='word_1_437' title='bbox 502 2304 577 2333; x_wconf 90' lang='lat' dir='ltr'>neto</span> <span class='ocrx_word' id='word_1_438' title='bbox 603 2303 643 2334; x_wconf 89' lang='lat' dir='ltr'>ad</span> <span class='ocrx_word' id='word_1_439' title='bbox 672 2312 860 2334; x_wconf 88' lang='lat' dir='ltr'>mensuram</span> <span class='ocrx_word' id='word_1_440' title='bbox 880 2304 1088 2344; x_wconf 86' lang='lat' dir='ltr'>papiensem,</span> <span class='ocrx_word' id='word_1_441' title='bbox 1107 2306 1138 2335; x_wconf 93' lang='lat' dir='ltr'>et</span> <span class='ocrx_word' id='word_1_442' title='bbox 1156 2304 1342 2336; x_wconf 89' lang='lat' dir='ltr'>altitudinis</span> <span class='ocrx_word' id='word_1_443' title='bbox 1347 2331 1441 2337; x_wconf 89' lang='grc'>.........</span> <span class='ocrx_word' id='word_1_444' title='bbox 1469 2308 1544 2337; x_wconf 91' lang='lat' dir='ltr'>octo</span> <span class='ocrx_word' id='word_1_445' title='bbox 1571 2315 1630 2346; x_wconf 89' lang='lat' dir='ltr'>pro</span> <span class='ocrx_word' id='word_1_446' title='bbox 1656 2307 1834 2347; x_wconf 87' lang='lat' dir='ltr'>adequato,</span> <span class='ocrx_word' id='word_1_447' title='bbox 1862 2308 1912 2339; x_wconf 91' lang='lat' dir='ltr'>vel</span> 
     </span>
     <span class='ocr_line' id='line_1_36' title="bbox 107 2363 1916 2410; baseline 0.004 -16"><span class='ocrx_word' id='word_1_448' title='bbox 107 2363 218 2394; x_wconf 80' lang='lat' dir='ltr'>circha</span> <span class='ocrx_word' id='word_1_449' title='bbox 236 2363 287 2395; x_wconf 89' lang='lat' dir='ltr'>vel</span> <span class='ocrx_word' id='word_1_450' title='bbox 306 2364 382 2404; x_wconf 92' lang='lat' dir='ltr'>plus</span> <span class='ocrx_word' id='word_1_451' title='bbox 401 2365 432 2396; x_wconf 92' lang='lat' dir='ltr'>in</span> <span class='ocrx_word' id='word_1_452' title='bbox 451 2365 582 2405; x_wconf 90' lang='lat' dir='ltr'>placere</span> <span class='ocrx_word' id='word_1_453' title='bbox 601 2365 812 2396; x_wconf 85' lang='lat' dir='ltr'>dominorum</span> <span class='ocrx_word' id='word_1_454' title='bbox 832 2366 967 2397; x_wconf 80' lang='lat' dir='ltr'>fratrum</span> <span class='ocrx_word' id='word_1_455' title='bbox 987 2368 1017 2397; x_wconf 88' lang='lat' dir='ltr'>et</span> <span class='ocrx_word' id='word_1_456' title='bbox 1036 2364 1234 2398; x_wconf 88' lang='lat' dir='ltr'>Conventus</span> <span class='ocrx_word' id='word_1_457' title='bbox 1253 2367 1487 2407; x_wconf 88' lang='lat' dir='ltr'>predictorum;</span> <span class='ocrx_word' id='word_1_458' title='bbox 1506 2371 1675 2409; x_wconf 85' lang='lat' dir='ltr'>copertam</span> <span class='ocrx_word' id='word_1_459' title='bbox 1695 2369 1793 2401; x_wconf 90' lang='lat' dir='ltr'>bonis</span> <span class='ocrx_word' id='word_1_460' title='bbox 1819 2371 1916 2410; x_wconf 91' lang='lat' dir='ltr'>cupis</span> 
     </span>
     <span class='ocr_line' id='line_1_37' title="bbox 107 2424 1915 2471; baseline 0.003 -15"><span class='ocrx_word' id='word_1_461' title='bbox 107 2424 147 2455; x_wconf 85' lang='lat' dir='ltr'>ad</span> <span class='ocrx_word' id='word_1_462' title='bbox 178 2425 328 2465; x_wconf 83' lang='lat' dir='ltr'>duplum,</span> <span class='ocrx_word' id='word_1_463' title='bbox 354 2425 524 2458; x_wconf 79' lang='lat' dir='ltr'>fondatam</span> <span class='ocrx_word' id='word_1_464' title='bbox 552 2427 686 2458; x_wconf 90' lang='lat' dir='ltr'>duobus</span> <span class='ocrx_word' id='word_1_465' title='bbox 714 2427 859 2458; x_wconf 85' lang='lat' dir='ltr'>brachiis</span> <span class='ocrx_word' id='word_1_466' title='bbox 885 2437 902 2459; x_wconf 88' lang='lat' dir='ltr'>a</span> <span class='ocrx_word' id='word_1_467' title='bbox 928 2427 1014 2459; x_wconf 88' lang='lat' dir='ltr'>sollo</span> <span class='ocrx_word' id='word_1_468' title='bbox 1041 2429 1148 2468; x_wconf 88' lang='lat' dir='ltr'>ipsius</span> <span class='ocrx_word' id='word_1_469' title='bbox 1174 2429 1303 2469; x_wconf 88' lang='lat' dir='ltr'>capelle</span> <span class='ocrx_word' id='word_1_470' title='bbox 1329 2429 1422 2467; x_wconf 87' lang='lat' dir='ltr'>infra,</span> <span class='ocrx_word' id='word_1_471' title='bbox 1449 2432 1479 2461; x_wconf 90' lang='lat' dir='ltr'>et</span> <span class='ocrx_word' id='word_1_472' title='bbox 1505 2432 1632 2461; x_wconf 88' lang='lat' dir='ltr'>tanturn</span> <span class='ocrx_word' id='word_1_473' title='bbox 1652 2430 1728 2471; x_wconf 92' lang='lat' dir='ltr'>plus</span> <span class='ocrx_word' id='word_1_474' title='bbox 1754 2434 1915 2471; x_wconf 87' lang='lat' dir='ltr'>quantum</span> 
     </span>
     <span class='ocr_line' id='line_1_38' title="bbox 106 2489 1913 2526; baseline 0.004 -9"><span class='ocrx_word' id='word_1_475' title='bbox 106 2495 192 2526; x_wconf 92' lang='lat' dir='ltr'>opus</span> <span class='ocrx_word' id='word_1_476' title='bbox 217 2490 316 2525; x_wconf 89' lang='lat' dir='ltr'>esset,</span> <span class='ocrx_word' id='word_1_477' title='bbox 343 2489 368 2519; x_wconf 92' lang='lat' dir='ltr'>si</span> <span class='ocrx_word' id='word_1_478' title='bbox 396 2490 544 2520; x_wconf 87' lang='lat' dir='ltr'>terenum</span> <span class='ocrx_word' id='word_1_479' title='bbox 571 2498 635 2520; x_wconf 89' lang='lat' dir='ltr'>non</span> <span class='ocrx_word' id='word_1_480' title='bbox 662 2492 752 2521; x_wconf 88' lang='lat' dir='ltr'>esset</span> <span class='ocrx_word' id='word_1_481' title='bbox 779 2490 902 2521; x_wconf 85' lang='lat' dir='ltr'>bonum</span> <span class='ocrx_word' id='word_1_482' title='bbox 921 2492 952 2521; x_wconf 89' lang='lat' dir='ltr'>et</span> <span class='ocrx_word' id='word_1_483' title='bbox 971 2490 1143 2522; x_wconf 89' lang='lat' dir='ltr'>sufficiens</span> <span class='ocrx_word' id='word_1_484' title='bbox 1162 2491 1193 2522; x_wconf 92' lang='lat' dir='ltr'>in</span> <span class='ocrx_word' id='word_1_485' title='bbox 1212 2492 1302 2522; x_wconf 87' lang='lat' dir='ltr'>dicto</span> <span class='ocrx_word' id='word_1_486' title='bbox 1328 2491 1547 2524; x_wconf 87' lang='lat' dir='ltr'>fondamento</span> <span class='ocrx_word' id='word_1_487' title='bbox 1572 2493 1659 2524; x_wconf 91' lang='lat' dir='ltr'>sicut</span> <span class='ocrx_word' id='word_1_488' title='bbox 1684 2494 1853 2525; x_wconf 89' lang='lat' dir='ltr'>convenit.</span> <span class='ocrx_word' id='word_1_489' title='bbox 1875 2494 1913 2525; x_wconf 82' lang='lat' dir='ltr'>Et</span> 
     </span>
     <span class='ocr_line' id='line_1_39' title="bbox 107 2549 1917 2589; baseline 0.004 -9"><span class='ocrx_word' id='word_1_490' title='bbox 107 2557 180 2579; x_wconf 89' lang='lat' dir='ltr'>cum</span> <span class='ocrx_word' id='word_1_491' title='bbox 207 2558 271 2580; x_wconf 90' lang='lat' dir='ltr'>una</span> <span class='ocrx_word' id='word_1_492' title='bbox 297 2549 439 2582; x_wconf 85' lang='lat' dir='ltr'>fenestra</span> <span class='ocrx_word' id='word_1_493' title='bbox 465 2550 568 2582; x_wconf 91' lang='lat' dir='ltr'>ferata</span> <span class='ocrx_word' id='word_1_494' title='bbox 595 2551 682 2583; x_wconf 85' lang='lat' dir='ltr'>bona</span> <span class='ocrx_word' id='word_1_495' title='bbox 709 2554 740 2583; x_wconf 89' lang='lat' dir='ltr'>et</span> <span class='ocrx_word' id='word_1_496' title='bbox 766 2551 955 2589; x_wconf 88' lang='lat' dir='ltr'>sufficienti,</span> <span class='ocrx_word' id='word_1_497' title='bbox 981 2552 1167 2584; x_wconf 87' lang='lat' dir='ltr'>altitudinis</span> <span class='ocrx_word' id='word_1_498' title='bbox 1195 2553 1407 2585; x_wconf 81' lang='lat' dir='ltr'>brachiorum</span> <span class='ocrx_word' id='word_1_499' title='bbox 1441 2555 1582 2586; x_wconf 88' lang='lat' dir='ltr'>duorum</span> <span class='ocrx_word' id='word_1_500' title='bbox 1609 2557 1640 2586; x_wconf 92' lang='lat' dir='ltr'>et</span> <span class='ocrx_word' id='word_1_501' title='bbox 1665 2555 1793 2586; x_wconf 88' lang='lat' dir='ltr'>dimidii</span> <span class='ocrx_word' id='word_1_502' title='bbox 1820 2558 1851 2587; x_wconf 90' lang='lat' dir='ltr'>et</span> <span class='ocrx_word' id='word_1_503' title='bbox 1871 2556 1917 2587; x_wconf 89' lang='lat' dir='ltr'>la-</span> 
     </span>
    </p>
   </div>
   <div class='ocr_carea' id='block_1_4' title="bbox 163 2740 1913 2773">
    <p class='ocr_par' dir='ltr' id='par_1_5' title="bbox 163 2740 1913 2773">
     <span class='ocr_line' id='line_1_40' title="bbox 163 2740 1913 2773; baseline 0.005 -12"><span class='ocrx_word' id='word_1_504' title='bbox 163 2740 192 2765; x_wconf 84' lang='lat' dir='ltr'>(l)</span> <span class='ocrx_word' id='word_1_505' title='bbox 209 2741 238 2762; x_wconf 86' lang='lat' dir='ltr'>La</span> <span class='ocrx_word' id='word_1_506' title='bbox 254 2741 374 2763; x_wconf 69' lang='lat' dir='ltr'>Comi-nita</span> <span class='ocrx_word' id='word_1_507' title='bbox 391 2743 412 2763; x_wconf 90' lang='lat' dir='ltr'>di</span> <span class='ocrx_word' id='word_1_508' title='bbox 428 2742 450 2764; x_wconf 85' lang='lat' dir='ltr'>S.</span> <span class='ocrx_word' id='word_1_509' title='bbox 467 2743 585 2769; x_wconf 86' lang='lat' dir='ltr'>Mostinla,</span> <span class='ocrx_word' id='word_1_510' title='bbox 608 2744 649 2764; x_wconf 84' lang='lat' dir='ltr'>che</span> <span class='ocrx_word' id='word_1_511' title='bbox 673 2744 716 2765; x_wconf 82' lang='lat' dir='ltr'>alla</span> <span class='ocrx_word' id='word_1_512' title='bbox 733 2744 776 2765; x_wconf 84' lang='lat' dir='ltr'>line</span> <span class='ocrx_word' id='word_1_513' title='bbox 792 2744 827 2765; x_wconf 85' lang='lat' dir='ltr'>del</span> <span class='ocrx_word' id='word_1_514' title='bbox 852 2745 902 2765; x_wconf 64' lang='grc'><strong>11211</strong></span> <span class='ocrx_word' id='word_1_515' title='bbox 923 2744 982 2765; x_wconf 72' lang='lat' dir='ltr'>(docv</span> <span class='ocrx_word' id='word_1_516' title='bbox 1040 2746 1105 2766; x_wconf 86' lang='lat' dir='ltr'>breto</span> <span class='ocrx_word' id='word_1_517' title='bbox 1121 2745 1132 2766; x_wconf 75' lang='lat' dir='ltr'>e</span> <span class='ocrx_word' id='word_1_518' title='bbox 1148 2746 1169 2766; x_wconf 92' lang='lat' dir='ltr'>lo</span> <span class='ocrx_word' id='word_1_519' title='bbox 1185 2747 1269 2769; x_wconf 79' lang='lat' dir='ltr'>stesso.</span> <span class='ocrx_word' id='word_1_520' title='bbox 1286 2747 1327 2767; x_wconf 77' lang='lat' dir='ltr'>elie</span> <span class='ocrx_word' id='word_1_521' title='bbox 1343 2747 1377 2767; x_wconf 89' lang='lat' dir='ltr'>nel</span> <span class='ocrx_word' id='word_1_522' title='bbox 1396 2748 1445 2768; x_wconf 66' lang='lat'>1434</span> <span class='ocrx_word' id='word_1_523' title='bbox 1459 2747 1519 2771; x_wconf 83' lang='lat' dir='ltr'>(doc.</span> <span class='ocrx_word' id='word_1_524' title='bbox 1536 2753 1557 2768; x_wconf 86' lang='grc'>11.</span> <span class='ocrx_word' id='word_1_525' title='bbox 1574 2747 1731 2773; x_wconf 78' lang='lat' dir='ltr'>CLxxxvnn</span> <span class='ocrx_word' id='word_1_526' title='bbox 1745 2749 1853 2769; x_wconf 75' lang='lat' dir='ltr'>abbi-&#39;nnn</span> <span class='ocrx_word' id='word_1_527' title='bbox 1868 2751 1913 2770; x_wconf 76' lang='lat' dir='ltr'>tro-</span> 
     </span>
    </p>
   </div>
   <div class='ocr_carea' id='block_1_5' title="bbox 110 2784 1912 3036">
    <p class='ocr_par' dir='ltr' id='par_1_6' title="bbox 111 2784 1587 2817">
     <span class='ocr_line' id='line_1_41' title="bbox 111 2784 1587 2817; baseline 0.005 -12"><span class='ocrx_word' id='word_1_528' title='bbox 111 2791 131 2805; x_wconf 92' lang='lat' dir='ltr'>n.</span> <span class='ocrx_word' id='word_1_529' title='bbox 148 2784 264 2810; x_wconf 80' lang='lat' dir='ltr'>CLXXIV)</span> <span class='ocrx_word' id='word_1_530' title='bbox 279 2792 316 2806; x_wconf 82' lang='lat' dir='ltr'>era</span> <span class='ocrx_word' id='word_1_531' title='bbox 333 2786 418 2808; x_wconf 86' lang='lat' dir='ltr'>ridotta</span> <span class='ocrx_word' id='word_1_532' title='bbox 433 2793 445 2808; x_wconf 87' lang='lat' dir='ltr'>a</span> <span class='ocrx_word' id='word_1_533' title='bbox 462 2789 496 2808; x_wconf 84' lang='lat' dir='ltr'>tre</span> <span class='ocrx_word' id='word_1_534' title='bbox 513 2788 578 2809; x_wconf 78' lang='lat' dir='ltr'>Padri</span> <span class='ocrx_word' id='word_1_535' title='bbox 601 2789 737 2814; x_wconf 65' lang='lat' dir='ltr'>caffltolari,</span> <span class='ocrx_word' id='word_1_536' title='bbox 753 2795 793 2809; x_wconf 85' lang='lat' dir='ltr'>ora</span> <span class='ocrx_word' id='word_1_537' title='bbox 815 2789 891 2810; x_wconf 78' lang='lat' dir='ltr'>eccnln</span> <span class='ocrx_word' id='word_1_538' title='bbox 915 2795 983 2809; x_wconf 81' lang='lat' dir='ltr'>nova·</span> <span class='ocrx_word' id='word_1_539' title='bbox 1038 2791 1092 2810; x_wconf 81' lang='lat' dir='ltr'>vato</span> <span class='ocrx_word' id='word_1_540' title='bbox 1109 2789 1186 2810; x_wconf 83' lang='lat' dir='ltr'>Priore</span> <span class='ocrx_word' id='word_1_541' title='bbox 1202 2790 1237 2810; x_wconf 85' lang='lat' dir='ltr'>del</span> <span class='ocrx_word' id='word_1_542' title='bbox 1254 2790 1374 2811; x_wconf 81' lang='lat' dir='ltr'>Conventu</span> <span class='ocrx_word' id='word_1_543' title='bbox 1390 2791 1411 2811; x_wconf 86' lang='lat' dir='ltr'>di</span> <span class='ocrx_word' id='word_1_544' title='bbox 1427 2791 1450 2812; x_wconf 89' lang='lat' dir='ltr'>S.</span> <span class='ocrx_word' id='word_1_545' title='bbox 1467 2791 1587 2817; x_wconf 81' lang='lat' dir='ltr'>Agostino.</span> 
     </span>
    </p>

    <p class='ocr_par' dir='ltr' id='par_1_7' title="bbox 110 2829 1912 2904">
     <span class='ocr_line' id='line_1_42' title="bbox 111 2829 1912 2862; baseline 0.004 -13"><span class='ocrx_word' id='word_1_546' title='bbox 111 2831 185 2850; x_wconf 80' lang='lat' dir='ltr'>niente</span> <span class='ocrx_word' id='word_1_547' title='bbox 201 2829 296 2850; x_wconf 83' lang='lat' dir='ltr'>rifiorire</span> <span class='ocrx_word' id='word_1_548' title='bbox 312 2837 353 2851; x_wconf 87' lang='lat' dir='ltr'>con</span> <span class='ocrx_word' id='word_1_549' title='bbox 369 2837 413 2852; x_wconf 86' lang='lat' dir='ltr'>non</span> <span class='ocrx_word' id='word_1_550' title='bbox 429 2838 495 2853; x_wconf 86' lang='lat' dir='ltr'>meno</span> <span class='ocrx_word' id='word_1_551' title='bbox 511 2833 531 2853; x_wconf 88' lang='lat' dir='ltr'>di</span> <span class='ocrx_word' id='word_1_552' title='bbox 548 2833 604 2854; x_wconf 85' lang='lat' dir='ltr'>dicei</span> <span class='ocrx_word' id='word_1_553' title='bbox 622 2833 688 2854; x_wconf 65' lang='lat' dir='ltr'>padri</span> <span class='ocrx_word' id='word_1_554' title='bbox 704 2834 839 2859; x_wconf 65' lang='lat' dir='ltr'>capitulari,</span> <span class='ocrx_word' id='word_1_555' title='bbox 858 2833 916 2854; x_wconf 71' lang='lat' dir='ltr'>tatto</span> <span class='ocrx_word' id='word_1_556' title='bbox 941 2834 980 2854; x_wconf 83' lang='lat' dir='ltr'>do·</span> <span class='ocrx_word' id='word_1_557' title='bbox 1088 2835 1118 2857; x_wconf 65' lang='grc'>12)</span> <span class='ocrx_word' id='word_1_558' title='bbox 1135 2834 1176 2854; x_wconf 78' lang='lat' dir='ltr'>Era</span> <span class='ocrx_word' id='word_1_559' title='bbox 1193 2834 1213 2854; x_wconf 84' lang='lat' dir='ltr'>di</span> <span class='ocrx_word' id='word_1_560' title='bbox 1231 2835 1306 2855; x_wconf 86' lang='lat' dir='ltr'>nobile</span> <span class='ocrx_word' id='word_1_561' title='bbox 1322 2840 1333 2855; x_wconf 92' lang='lat' dir='ltr'>e</span> <span class='ocrx_word' id='word_1_562' title='bbox 1349 2835 1408 2856; x_wconf 85' lang='lat' dir='ltr'>ricca</span> <span class='ocrx_word' id='word_1_563' title='bbox 1424 2834 1524 2861; x_wconf 80' lang='lat' dir='ltr'>faniiglia</span> <span class='ocrx_word' id='word_1_564' title='bbox 1540 2841 1634 2862; x_wconf 83' lang='lat' dir='ltr'>pavese,</span> <span class='ocrx_word' id='word_1_565' title='bbox 1658 2836 1755 2857; x_wconf 78' lang='lat' dir='ltr'>addetto</span> <span class='ocrx_word' id='word_1_566' title='bbox 1770 2837 1790 2857; x_wconf 81' lang='lat' dir='ltr'>al</span> <span class='ocrx_word' id='word_1_567' title='bbox 1813 2837 1912 2857; x_wconf 82' lang='lat' dir='ltr'>servizio</span> 
     </span>
     <span class='ocr_line' id='line_1_43' title="bbox 110 2875 1337 2904; baseline 0.005 -11"><span class='ocrx_word' id='word_1_568' title='bbox 110 2875 166 2894; x_wconf 81' lang='lat' dir='ltr'>vulo</span> <span class='ocrx_word' id='word_1_569' title='bbox 181 2875 224 2894; x_wconf 84' lang='lat' dir='ltr'>alla</span> <span class='ocrx_word' id='word_1_570' title='bbox 241 2875 370 2900; x_wconf 69' lang='lat' dir='ltr'>prosperita</span> <span class='ocrx_word' id='word_1_571' title='bbox 386 2876 443 2897; x_wconf 84' lang='lat' dir='ltr'>delle</span> <span class='ocrx_word' id='word_1_572' title='bbox 458 2877 586 2897; x_wconf 86' lang='lat' dir='ltr'>condizioni</span> <span class='ocrx_word' id='word_1_573' title='bbox 603 2878 734 2903; x_wconf 82' lang='lat' dir='ltr'>pubbliclie.</span> <span class='ocrx_word' id='word_1_574' title='bbox 750 2878 890 2899; x_wconf 82' lang='lat' dir='ltr'>Ornanientn</span> <span class='ocrx_word' id='word_1_575' title='bbox 903 2879 983 2904; x_wconf 84' lang='lat' dir='ltr'>princi·</span> <span class='ocrx_word' id='word_1_576' title='bbox 1039 2878 1171 2898; x_wconf 79' lang='lat' dir='ltr'>linanziarin</span> <span class='ocrx_word' id='word_1_577' title='bbox 1187 2878 1247 2898; x_wconf 88' lang='lat' dir='ltr'>dello</span> <span class='ocrx_word' id='word_1_578' title='bbox 1262 2878 1337 2899; x_wconf 82' lang='lat' dir='ltr'>Slato.</span> 
     </span>
    </p>

    <p class='ocr_par' dir='ltr' id='par_1_8' title="bbox 110 2918 1911 3036">
     <span class='ocr_line' id='line_1_44' title="bbox 111 2918 1911 2951; baseline 0.004 -13"><span class='ocrx_word' id='word_1_579' title='bbox 111 2918 162 2944; x_wconf 82' lang='lat' dir='ltr'>pale</span> <span class='ocrx_word' id='word_1_580' title='bbox 177 2918 198 2939; x_wconf 91' lang='lat' dir='ltr'>di</span> <span class='ocrx_word' id='word_1_581' title='bbox 215 2920 296 2944; x_wconf 80' lang='lat' dir='ltr'>questa</span> <span class='ocrx_word' id='word_1_582' title='bbox 313 2919 434 2941; x_wconf 74' lang='lat' dir='ltr'>eoniunita</span> <span class='ocrx_word' id='word_1_583' title='bbox 445 2921 558 2947; x_wconf 78' lang='lat' dir='ltr'>esempre</span> <span class='ocrx_word' id='word_1_584' title='bbox 573 2921 631 2943; x_wconf 83' lang='lat' dir='ltr'>frate</span> <span class='ocrx_word' id='word_1_585' title='bbox 643 2922 761 2943; x_wconf 80' lang='lat' dir='ltr'>Albertino</span> <span class='ocrx_word' id='word_1_586' title='bbox 773 2922 861 2948; x_wconf 82' lang='lat' dir='ltr'>Crespi,</span> <span class='ocrx_word' id='word_1_587' title='bbox 873 2923 914 2943; x_wconf 85' lang='lat' dir='ltr'>che</span> <span class='ocrx_word' id='word_1_588' title='bbox 923 2923 981 2947; x_wconf 71' lang='lat' dir='ltr'>negli</span> <span class='ocrx_word' id='word_1_589' title='bbox 1090 2923 1120 2944; x_wconf 64' lang='lat'>‹3›</span> <span class='ocrx_word' id='word_1_590' title='bbox 1136 2923 1142 2943; x_wconf 97' lang='grc'>1</span> <span class='ocrx_word' id='word_1_591' title='bbox 1159 2922 1265 2947; x_wconf 73' lang='lat' dir='ltr'>Religiosi</span> <span class='ocrx_word' id='word_1_592' title='bbox 1282 2923 1303 2943; x_wconf 85' lang='lat' dir='ltr'>di</span> <span class='ocrx_word' id='word_1_593' title='bbox 1319 2922 1342 2943; x_wconf 87' lang='lat' dir='ltr'>S.</span> <span class='ocrx_word' id='word_1_594' title='bbox 1358 2923 1458 2944; x_wconf 84' lang='lat' dir='ltr'>Antonio</span> <span class='ocrx_word' id='word_1_595' title='bbox 1474 2923 1495 2944; x_wconf 87' lang='lat' dir='ltr'>di</span> <span class='ocrx_word' id='word_1_596' title='bbox 1512 2924 1597 2945; x_wconf 84' lang='lat' dir='ltr'>Vienna</span> <span class='ocrx_word' id='word_1_597' title='bbox 1614 2925 1648 2945; x_wconf 89' lang='lat' dir='ltr'>nel</span> <span class='ocrx_word' id='word_1_598' title='bbox 1665 2925 1789 2950; x_wconf 81' lang='lat' dir='ltr'>Delfinato,</span> <span class='ocrx_word' id='word_1_599' title='bbox 1812 2925 1852 2946; x_wconf 84' lang='lat' dir='ltr'>elie</span> <span class='ocrx_word' id='word_1_600' title='bbox 1873 2926 1911 2951; x_wconf 83' lang='lat' dir='ltr'>qui</span> 
     </span>
     <span class='ocr_line' id='line_1_45' title="bbox 110 2962 1910 2995; baseline 0.004 -13"><span class='ocrx_word' id='word_1_601' title='bbox 110 2962 152 2983; x_wconf 79' lang='lat' dir='ltr'>atti</span> <span class='ocrx_word' id='word_1_602' title='bbox 168 2963 287 2988; x_wconf 80' lang='lat' dir='ltr'>capitolari</span> <span class='ocrx_word' id='word_1_603' title='bbox 303 2963 314 2984; x_wconf 77' lang='grc' dir='ltr'><strong>ὲ</strong></span> <span class='ocrx_word' id='word_1_604' title='bbox 330 2965 447 2986; x_wconf 76' lang='lat' dir='ltr'>nominato</span> <span class='ocrx_word' id='word_1_605' title='bbox 462 2965 635 2987; x_wconf 81' lang='lat' dir='ltr'>distintamente</span> <span class='ocrx_word' id='word_1_606' title='bbox 650 2966 710 2992; x_wconf 80' lang='lat' dir='ltr'>dagli</span> <span class='ocrx_word' id='word_1_607' title='bbox 732 2967 792 2992; x_wconf 81' lang='lat' dir='ltr'>altri,</span> <span class='ocrx_word' id='word_1_608' title='bbox 808 2972 819 2987; x_wconf 84' lang='lat' dir='ltr'>e</span> <span class='ocrx_word' id='word_1_609' title='bbox 836 2967 848 2987; x_wconf 90' lang='lat' dir='ltr'>il</span> <span class='ocrx_word' id='word_1_610' title='bbox 871 2967 906 2987; x_wconf 83' lang='lat' dir='ltr'>cui</span> <span class='ocrx_word' id='word_1_611' title='bbox 929 2973 981 2987; x_wconf 83' lang='lat' dir='ltr'>con·</span> <span class='ocrx_word' id='word_1_612' title='bbox 1036 2967 1056 2987; x_wconf 91' lang='lat' dir='ltr'>in</span> <span class='ocrx_word' id='word_1_613' title='bbox 1074 2967 1143 2987; x_wconf 77' lang='lat' dir='ltr'>Pavia</span> <span class='ocrx_word' id='word_1_614' title='bbox 1158 2972 1262 2988; x_wconf 79' lang='lat' dir='ltr'>avevano</span> <span class='ocrx_word' id='word_1_615' title='bbox 1277 2967 1357 2993; x_wconf 77' lang='lat' dir='ltr'>grandi·</span> <span class='ocrx_word' id='word_1_616' title='bbox 1374 2968 1549 2993; x_wconf 83' lang='lat' dir='ltr'>possedimenti,</span> <span class='ocrx_word' id='word_1_617' title='bbox 1564 2974 1668 2989; x_wconf 84' lang='lat' dir='ltr'>avevano</span> <span class='ocrx_word' id='word_1_618' title='bbox 1684 2975 1735 2990; x_wconf 81' lang='lat' dir='ltr'>resa</span> <span class='ocrx_word' id='word_1_619' title='bbox 1758 2970 1869 2995; x_wconf 75' lang='lat' dir='ltr'>popolarc</span> <span class='ocrx_word' id='word_1_620' title='bbox 1891 2970 1910 2990; x_wconf 87' lang='lat' dir='ltr'>la</span> 
     </span>
     <span class='ocr_line' id='line_1_46' title="bbox 110 3008 1911 3036; baseline 0.004 -9"><span class='ocrx_word' id='word_1_621' title='bbox 110 3011 179 3027; x_wconf 85' lang='lat' dir='ltr'>senso</span> <span class='ocrx_word' id='word_1_622' title='bbox 194 3012 232 3028; x_wconf 84' lang='lat' dir='ltr'>era</span> <span class='ocrx_word' id='word_1_623' title='bbox 253 3008 379 3029; x_wconf 80' lang='lat' dir='ltr'>essenziale</span> <span class='ocrx_word' id='word_1_624' title='bbox 400 3009 502 3030; x_wconf 83' lang='lat' dir='ltr'>secondo</span> <span class='ocrx_word' id='word_1_625' title='bbox 517 3010 537 3031; x_wconf 88' lang='lat' dir='ltr'>le</span> <span class='ocrx_word' id='word_1_626' title='bbox 554 3010 704 3036; x_wconf 86' lang='lat' dir='ltr'>disposizioni</span> <span class='ocrx_word' id='word_1_627' title='bbox 728 3011 763 3032; x_wconf 87' lang='lat' dir='ltr'>del</span> <span class='ocrx_word' id='word_1_628' title='bbox 785 3011 896 3032; x_wconf 82' lang='lat' dir='ltr'>Generale</span> <span class='ocrx_word' id='word_1_629' title='bbox 919 3011 978 3035; x_wconf 84' lang='lat' dir='ltr'>(doc.</span> <span class='ocrx_word' id='word_1_630' title='bbox 1035 3011 1156 3032; x_wconf 87' lang='lat' dir='ltr'>divozione</span> <span class='ocrx_word' id='word_1_631' title='bbox 1171 3011 1192 3032; x_wconf 84' lang='lat' dir='ltr'>al</span> <span class='ocrx_word' id='word_1_632' title='bbox 1208 3011 1257 3032; x_wconf 85' lang='lat' dir='ltr'>loro</span> <span class='ocrx_word' id='word_1_633' title='bbox 1274 3011 1398 3033; x_wconf 80' lang='lat' dir='ltr'>Patriarca.</span> <span class='ocrx_word' id='word_1_634' title='bbox 1415 3012 1441 3033; x_wconf 94' lang='lat' dir='ltr'>Di</span> <span class='ocrx_word' id='word_1_635' title='bbox 1458 3013 1502 3033; x_wconf 86' lang='lat' dir='ltr'>essi</span> <span class='ocrx_word' id='word_1_636' title='bbox 1519 3013 1530 3033; x_wconf 80' lang='lat' dir='ltr'>e</span> <span class='ocrx_word' id='word_1_637' title='bbox 1542 3012 1599 3033; x_wconf 80' lang='grc'><strong>13113</strong></span> <span class='ocrx_word' id='word_1_638' title='bbox 1611 3013 1730 3034; x_wconf 84' lang='lat' dir='ltr'>menzione</span> <span class='ocrx_word' id='word_1_639' title='bbox 1741 3014 1911 3034; x_wconf 80' lang='lat' dir='ltr'>nell&#39;Anom&#39;mn</span> 
     </span>
    </p>
   </div>
   <div class='ocr_carea' id='block_1_6' title="bbox 111 3050 1662 3082">
    <p class='ocr_par' dir='ltr' id='par_1_9' title="bbox 111 3050 1662 3082">
     <span class='ocr_line' id='line_1_47' title="bbox 111 3050 1662 3082; baseline 0.005 -11"><span class='ocrx_word' id='word_1_640' title='bbox 111 3056 132 3071; x_wconf 86' lang='lat' dir='ltr'>n.</span> <span class='ocrx_word' id='word_1_641' title='bbox 148 3050 242 3076; x_wconf 84' lang='lat' dir='ltr'>CXCV).</span> <span class='ocrx_word' id='word_1_642' title='bbox 265 3051 280 3072; x_wconf 96' lang='grc'>11</span> <span class='ocrx_word' id='word_1_643' title='bbox 303 3051 444 3074; x_wconf 79' lang='lat' dir='ltr'>Provinciale</span> <span class='ocrx_word' id='word_1_644' title='bbox 458 3054 480 3074; x_wconf 88' lang='lat' dir='ltr'>di</span> <span class='ocrx_word' id='word_1_645' title='bbox 497 3054 633 3076; x_wconf 84' lang='lat' dir='ltr'>Lombardia</span> <span class='ocrx_word' id='word_1_646' title='bbox 655 3055 713 3076; x_wconf 81' lang='lat' dir='ltr'>frate</span> <span class='ocrx_word' id='word_1_647' title='bbox 735 3055 856 3076; x_wconf 86' lang='lat' dir='ltr'>Manfredo</span> <span class='ocrx_word' id='word_1_648' title='bbox 872 3055 900 3076; x_wconf 83' lang='lat' dir='ltr'>da</span> <span class='ocrx_word' id='word_1_649' title='bbox 916 3056 981 3076; x_wconf 86' lang='lat' dir='ltr'>Mon-</span> <span class='ocrx_word' id='word_1_650' title='bbox 1040 3055 1151 3079; x_wconf 56' lang='lat' dir='ltr'>ramese,</span> <span class='ocrx_word' id='word_1_651' title='bbox 1168 3056 1190 3076; x_wconf 89' lang='lat' dir='ltr'>in</span> <span class='ocrx_word' id='word_1_652' title='bbox 1205 3055 1259 3077; x_wconf 74' lang='lat' dir='ltr'>Rer.</span> <span class='ocrx_word' id='word_1_653' title='bbox 1275 3056 1329 3077; x_wconf 76' lang='lat' dir='ltr'>Ital.</span> <span class='ocrx_word' id='word_1_654' title='bbox 1346 3056 1439 3082; x_wconf 65' lang='lat' dir='ltr'>Script„</span> <span class='ocrx_word' id='word_1_655' title='bbox 1456 3057 1500 3078; x_wconf 90' lang='lat' dir='ltr'>vol.</span> <span class='ocrx_word' id='word_1_656' title='bbox 1517 3057 1554 3082; x_wconf 89' lang='lat' dir='ltr'>Xl,</span> <span class='ocrx_word' id='word_1_657' title='bbox 1569 3057 1612 3078; x_wconf 86' lang='lat' dir='ltr'>col.</span> <span class='ocrx_word' id='word_1_658' title='bbox 1628 3058 1662 3078; x_wconf 77' lang='lat'>30.</span> 
     </span>
    </p>
   </div>
  </div>
 </body>
</html>
