2347 3444
307 226 371 259 324

303 361 361 402 (de
387 361 605 395 Guidobonis
630 365 749 396 artium
777 363 933 403 scolaris)
960 364 1173 405 infrascripti.
1204 365 1317 405 quoad
1360 366 1491 403 vixerit,
1517 368 1547 397 et
1574 367 1691 397 horum
1731 367 1890 398 librorum
1928 368 2122 400 distributio

306 429 337 456 et
363 426 585 457 inventarium
613 427 668 458 fiat
695 436 752 467 per
778 427 981 458 reverendos
1007 436 1100 458 sacre
1133 427 1278 467 teologie
1316 428 1497 468 magistros
1533 428 1690 460 domii-os
1727 428 1908 461 Antonium
1947 429 2124 462 Astensem

307 491 444 528 patrem,
470 489 621 520 eiusdem
649 489 775 520 domini
803 490 973 520 testatoris
998 488 1227 520 confessorem
1255 491 1285 520 et
1312 489 1467 520 iacobum
1494 490 1535 521 de
1564 489 1722 522 Tertona.
1741 490 1818 522 Item
1838 492 1994 532 relinquit
2012 501 2049 524 ac
2068 493 2124 524 dat

306 554 336 582 et
363 551 450 592 legat
475 552 564 582 dicto
590 553 769 583 conventui
798 552 903 582 sancti
931 551 1109 591 Augustini
1138 550 1252 591 papie,
1279 560 1339 592 pro
1365 552 1598 583 anniversario
1639 553 1774 594 singulo
1811 562 1899 585 anno
1938 554 1968 585 in
2007 563 2125 595 perpe—

306 616 397 644 tuum
424 614 626 645 celebrando
653 623 710 654 per
737 615 845 654 ipsum
872 617 1086 651 conventum,
1113 622 1172 653 pro
1198 614 1309 644 anima
1337 614 1446 654 ipsius
1471 614 1597 645 domini
1624 615 1804 652 testatoris,
1830 616 1953 647 sachos
1983 618 2049 648 tres
2067 625 2125 657 pa-

307 676 442 716 pienses
467 675 635 711 turinenti.
662 676 796 716 singulo
822 685 910 706 anno
938 676 968 706 in
996 678 1192 716 perpetuum
1231 676 1418 708 solvendos
1452 678 1529 717 post
1555 677 1716 718 integram
1742 680 1772 709 et
1798 678 1997 718 completam
2035 678 2126 710 solu-

306 739 428 769 tionem
457 738 690 778 possessionis
716 736 889 769 Castelatii
918 738 1026 778 ipsius
1052 738 1178 769 domini
1205 739 1386 775 testatoris,
1413 748 1470 779 per
1497 738 1744 780 infrascriptum
1772 740 1926 771 heredem
1945 742 1975 771 et
1993 749 2051 772 seu
2071 741 2127 772 he-

306 801 412 835 redes,
441 801 502 831 hoc
527 801 644 831 addito
670 803 700 831 et
727 800 893 831 intellecto
920 800 1011 840 quod
1039 800 1111 840 ipse
1137 799 1347 832 Octavianus
1374 801 1470 832 heres
1497 801 1670 833 institutus
1690 802 1799 842 possit
1817 811 1852 833 se
1870 811 1888 833 a
1907 802 1996 833 dicto
2014 811 2126 834 annuo

306 867 467 903 perpetuo
495 863 604 902 legato
631 863 808 893 sachorum
836 863 932 893 trium
960 862 1114 893 furmenti
1154 863 1294 894 liberare
1321 863 1617 903 quandocumque,
1655 864 1730 904 ipso
1771 864 1871 895 dante
1907 867 1937 896 et
1975 865 2126 896 solvente

306 926 435 956 realiter
460 928 489 956 et
515 934 588 955 cuin
616 925 732 956 effectu
761 924 889 965 pretato
917 925 1121 956 monasterio
1147 928 1177 956 et
1203 934 1261 957 seu
1281 926 1460 957 conventui
1479 926 1627 957 florenos
1646 927 1892 967 quinquaginta
1911 930 2042 958 monete
2061 936 2128 959 me-

305 988 524 1022 diolanensis,
551 990 581 1018 et
609 988 684 1027 ipso
709 990 877 1018 conventu
905 990 1079 1019 recusante
1106 996 1164 1019 seu
1192 988 1380 1029 negligente
1412 989 1506 1029 ipsos
1525 992 1698 1030 acceptare
1717 992 1748 1020 et
1766 989 1853 1021 facta
1872 990 1912 1021 de
1932 990 2016 1030 ipsis
2034 989 2129 1021 obla-

304 1051 398 1081 eione
424 1059 498 1080 cum
525 1050 683 1090 deposito
710 1058 813 1090 penes
840 1050 995 1081 idoneam
1023 1059 1214 1090 personam,
1241 1051 1314 1091 ipse
1340 1049 1551 1083 Octavianus
1577 1052 1619 1083 sit
1644 1054 1675 1083 et
1700 1060 1776 1083 esse
1802 1052 1923 1083 debeat
1961 1052 2044 1084 liber
2079 1052 2122 1083 ab

305 1113 450 1143 ulteriori
478 1112 555 1143 dicti
583 1112 680 1153 legati
709 1113 925 1153 prestatione,
941 1115 971 1143 et
997 1113 1236 1144 monasterium
1263 1115 1413 1144 teneatur
1439 1114 1533 1154 ipsas
1548 1114 1709 1154 pecunias
1725 1114 1895 1154 implicare
1911 1114 1941 1145 in
1958 1123 2024 1145 uno
2050 1114 2127 1146 ficto

303 1176 481 1206 saehorum
509 1175 604 1206 trium
632 1174 799 1212 immenti,
825 1178 855 1206 et
882 1175 1003 1206 deinde
1029 1178 1147 1216 gravat
1165 1176 1405 1206 monasterium
1432 1176 1473 1207 ad
1499 1176 1737 1207 celebrandum
1753 1176 1966 1208 anniversale
1992 1177 2128 1217 singulo

302 1246 391 1268 anno
418 1238 448 1268 in
476 1240 685 1278 perpetuum,
711 1241 742 1269 et
768 1238 1007 1269 monasterium
1035 1240 1185 1268 teneatur
1204 1238 1351 1269 relevare
1377 1238 1501 1269 dictum
1529 1237 1777 1279 infrascriptum
1810 1238 1964 1270 heredem
1991 1247 2009 1270 a
2035 1239 2127 1270 datio

304 1302 420 1332 intrate
447 1302 599 1340 respectu
627 1300 704 1331 dicti
732 1301 833 1331 annui
861 1300 959 1341 legati
976 1311 982 1337 ;
1001 1308 1148 1341 gravans
1167 1308 1303 1340 quoque
1321 1300 1445 1331 dictum
1466 1299 1715 1341 infrascriptum
1735 1301 1889 1332 heredem
1909 1300 1951 1332 ad
1978 1301 2125 1332 dandum

303 1364 401 1394 dictis
428 1363 599 1394 Fratribus
626 1363 703 1394 dicti
730 1365 918 1394 conventus
945 1363 1101 1393 ducatum
1130 1372 1230 1393 unum
1259 1372 1318 1403 pro
1345 1363 1517 1403 sepultura
1545 1363 1652 1403 ipsius
1678 1363 2000 1401 dominitestatoris,
2019 1366 2050 1394 et
2068 1372 2128 1404 pro

303 1427 457 1467 septimis
482 1428 513 1457 et
539 1426 739 1457 trenteximo
766 1435 866 1456 unuin
894 1425 995 1456 alium
1023 1425 1191 1457 ducatum.
1219 1424 1296 1456 ltem
1323 1425 1379 1456 dat
1405 1427 1436 1456 et
1462 1425 1582 1466 legat...
1608 1425 1788 1456 conventui
1815 1427 1929 1457 sancte
1954 1425 2129 1457 Trinitatis

303 1490 343 1520 de
369 1489 526 1520 Terdona
554 1489 630 1520 dicti
658 1488 797 1520 Ordinis
824 1489 929 1519 sancti
958 1487 1137 1529 Augustini
1165 1489 1229 1519 iarn
1256 1488 1345 1519 dicto
1373 1488 1447 1519 illas
1474 1488 1577 1519 libras
1615 1488 1772 1519 tricentas
1810 1488 2012 1528 imperiales,
2039 1496 2125 1528 quas

303 1552 412 1583 dictus
439 1552 598 1582 dominus
624 1552 763 1582 testator
790 1550 911 1581 habere
937 1551 1057 1582 asserit
1082 1559 1100 1581 a
1127 1550 1264 1581 domino
1284 1548 1498 1582 Christoforo
1518 1550 1558 1581 de
1573 1549 1791 1582 Guidobonis
1808 1551 1881 1582 cive
1900 1550 2126 1581 terdonensi...

302 1618 333 1646 et
360 1615 390 1645 in
418 1614 482 1645 alia
509 1616 601 1654 parte
629 1614 692 1654 ipsi
719 1614 899 1644 conventui
927 1613 1030 1645 libras
1055 1615 1187 1644 centum
1215 1613 1461 1654 quinquaginta
1489 1613 1680 1653 imperiales
1708 1622 1794 1653 quas
1820 1613 1930 1644 dictus
1967 1613 2126 1644 dominus

302 1679 451 1712 testator,
478 1679 511 1707 ut
538 1676 627 1713 dicit,
655 1676 778 1707 habere
805 1676 904 1707 debet
929 1684 947 1706 a
974 1674 1079 1706 Paulo
1106 1675 1146 1706 de
1173 1674 1391 1707 Guidobonis
1409 1675 1507 1706 fratre
1527 1675 1604 1706 dicti
1625 1674 1828 1707 Christofori
1848 1677 1879 1706 et
1897 1684 1955 1706 seu
1976 1675 2057 1706 illud
2076 1677 2126 1706 to-

302 1743 369 1770 tum
398 1739 489 1779 quod
517 1739 603 1770 idem
631 1739 790 1769 dominus
816 1740 955 1769 testator
981 1738 1103 1769 habere
1130 1738 1229 1769 debet
1254 1747 1272 1769 a
1298 1738 1387 1769 dicto
1413 1737 1512 1769 fratre
1539 1738 1617 1769 dicti
1643 1736 1880 1770 Christofori...

1086 1913 1376 1952 DLXXXI.

389 2025 416 2053 Il
442 2024 595 2060 Capitolo
621 2023 653 2052 di
677 2024 710 2052 S.
738 2023 903 2060 Agostino
928 2023 971 2051 da
997 2021 1200 2051 investitura
1224 2021 1257 2050 di
1281 2031 1347 2050 una
1372 2030 1451 2050 casa
1476 2021 1508 2050 in
1534 2022 1710 2050 Garlasco.

887 2127 1050 2159 1493,
1080 2128 1430 2158 110vembre,
1460 2126 1536 2151 19.

831 2216 899 2237 Arch.
917 2216 997 2236 Notar.
1014 2216 1036 2236 di
1053 2215 1131 2236 Pavin.
1151 2226 1173 2229 —
1190 2215 1237 2236 Atti
1254 2215 1275 2235 di
1292 2214 1342 2236 Gio.
1361 2215 1448 2235 Franco
1464 2214 1598 2236 Canevaril.

540 2376 541 2401 l

400 2403 448 2519 I
546 2421 569 2446 Ν
595 2414 754 2456 Capitulo
780 2417 968 2446 conventus
993 2413 1133 2445 ecclesie
1158 2414 1189 2444 et
1216 2412 1408 2443 monasterii
1435 2411 1539 2443 sancti
1560 2410 1739 2451 Augustini
1760 2409 1874 2451 Fapie,
1895 2410 2017 2442 ibidem
2044 2419 2124 2442 con-

569 2481 689 2509 vocato
715 2480 746 2509 et
770 2479 985 2517 congregatO,
1013 2476 1171 2506 mandato
1197 2477 1227 2506 et
1254 2475 1475 2515 imposicione
1501 2473 1704 2504 venerabilis
1730 2475 1761 2504 et
1787 2473 1959 2504 reverendi
1995 2473 2120 2504 domini

529 2576 532 2577 ⁷
569 2549 661 2571 sacre
687 2540 856 2580 theologie
883 2538 1032 2579 magistri
1060 2537 1186 2568 domini
1213 2536 1324 2567 fratris
1350 2535 1485 2567 Antonii
1512 2535 1552 2566 de
1579 2534 1639 2566 Ast
1666 2533 1792 2565 Prioris
1810 2535 1888 2566 dicti
1916 2535 2121 2571 monasterii,

304 2604 333 2634 in
361 2613 428 2643 quo
455 2604 589 2643 quidem
627 2603 776 2643 capitulo
813 2601 946 2632 fuerunt
972 2603 1002 2632 et
1027 2600 1151 2631 adsunt
1189 2599 1347 2640 magister
1384 2598 1550 2629 lohannes
1576 2598 1616 2628 de
1642 2600 1759 2628 sancto
1798 2596 1937 2637 Angelo,
1965 2597 2122 2638 magister

304 2665 494 2696 Alexander
521 2666 560 2696 de
588 2665 691 2705 Papia
725 2668 755 2696 et
789 2665 946 2705 magister
973 2663 1138 2694 lohannes
1165 2662 1397 2693 Bertolameus
1423 2661 1463 2692 de
1488 2660 1681 2697 Valmacha,
1719 2659 1819 2690 frater
1852 2659 2054 2691 Ambrosius
2080 2659 2120 2690 de

303 2728 498 2758 Mediolano
519 2728 741 2764 bachalarius,
760 2727 859 2758 frater
877 2726 1109 2757 Bertolameus
1136 2726 1176 2756 de
1202 2723 1388 2757 Castelatio
1415 2723 1570 2759 biblicus,
1596 2721 1696 2753 frater
1713 2721 1894 2753 Zacharias
1920 2722 1960 2753 de
1987 2721 2119 2753 Medio-

303 2791 377 2821 lano
404 2791 562 2830 magister
589 2790 805 2825 studentium,
832 2788 930 2819 frater
957 2788 1113 2819 Didimus
1139 2788 1179 2818 de
1207 2786 1322 2827 Papia,
1349 2786 1448 2817 trater
1474 2784 1629 2816 Thomax
1657 2784 1698 2815 de
1724 2782 1842 2816 Cicilia
1868 2792 1995 2821 cursor,
2021 2783 2120 2815 frater

304 2851 430 2892 Filipus
456 2852 496 2883 de
524 2851 645 2889 Laude,
669 2851 767 2882 irater
786 2850 929 2881 Lazarus
955 2850 995 2881 de
1020 2849 1179 2885 Novaria,
1205 2848 1304 2880 trater
1330 2846 1514 2889 Gregorius
1540 2847 1580 2878 de
1606 2846 1776 2883 Vercellis,
1795 2845 1894 2877 frater
1920 2845 2121 2878 Benedictus

302 2914 342 2945 de
368 2912 510 2951 Cerano,
537 2914 636 2944 frater
662 2913 829 2944 Antonius
848 2913 888 2943 de
908 2912 1055 2948 Francia,
1082 2911 1182 2943 frater
1208 2911 1362 2942 Baxilius
1387 2910 1428 2941 de
1442 2898 1562 2947 ‘Senis
1588 2908 1687 2939 frater
1714 2907 1840 2940 Paulus
1865 2908 1906 2939 de
1933 2907 2003 2946 Ast,
2022 2908 2122 2939 frater

303 2975 421 3007 Petrus
440 2977 479 3007 de
498 2975 725 3012 Castronovo,
752 2975 851 3006 frater
870 2975 1065 3006 Leonardus
1091 2974 1131 3005 de
1151 2974 1180 3004 la
1199 2974 1307 3014 spina,
1333 2972 1433 3003 frater
1458 2971 1642 3002 ieronimus
1668 2970 1708 3001 de
1728 2970 1827 3001 Lenta
1846 2972 1877 3001 et
1895 2969 1995 3001 frater
2022 2969 2122 3001 Fran-

300 3039 411 3069 ciscus
437 3039 477 3069 de
503 3036 635 3070 Cerano
661 3035 759 3077 (sono
785 3037 960 3068 ccmcellati
983 3037 994 3068 ι’
1021 3037 1110 3067 nomi
1133 3035 1307 3075 segmenti:
1334 3033 1445 3065 Frater
1471 3032 1599 3073 Filipus
1626 3032 1666 3063 de
1693 3031 1843 3063 Vicentia
1881 3031 1993 3069 lector,
2020 3031 2120 3062 frater

302 3099 466 3131 lohannes
493 3101 532 3131 de
559 3100 682 3137 Tricio‚
708 3099 807 3130 frater
834 3098 983 3140 Angelus
1009 3099 1049 3129 de
1076 3097 1292 3134 Alexandria,
1318 3095 1417 3127 frater
1435 3094 1676 3135 Simplicianus
1694 3094 1734 3140 de
1753 3093 2003 3131 Monteortono,
2021 3093 2120 3125 frater
