2347 3444
1941 218 1999 250 231

192 352 306 383 ciones
331 351 399 382 fieri
426 360 528 391 posse
554 353 584 383 et
610 360 668 383 seu
695 352 815 384 debere
842 362 900 393 per
925 353 1048 384 dictum
1075 352 1253 385 Iohannem
1281 353 1495 386 Dominicum
1521 356 1594 387 eius
1621 356 1790 394 heredum,
1815 360 1845 388 et
1872 359 1897 389 si
1928 368 2006 390 con-

192 413 331 453 tingeret
357 413 467 453 ipsum
493 413 649 444 devenire
674 414 716 445 ad
742 414 888 454 aliquam
915 414 1166 452 alienacionem,
1193 416 1284 455 quod
1310 418 1387 447 tunc
1413 418 1443 447 et
1469 426 1508 448 eo
1545 426 1624 448 casu
1652 418 1694 449 sit
1719 420 1751 449 et
1784 427 1859 450 esse
1887 420 2006 451 debeat

192 475 268 515 ipso
294 475 362 506 iure
387 477 418 505 et
442 474 530 506 facto
557 476 708 515 privatus
734 476 820 507 dicta
848 477 1028 508 hereditate
1054 479 1084 508 et
1110 477 1219 515 bonis,
1246 487 1310 518 que
1336 479 1532 518 perveniant
1557 482 1587 510 et
1615 481 1786 519 pervenire
1813 481 1955 512 debeant
1975 482 2004 512 in

193 537 430 568 monasterium
456 539 487 568 et
513 546 571 568 seu
597 540 798 569 conventum
826 541 939 570 sancte
966 539 1126 571 Mustiole
1153 539 1277 580 Papie,
1315 540 1406 580 quod
1445 541 1579 581 quidem
1619 543 1856 573 monasterium
1884 545 1915 574 et
1945 552 2002 574 seu

191 601 392 630 conventum
419 599 450 630 in
476 608 516 630 eo
541 608 620 631 casu
648 600 712 631 sibi
740 601 893 632 heredem
921 601 1143 633 universalem
1171 602 1312 633 instituit
1337 604 1367 634 et
1393 602 1579 634 subtituit...
1608 603 1645 634 Et
1665 604 1723 635 hec
1741 607 1791 635 est
1810 613 1870 635 sua
1890 605 2004 636 ultima

192 661 360 698 voluntas,
386 663 446 693 etc.
473 661 702 700 Presentibus,
728 665 788 694 etc.
815 664 969 695 testibus.

1018 848 1184 889 CDLI.

280 964 331 991 La
356 964 542 992 Comunita
568 964 602 992 di
629 965 663 993 S.
691 965 860 993 Mostiola
887 965 1003 994 riceve
1029 966 1053 993 il
1078 971 1288 1002 pagamento
1314 966 1463 994 d'affitto
1489 967 1523 995 di
1548 971 1640 995 terre
1666 967 1721 995 nel
1751 967 1983 996 Siccomario.

832 1088 955 1112 1481
962 1103 975 1119 ‚
1004 1088 1236 1120 gisseno,
1265 1089 1355 1114 30.

740 1185 817 1207 (Areli.
835 1185 915 1205 Notar,
933 1185 954 1205 di
972 1185 1049 1206 Pavia.
1068 1197 1091 1199 —
1108 1186 1155 1206 Alii
1172 1186 1193 1206 di
1211 1186 1331 1207 Leonardo
1347 1186 1462 1207 Buscati:

296 1369 342 1484 Ι
438 1388 461 1414 Ν
485 1383 631 1414 claustro
658 1384 848 1414 monasterii
880 1386 992 1414 sancte
1031 1383 1190 1415 Mustiole
1228 1383 1330 1424 Papie
1336 1410 1385 1415 .....
1425 1384 1639 1417 Reverendus
1665 1385 1823 1415 dominus
1854 1385 2011 1425 magister

431 1448 432 1464 l
458 1445 557 1477 frater
579 1445 703 1477 Galeaz
725 1447 764 1477 de
781 1446 884 1486 Papia
901 1447 989 1486 prior
1007 1448 1037 1477 et
1057 1447 1266 1478 venerabiles
1282 1447 1341 1477 viri
1360 1447 1486 1478 domini
1509 1447 1607 1478 frater
1626 1447 1795 1478 Melchion
1815 1448 1854 1478 de
1875 1448 2009 1483 Lucino,

459 1508 558 1539 frater
583 1508 812 1540 Gulierminus
839 1509 878 1539 de
906 1508 1121 1549 Arigcmibus,
1148 1509 1247 1540 frater
1273 1509 1469 1540 Laurentius
1488 1509 1528 1539 de
1548 1508 1662 1545 ssieua,
1680 1508 1779 1539 frater
1801 1508 2010 1539 'I'lwloineus

190 1569 230 1600 de
256 1568 449 1607 Seraticlio‚
486 1570 585 1601 frater
612 1570 760 1611 Angelus
787 1571 827 1601 de
855 1570 1113 1607 Rusclionibus,
1150 1571 1249 1602 frater
1274 1570 1504 1602 Bertolameus
1530 1571 1570 1601 de
1597 1571 1625 1601 la
1653 1570 1822 1607 Ecclesia,
1856 1573 1885 1601 et
1912 1570 2010 1601 frater

192 1630 343 1671 Baptista
371 1632 410 1663 de
437 1632 560 1673 Zaynis
565 1658 615 1663 .....
642 1632 802 1663 facientes
829 1633 985 1664 maiorem
1012 1642 1052 1664 ex
1080 1634 1245 1664 saniorem
1273 1635 1398 1673 partem
1425 1633 1560 1672 capituli
1583 1635 1613 1663 ct
1632 1641 1690 1663 seu
1717 1635 1904 1663 conventus
1930 1632 2006 1662 dicti

189 1694 380 1724 monasterii
408 1696 523 1725 sancte
551 1694 733 1730 Mustiolle,
760 1695 909 1726 ric‘evono
935 1695 978 1726 aa
1006 1694 1172 1727 Giovanm·
1194 1695 1337 1726 Antonio
1355 1695 1394 1726 (ie
1412 1695 1533 1726 Lacino
1551 1694 1655 1734 delfu
1672 1695 1788 1733 signor
1809 1694 2004 1727 ancesw,

179 1755 295 1795 fiorini
316 1756 367 1791 34,
397 1756 596 1788 becondiam
625 1766 722 1788 unam
750 1758 828 1793 vini,
856 1758 947 1798 paria
974 1758 1041 1788 duo
1066 1766 1244 1797 caponum,
1270 1760 1300 1788 et
1327 1757 1512 1797 plaustrum
1539 1766 1639 1787 unum
1667 1756 1784 1797 pallee,
1811 1757 1922 1787 onmia
1949 1765 2009 1796 pro

188 1818 263 1849 ficto
291 1819 390 1849 unius
415 1820 504 1857 anni,
530 1819 611 1850 finiti
644 1820 673 1850 in
701 1819 787 1850 testo
814 1818 924 1851 Sancti
952 1819 1087 1850 Martini
1115 1820 1267 1860 proxime
1305 1820 1493 1860 preterito..
1528 1819 1760 1859 possessionis
1786 1821 1816 1849 et
1843 1818 2006 1848 bonorum

188 1881 327 1912 sitorum
355 1881 385 1912 in
412 1882 577 1913 territorio
603 1883 707 1913 sancti
735 1882 870 1913 Martini
899 1882 998 1913 Terre
1025 1881 1118 1919 Arse,
1144 1881 1336 1914 Siccomarii
1365 1881 1478 1922 Papie,
1504 1883 1564 1912 etc.

997 2065 1192 2106 CDLII.

276 2184 290 2211 1
315 2183 486 2212 Conventi
512 2183 546 2212 di
573 2184 608 2213 S.
636 2184 823 2212 Dalm-azio
849 2193 866 2212 e
893 2184 927 2212 di
954 2184 989 2212 S.
1018 2183 1184 2211 Mostiola
1201 2183 1243 2211 ed
1262 2183 1271 2211 i
1290 2183 1420 2211 fratelli
1447 2182 1664 2211 Schiaffinati
1691 2181 1858 2217 eleggono
1884 2190 1928 2208 un
1947 2189 2002 2208 ar-

185 2236 278 2265 bitro
302 2245 363 2273 per
388 2237 423 2265 la
448 2237 657 2265 definizione
683 2237 718 2265 di
743 2246 811 2265 una
837 2237 913 2265 loro
939 2241 1119 2265 vertenza.

858 2342 999 2373 1481,
1028 2341 1226 2372 ltlglio‚
1256 2340 1328 2365 18.

746 2440 813 2461 Arcu.
831 2440 910 2460 Notas.
928 2439 948 2459 di
966 2439 1044 2459 Pavia,
1061 2450 1085 2451 j
1102 2438 1149 2459 Atti
1166 2438 1187 2458 di
1205 2438 1325 2459 Leonardo
1342 2437 1457 2458 Buscatr.

425 2653 523 2680 lELLA
547 2651 633 2680 corte
658 2648 711 2680 del
735 2648 885 2679 Palazzo
911 2646 964 2678 del
990 2645 1133 2678 Comum
1159 2645 1193 2676 ιίί
1216 2644 1333 2676 Paula.
1361 2643 1576 2677 Reverendus
1606 2643 1705 2674 frater
1742 2643 1899 2674 dominus
1938 2651 2005 2673 ma-

426 2689 427 2725 l
454 2711 556 2751 gister
582 2710 812 2741 Bertolameus
837 2709 877 2740 de
905 2708 1061 2739 Fazardis
1086 2707 1237 2738 sindicus
1262 2709 1293 2737 et
1334 2708 1527 2746 procurator
1531 2731 1581 2737 .....
1620 2705 1859 2737 venerabilium
1898 2704 2005 2735 domi-

456 2781 571 2803 narum
599 2771 762 2803 Priorisse
788 2774 818 2802 et
853 2770 1050 2801 Monialium
1088 2778 1124 2800 ac
1162 2767 1308 2809 Capituli
1347 2777 1404 2799 seu
1442 2766 1641 2800 Conventus
1678 2767 1869 2798 monasterii
1898 2767 2001 2796 sancti

186 2834 348 2866 Dalmacii
376 2833 489 2875 Papie,
516 2837 607 2874 parte
634 2842 731 2865 una...
757 2835 787 2865 et
814 2832 1015 2864 venerabilis
1042 2831 1199 2862 dominus
1224 2830 1322 2861 frater
1348 2829 1556 2861 Tholomeus
1582 2829 1622 2860 de
1648 2828 1821 2861 Saraticho
1852 2828 2002 2858 sindicus

185 2899 216 2927 et
242 2898 478 2937 procurator...
504 2895 744 2927 venerabilium
771 2895 981 2926 dominorum
1010 2892 1144 2929 Primis,
1171 2891 1318 2923 fratrum.
1344 2890 1490 2932 Capituli
1517 2894 1547 2922 et
1573 2900 1631 2922 seu
1657 2889 1855 2922 Conventus
1889 2897 2003 2919 mona-

186 2959 274 2990 sterii
302 2960 414 2989 sancte
441 2958 601 2989 Mustiole
628 2957 730 2998 Papie
756 2956 894 2989 Ordinis
920 2956 1055 2987 fratrum
1083 2954 1322 2985 Heremitarum
1349 2954 1453 2984 sancti
1482 2952 1659 2993 Augustini
1685 2961 1723 2983 ac
1748 2952 1845 2982 etiam
1884 2959 2002 2990 procu—

186 3023 306 3051 rator...
333 3019 426 3051 Pauli
452 3023 483 3052 et
509 3020 617 3051 lacobi
644 3019 780 3051 fratrum
807 3020 847 3050 de
874 3017 1126 3050 Sclaffenatis....
1153 3019 1244 3057 parte
1270 3016 1415 3046 altera...
1441 3015 1763 3055 compromisserunt
1789 3016 1819 3044 et
1848 3021 2002 3052 compro-

187 3082 350 3113 mittunt...
377 3083 408 3113 in
435 3082 651 3123 spectabilem
679 3082 759 3113 iuris
785 3082 958 3120 utriusque
985 3080 1153 3110 doctorem
1181 3078 1352 3109 dominum
1381 3077 1591 3108 Franciscum
1619 3077 1659 3107 de
1692 3074 1792 3108 Curte
1830 3078 1998 3114 tamquam
