2347 3444
288 204 352 236 218

1063 381 1322 422 CDXXX.

380 503 607 533 Convenzioni
632 504 684 532 del
711 503 864 539 Capitolo
890 501 922 530 di
947 502 979 530 S.
1005 499 1165 529 Mostioia
1188 498 1262 527 coll¹
1277 498 1398 526 orefice
1423 496 1601 526 Guniforto
1627 494 1761 524 Gualini
1784 503 1844 532 per
1869 495 1900 523 la
1924 495 2049 523 fattura
2074 493 2106 522 di

292 567 357 586 una
381 566 477 586 croce
503 557 532 586 d'
547 561 696 593 argento.

960 648 1112 679 14⁷9,
1141 646 1340 678 lug-110,
1367 646 1444 671 14.

862 746 939 767 (Aren.
956 745 1036 766 Notar.
1054 745 1075 765 di
1093 744 1171 765 i’avia⁴
1187 755 1213 758 —
1228 744 1276 764 Atti
1292 743 1314 764 di
1331 743 1422 763 Matteo
1439 742 1544 766 Ferrari).

402 944 447 1058 Ι
542 960 564 985 Ν
592 954 794 985 monasterio
821 956 851 984 et
876 951 1036 993 Capituio
1073 954 1186 983 sancte
1225 950 1398 982 Mustioile
1437 948 1550 990 Papie,
1577 947 1716 980 Ordinis
1743 947 1983 979 Heremitarum
2011 947 2115 978 sancti

565 1015 787 1056 Augustini...
814 1013 899 1046 Cum
926 1014 968 1045 sit
995 1013 1086 1053 quod
1113 1013 1214 1044 modo
1241 1015 1317 1044 sunt
1343 1015 1373 1044 et
1399 1021 1475 1044 esse
1513 1014 1657 1053 possunt
1693 1011 1770 1042 anni
1798 1011 1914 1051 viginti
1941 1013 2016 1041 octo
2043 1018 2120 1050 pro-

564 1079 652 1109 xime
679 1077 834 1118 preteriti,
862 1076 1020 1117 magister
1046 1074 1247 1107 Gunifortus
1273 1075 1313 1106 de
1339 1074 1495 1107 Gualinis
1520 1074 1614 1106 faber
1640 1075 1671 1105 in
1699 1073 1803 1114 Papia
1831 1073 2039 1114 promisserit
2065 1081 2121 1104 ve-

297 1144 503 1176 nsrabilibus
530 1141 677 1172 dominis
704 1139 808 1170 Priori
835 1142 865 1170 et
891 1138 1050 1169 tratribus
1076 1137 1153 1168 dicti
1181 1138 1373 1168 monasterii
1401 1140 1514 1168 sancte
1542 1136 1714 1168 Mustiolle
1739 1135 1847 1167 tacere
1873 1138 1903 1166 et
1928 1138 2120 1166 construere

296 1208 436 1240 Crucem
465 1213 562 1236 unam
591 1203 739 1244 pulcram
766 1202 893 1242 argenti
920 1210 980 1241 pro
1007 1201 1096 1231 dicto
1123 1201 1338 1237 monasterio,
1364 1203 1394 1231 et
1420 1209 1480 1241 pro
1507 1200 1580 1241 ipsa
1599 1199 1753 1230 facienda
1779 1201 1809 1230 et
1835 1198 2060 1230 construenda
2079 1207 2119 1229 ex

297 1275 373 1301 tunc
400 1270 472 1309 ipse
499 1267 658 1307 magister
684 1264 885 1297 Gunitortus
912 1264 1065 1295 habuerit
1090 1266 1121 1294 et
1147 1263 1307 1304 receperit
1331 1263 1374 1294 ab
1401 1263 1485 1303 ipsis
1504 1262 1743 1293 doministunc
1770 1260 1883 1292 Priore
1909 1263 1939 1292 et
1964 1260 2124 1292 fratribus

300 1341 358 1372 pro
397 1333 489 1371 parte
523 1328 710 1360 solucionis
747 1327 898 1358 eiusdem
936 1324 1055 1358 Crucis
1093 1325 1196 1357 libras
1233 1325 1425 1366 octuaginta
1452 1333 1572 1355 novem
1600 1325 1714 1364 imper.
1740 1326 1771 1354 et
1797 1323 1996 1354 becundiam
2024 1331 2122 1354 unam

299 1394 366 1425 vini
394 1392 548 1427 vermilii,
587 1392 684 1431 prout
711 1390 758 1421 sic
785 1398 898 1420 verum
937 1388 1007 1419 fore
1033 1390 1064 1419 et
1089 1397 1164 1419 esse
1202 1389 1274 1428 ipse
1312 1388 1469 1428 magister
1506 1386 1717 1424 Gunifortus,
1755 1388 1875 1426 sponte
1902 1388 1932 1416 et
1958 1394 1999 1416 ex
2037 1387 2124 1416 certa

298 1456 482 1487 scientia...
522 1461 640 1484 versus
678 1451 897 1483 reverendum
925 1451 956 1481 in
983 1449 1119 1482 Christo
1147 1452 1272 1490 patrem
1311 1458 1404 1481 sacre
1442 1450 1563 1490 pagine
1601 1448 1827 1489 professorem
1854 1448 2026 1479 dominum
2054 1455 2122 1478 rna-

300 1519 439 1558 gistrum
467 1515 592 1547 Galeaz
619 1515 658 1546 de
686 1513 790 1554 Papia
808 1510 860 1552 (l)
886 1512 1032 1543 Priorem
1060 1513 1137 1543 dicti
1165 1513 1357 1543 monasterii
1386 1512 1429 1542 ibi
1457 1514 1688 1552 presentem...
1727 1511 1812 1541 dixit
1837 1513 1868 1541 et
1893 1509 2072 1541 confessus
2097 1511 2128 1540 et

302 1582 507 1621 protestatus
545 1577 627 1609 fuit:
653 1586 690 1608 ae
717 1577 796 1607 dicit
833 1575 1008 1607 confitetur
1033 1577 1064 1606 et
1091 1576 1293 1615 protestatur
1330 1583 1366 1605 se
1400 1575 1510 1615 ipsum
1550 1574 1745 1614 magistrum
1783 1571 1999 1605 Gunifortum
2037 1572 2126 1603 dicto

302 1645 450 1682 tempore
478 1641 638 1672 habuisse
665 1642 695 1670 et
721 1639 888 1679 recepisse
894 1663 944 1668 .....
982 1636 1137 1677 Cumque
1174 1637 1272 1668 etiam
1300 1637 1341 1668 sit
1368 1637 1459 1677 quod
1498 1636 1656 1667 mandato
1682 1638 1713 1666 et
1739 1635 1960 1676 imposicione
1993 1642 2130 1665 venera-

304 1705 381 1735 bilis
408 1704 615 1735 decretorum
643 1701 792 1732 doctoris
818 1701 944 1731 domini
972 1700 1092 1731 Vicarii
1120 1699 1390 1730 reverendissimi
1419 1699 1449 1729 in
1476 1697 1613 1730 Christo
1651 1697 1760 1729 Patris
1785 1700 1815 1728 et
1841 1697 1968 1728 domini
2003 1696 2128 1727 domini

303 1766 495 1799 Cardinalis
523 1765 752 1805 Episcopique
779 1763 953 1804 papiensis
979 1765 1009 1793 et
1035 1761 1189 1799 Comitis,
1217 1770 1275 1792 nec
1302 1770 1367 1792 non
1393 1764 1424 1792 et
1449 1761 1573 1801 egregii
1600 1763 1631 1791 et
1657 1760 1821 1800 sapientis
1847 1759 1956 1800 legum
1983 1758 2131 1790 doctoris

303 1829 430 1860 domini
460 1828 580 1859 Vicarii
609 1827 775 1867 magnifici
804 1826 929 1856 domini
958 1824 1140 1856 Potestatis
1167 1823 1281 1864 Papie,
1307 1826 1338 1855 et
1364 1826 1429 1855 tam
1467 1823 1670 1854 coniunctim
1712 1831 1812 1862 quam
1851 1822 2005 1859 divixim,
2032 1823 2063 1852 et
2088 1820 2130 1852 ad

307 1891 504 1922 inztaiieiam
533 1889 736 1920 venerabilis
763 1888 889 1919 domini
928 1887 1038 1918 fratris
1077 1886 1242 1918 Laurentii
1270 1886 1310 1917 de
1337 1886 1440 1917 Bieila
1479 1885 1600 1917 sindici
1627 1887 1657 1916 et
1683 1885 1910 1925 procuratoris
1947 1884 2024 1914 dicti
2063 1892 2133 1913 mo-

304 1953 449 1988 nasterii,
478 1961 587 1992 penex
616 1951 796 1982 Iohannem
824 1949 1005 1980 Antonium
1034 1949 1074 1980 de
1101 1949 1232 1989 Valigio
1258 1957 1295 1979 ac
1322 1948 1362 1979 de
1389 1948 1488 1979 bonis
1514 1950 1544 1978 et
1572 1948 1602 1978 in
1630 1947 1849 1987 preiudieium
1877 1946 1954 1977 dicti
1982 1945 2130 1985 magistri

307 2014 487 2050 Gunitorti,
515 2014 637 2045 factum
664 2013 762 2044 fuerit
789 2013 961 2052 quoddam
989 2014 1201 2052 sequestrum
1229 2011 1268 2042 de
1295 2013 1325 2042 et
1351 2020 1411 2051 pro
1438 2011 1597 2051 predictis
1602 2036 1651 2041 .....
1667 2009 1741 2050 Ipse
1757 2010 1914 2050 magister
1933 2007 2133 2040 Gunitortus

305 2078 423 2108 volens
461 2085 594 2116 parcere
633 2075 807 2106 laboribus
833 2077 864 2105 et
890 2075 1062 2115 expensis,
1100 2073 1161 2104 fuit
1187 2075 1217 2104 et
1243 2076 1292 2104 est
1329 2075 1507 2104 contentus
1533 2072 1624 2112 quod
1659 2073 1768 2112 ipsum
1795 2073 2005 2111 sequestrum
2032 2069 2134 2100 relas-

306 2143 395 2170 setur
426 2139 509 2179 ipsis
547 2139 694 2169 dominis
732 2137 836 2168 Priori
863 2139 893 2168 et
920 2136 1124 2167 Fratribus...
1162 2145 1222 2176 pro
1259 2137 1328 2166 rata
1367 2135 1479 2166 debita
1505 2137 1535 2166 et
1561 2144 1621 2175 pro
1647 2134 1840 2174 expensis...
1875 2133 1916 2164 ad
1944 2133 2006 2163 hoe
2033 2134 2066 2163 ut
2092 2131 2132 2162 de

308 2202 392 2242 ipsis
419 2202 571 2242 pecuniis
597 2200 819 2241 sequestratis
844 2200 907 2230 emi
935 2199 1043 2239 possit
1069 2200 1242 2239 argentum
1269 2200 1299 2229 et
1318 2198 1416 2228 etiam
1436 2197 1500 2228 alia
1520 2197 1708 2228 necessaria
1727 2205 1786 2236 pro
1807 2196 1879 2236 ipsa
1898 2194 2005 2227 Cruce
2024 2193 2133 2225 fienda

307 2268 337 2294 et
364 2264 602 2295 construenda.

399 2326 436 2356 Et
464 2326 547 2366 ipsis
573 2325 732 2356 tratribus
759 2325 789 2355 in
817 2324 965 2364 capitulo
990 2324 1197 2360 convocatis,
1225 2323 1255 2353 in
1275 2332 1342 2362 quo
1369 2322 1504 2362 quidem
1523 2321 1671 2362 capitulo
1690 2330 1798 2361 penex
1818 2320 1941 2351 dictum
1961 2319 2133 2350 dominum

311 2387 468 2423 Priorem,
495 2392 586 2419 erant
612 2390 642 2418 et
668 2389 744 2418 sunt
771 2387 981 2418 venerabiles
1008 2387 1067 2417 viri
1094 2385 1194 2416 frater
1220 2385 1389 2416 Melchion
1416 2385 1456 2415 de
1484 2384 1618 2422 Lucino,
1644 2383 1743 2414 frater
1772 2381 1973 2414 Guillelmus
1998 2382 2038 2412 de
2065 2380 2137 2412 Ari-

311 2451 467 2487 gonibusv
506 2450 604 2481 trater
642 2449 827 2480 Tolomeus
853 2449 893 2479 de
920 2447 1090 2485 Serattco,
1128 2447 1227 2478 frater
1264 2446 1457 2487 Stephanus
1483 2446 1523 2477 de
1549 2445 1667 2478 Cumis
1692 2448 1722 2476 et
1747 2445 1846 2476 frater
1873 2444 2070 2475 Franciscus
2095 2443 2135 2474 de

310 2512 510 2543 Pannona..
537 2511 698 2542 facientes
703 2537 764 2542 ......
792 2511 868 2551 pluz
896 2519 996 2550 quam
1024 2510 1108 2541 duas
1135 2512 1247 2550 partes
1273 2518 1313 2540 ex
1342 2509 1448 2540 tribus
1475 2509 1687 2539 dominorum
1725 2507 1861 2538 fratrum
1905 2505 2134 2546 professorum

312 2574 527 2605 existentium
557 2573 798 2613 presentialiter
826 2573 855 2603 in
884 2573 972 2603 dicto
1000 2572 1236 2603 monasterio...
1265 2572 1336 2612 ipse
1363 2571 1520 2611 magister
1558 2568 1790 2602 Gunifortus...
1818 2569 1979 2609 promittit
2004 2571 2034 2599 et
2059 2576 2138 2598 con-

314 2636 403 2666 venit
430 2635 528 2665 dictis
554 2635 700 2665 dominis
728 2634 831 2664 Priori
859 2637 889 2665 et
916 2634 1086 2665 Fratribus
1113 2634 1234 2664 dictam
1261 2632 1401 2665 Crucem
1432 2632 1539 2663 tacere
1565 2634 1595 2662 et
1612 2634 1804 2662 construere
1823 2630 1906 2661 infra
1925 2631 2012 2661 duos
2029 2637 2137 2661 annos

315 2698 467 2737 proxime
494 2696 624 2727 tuturos
650 2700 679 2727 et
707 2706 805 2736 quarn
833 2705 962 2727 crucem
1005 2698 1186 2727 teneatur...
1224 2695 1331 2726 facere
1357 2697 1387 2726 et
1413 2696 1605 2725 construere
1632 2702 1695 2734 que
1722 2694 1764 2724 sit
1790 2693 1950 2733 ponderis
1975 2693 2006 2723 in
2033 2693 2137 2723 totum

314 2760 484 2789 onziarum
513 2759 757 2798 quinquaginta
784 2758 909 2797 argenti
938 2758 1025 2797 liglie
1052 2758 1236 2797 papiensis.
1264 2756 1301 2787 Et
1329 2757 1401 2796 ipsa
1427 2765 1523 2787 cruce
1549 2756 1595 2787 sic
1621 2755 1707 2786 facta
1726 2757 1756 2786 et
1774 2756 1963 2786 constructa
1990 2754 2052 2794 ipsi
2080 2753 2139 2784 do-

317 2822 426 2852 minus
454 2820 546 2851 Prior
572 2823 602 2851 et
630 2820 791 2851 Fratres...
819 2822 1024 2851 teneantur...
1051 2820 1182 2850 solvere
1208 2819 1315 2850 eidem
1358 2819 1518 2858 magistro
1555 2816 1735 2849 Guniforto
1761 2817 1802 2848 ad
1829 2819 1859 2848 et
1885 2825 1986 2856 super
2023 2817 2138 2852 totum,

317 2885 415 2915 etiam
442 2886 634 2923 computata
662 2882 880 2913 manitactura
907 2882 992 2913 dicte
1019 2881 1138 2914 Crucis
1165 2881 1267 2912 libras
1294 2881 1505 2921 quatraginta
1533 2880 1647 2920 imper.
1673 2882 1704 2910 et
1730 2888 1795 2910 non
1823 2878 1917 2915 ultra,
1943 2880 2067 2909 attenta
2093 2885 2141 2908 re-

391 3050 408 3069 li
424 3049 509 3069 Galeaz
526 3049 553 3069 dc
571 3048 641 3073 Papia
657 3048 668 3068 e
685 3048 698 3068 il
715 3047 846 3071 Religioso,
872 3047 913 3068 che
935 3047 956 3067 in
972 3047 1023 3068 altri
1044 3047 1176 3067 documenti
1192 3047 1204 3067 ὲ
1262 3046 1319 3070 Μᾶῖς
1335 3046 1363 3066 cd
1379 3046 1450 3066 anche
1466 3045 1551 3066 Galcaz
1571 3045 1600 3066 de
1615 3045 1638 3066 Ia
1663 3044 1776 3068 Claram,
1800 3044 1851 3065 vcdi
1874 3044 1888 3064 il
1908 3044 2049 3065 documento
2073 3043 2109 3064 del
2123 3043 2136 3063 ⁴

323 3093 388 3114 detto
405 3094 489 3113 (jule-111.
505 3093 533 3113 dt·
553 3092 746 3117 vicecomitibus,
772 3092 822 3112 vedi
839 3092 852 3111 il
868 3091 1008 3112 documento
1031 3091 1067 3112 del
1083 3092 1094 3111 4
1110 3091 1203 3111 ottobre
1259 3091 1344 3115 giugno
1360 3090 1396 3111 dei
1416 3090 1472 3111 1483.
