2347 3444
302 220 366 252 226

391 352 501 383 Frater
527 352 688 384 Nicolaus
713 352 753 383 de
780 351 954 382 Modoetia
981 349 1119 382 Ordinis
1145 349 1249 380 sancti
1278 347 1456 389 Augustini

393 414 443 446 Ad
470 414 694 446 sacerdotium

392 476 502 508 Frater
529 477 725 508 Laurentius
751 477 791 507 de
817 474 983 507 Cremona
1010 473 1148 505 Ordinis
1175 472 1279 503 sancti
1308 470 1401 503 Pauli
1427 469 1489 511 (l).

393 538 503 570 Frater
529 538 611 569 Abel
638 538 678 569 de
704 537 914 577 Octolengtio
940 534 1078 567 Ordinis
1104 534 1334 574 suprascripti.

1101 680 1323 722 CDXLI.

394 795 443 822 La
468 790 652 824 Comunit'a
677 791 708 820 di
734 792 768 820 S.
795 790 954 819 Mostiola
978 794 1164 819 commette
1188 799 1208 818 a
1231 790 1316 818 frate
1342 789 1534 826 Apollinare
1559 789 1601 818 da
1624 786 1750 818 Milano
1775 788 1808 817 di
1832 788 1981 817 ricevere
2020 787 2040 817 1’
2054 797 2124 817 ere-

304 847 374 876 dita
401 847 432 875 di
457 847 541 874 frate
567 845 685 874 Nicola
709 844 832 881 Maggi.

951 939 1106 970 1480,
1135 939 1372 971 giaxgrno,
1403 938 1481 964 13.

856 1028 932 1051 (Arcti.
950 1028 1030 1048 Not-ar.
1047 1027 1068 1048 di
1086 1027 1156 1048 Pax-ia
1172 1038 1195 1040 —
1212 1027 1259 1048 Atti
1276 1027 1298 1047 di
1315 1026 1435 1047 Leonardo
1459 1026 1570 1047 Buscatb.

406 1216 453 1331 I
554 1232 576 1258 N
602 1228 748 1258 claustro
775 1226 975 1266 infrascripti
1003 1226 1228 1256 monasterii...
1257 1224 1473 1257 Reverendus
1499 1233 1591 1256 sacre
1618 1225 1738 1265 pagine
1769 1224 1941 1265 professor
1971 1225 2128 1256 dominus

576 1291 733 1331 magister
758 1289 857 1320 frater
883 1287 990 1321 Galus
1016 1288 1056 1319 de
1083 1287 1187 1328 Papia
1214 1288 1359 1319 vicarius
1385 1290 1416 1318 et
1441 1287 1651 1318 venerabiles
1677 1287 1803 1318 domini
1830 1286 1928 1318 frater
1947 1285 2065 1318 Petrus
2091 1286 2131 1318 de

574 1351 702 1387 Calvis.
728 1351 828 1383 frater
856 1351 1025 1382 Melchion
1053 1351 1093 1382 de
1120 1351 1255 1387 Lucino,
1282 1350 1381 1381 frater
1418 1349 1616 1380 Laurentius
1642 1349 1682 1380 de
1709 1348 1831 1387 BieHa,
1868 1349 1968 1380 frater
2004 1348 2131 1380 Tholo-

309 1425 402 1448 meus
428 1416 468 1447 de
494 1414 679 1451 Saraticlio,
706 1414 804 1445 frater
831 1413 992 1454 Angelius
1019 1414 1059 1444 de
1079 1412 1328 1449 Ruschonibus‚
1362 1411 1461 1443 frater
1480 1411 1710 1443 BertoIameus
1729 1411 1818 1442 dela
1848 1411 2007 1449 Ecclesia,
2033 1410 2131 1442 frater

309 1479 450 1519 Moyses
476 1479 515 1509 de
543 1477 647 1513 Busti,
674 1486 791 1507 omnes
817 1476 935 1507 fratres
960 1484 1122 1516 expresse
1149 1475 1293 1515 professi
1320 1473 1459 1506 Ordinis
1486 1474 1726 1505 Heremitarum
1754 1474 1858 1504 sancti
1893 1472 2072 1514 Augustini
2099 1473 2130 1504 in

308 1540 486 1573 Conventu
515 1543 627 1571 sancte
655 1539 815 1570 Mustiole
843 1539 1030 1578 papiensi...
1057 1537 1218 1568 facientes
1244 1537 1320 1577 plus
1357 1545 1456 1576 quam
1495 1536 1580 1567 duas
1618 1538 1729 1576 partes
1754 1545 1795 1566 ex
1822 1535 1929 1566 tribus
1961 1535 2131 1575 capituli...

308 1603 467 1634 fatiunt...
494 1606 606 1634 creant
632 1604 661 1633 et
688 1602 844 1632 ordinant
871 1600 1089 1631 reverendum
1117 1600 1290 1630 dominum
1319 1600 1513 1639 magistrum
1540 1598 1672 1629 fratrem
1701 1597 1915 1638 Apolinarem
1943 1598 1983 1628 de
2003 1597 2134 1628 Medio—

310 1666 386 1696 lano
413 1666 490 1696 dicti
518 1664 656 1695 Ordinis
683 1664 726 1695 ibi
755 1666 975 1704 presentem...
1002 1665 1031 1693 et
1057 1664 1318 1702 acceptantem...
1346 1661 1510 1692 sindicum
1538 1663 1567 1691 et
1594 1663 1840 1701 procuratorem
1868 1669 1981 1691 eorum
2008 1663 2038 1691 et
2056 1669 2135 1691 con-

312 1732 466 1758 ventus...
505 1727 694 1767 specialiter
731 1726 772 1757 ad
810 1725 1086 1765 consequendum
1117 1726 1147 1755 et
1185 1724 1445 1764 recipiendum...
1472 1731 1510 1753 ea
1537 1732 1600 1762 que
1628 1723 1690 1762 ipsi
1730 1722 1855 1753 domini
1893 1722 2135 1753 constituentes

312 1790 489 1829 dictusque
515 1791 734 1820 conventus...
762 1792 933 1827 tamquam
961 1787 1100 1818 heredes
1127 1786 1298 1826 quondam
1326 1786 1451 1816 domini
1480 1784 1656 1821 Francisci,
1682 1784 1783 1815 aliiax
1812 1784 1993 1824 nuncupati
2024 1783 2135 1815 fratris

313 1851 454 1883 Nic11‹›la
481 1852 521 1883 de
549 1851 685 1887 Madiis‚
711 1850 789 1881 olim
817 1849 927 1881 fratris
954 1848 1098 1889 professi
1127 1849 1157 1879 in
1185 1848 1273 1879 dicto
1299 1850 1466 1879 conventu
1494 1849 1608 1878 sancte
1635 1846 1827 1884 Mustiolle‚
1855 1846 1976 1877 habere
2013 1846 2136 1877 debent

312 1919 343 1946 et
370 1918 480 1955 petere
507 1916 662 1954 possunt.

1103 2057 1350 2099 CDXLII.

403 2172 454 2199 La
480 2170 667 2199 Comunita
693 2170 728 2198 di
755 2169 790 2198 S.
818 2168 988 2197 Mostiola
1014 2168 1131 2196 riceve
1157 2168 1181 2195 il
1206 2172 1417 2204 pagamento
1443 2166 1475 2195 d'
1494 2166 1606 2195 affitto
1632 2166 1688 2194 dei
1713 2165 1792 2194 beni
1819 2165 1853 2193 in
1878 2165 2083 2201 Cilavegna.

972 2263 1127 2295 1480,
1157 2264 1397 2294 ottol)re‚
1430 2262 1482 2287 2.

863 2353 940 2373 «Arctiv
958 2352 1038 2373 Notat,
1055 2352 1076 2372 di
1094 2351 1172 2373 Pavia.
1189 2363 1214 2365 —
1230 2351 1277 2372 Atti
1294 2351 1315 2372 di
1333 2350 1453 2372 Leonardo
1470 2350 1581 2371 ssuscatii.

426 2540 473 2654 I
566 2557 588 2582 Ν
614 2552 759 2583 claustro
787 2551 977 2582 monasterii
1005 2553 1118 2581 sancte
1145 2550 1316 2581 Mustiolle
1322 2575 1371 2580 .....
1398 2547 1579 2581 Confessio
1604 2547 1690 2579 facta
1717 2557 1774 2588 per
1808 2548 2017 2580 venerabiles
2050 2549 2141 2580 viros

589 2614 745 2644 dominos
783 2614 976 2653 magistrum
1015 2611 1138 2644 Galeaz
1165 2613 1205 2643 de
1232 2611 1346 2652 Papia,
1383 2619 1475 2643 sacre
1513 2610 1633 2651 pagine
1667 2609 1904 2650 professorem,
1931 2611 2084 2651 priorem,
2109 2614 2140 2642 et

455 2712 481 2713 L.
589 2676 761 2706 dominum
790 2677 983 2715 magistrum
1011 2675 1143 2706 fratrem
1172 2674 1348 2707 Raffaelem
1377 2674 1416 2705 de
1423 2699 1472 2704 .....
1499 2672 1631 2703 fratrem
1652 2671 1783 2704 Petrum
1803 2673 1843 2704 de
1862 2672 1989 2711 Calvis,
2008 2673 2139 2706 fratrem

323 2740 533 2770 Laurentium
561 2739 601 2769 de
629 2737 777 2778 Bugella,
804 2737 936 2768 fratrem
956 2737 1179 2768 Tholomeuin
1195 2737 1235 2768 de
1251 2736 1435 2773 Saraticiio,
1450 2735 1582 2766 fratrem
1602 2734 1765 2775 Angelum
1792 2735 1832 2766 de
1860 2735 2140 2768 Ruschonibus....

322 2801 482 2832 facientes
509 2800 584 2840 pius
611 2809 710 2839 quam
738 2800 822 2830 duas
850 2802 960 2839 partes
986 2808 1026 2830 ex
1054 2799 1160 2829 tribus
1186 2798 1321 2838 capituli
1328 2823 1378 2829 .....
1406 2805 1524 2828 versus
1562 2796 1805 2828 Bertolameum
1833 2798 1873 2828 de
1899 2796 2055 2830 Ouida....
2081 2807 2141 2839 pro

322 2864 398 2894 ficto
425 2863 524 2893 unius
549 2862 625 2893 anni
633 2887 683 2892 .....
711 2861 951 2901 proprietatum
979 2861 1163 2900 positarum
1191 2861 1221 2890 in
1248 2860 1412 2890 territorio
1439 2857 1627 2899 Ciravegne
1645 2856 1706 2897 (2).

393 3013 411 3035 1)
427 3011 493 3031 Frate
511 3011 614 3031 Lorenzo
630 3010 658 3030 da
675 3009 788 3031 Cremona
805 3009 827 3029 lu
844 3009 878 3029 nel
897 3009 947 3030 1509
969 3009 1040 3029 elctto
1057 3008 1148 3029 Vicario
1164 3007 1206 3029 Ge·
1263 3007 1318 3028 Vcdi
1335 3007 1451 3032 TORELL1‚
1467 3007 1514 3032 vn,
1530 3007 1576 3027 576,

328 3056 404 3076 nernle
420 3055 479 3076 della
496 3054 686 3080 Congregazione
704 3053 832 3074 Lonibarda
849 3053 884 3073 nel
901 3052 1009 3078 Capitolo
1026 3052 1162 3078 presiediito
1182 3051 1210 3072 da
1319 3052 1348 3075 (2)
1365 3051 1420 3071 Vedi
1437 3051 1441 3071 i
1458 3050 1590 3071 documenti
1606 3051 1642 3071 del
1658 3052 1683 3072 23
1698 3052 1825 3073 settembre
1841 3052 1868 3072 ed
1883 3052 1896 3073 8
1911 3053 2036 3073 novembre
2054 3052 2113 3073 1481.

329 3099 387 3120 frate
406 3100 533 3120 Francesco
556 3099 584 3119 da
611 3098 680 3119 l’avia
703 3103 768 3119 come
792 3097 905 3122 Delegato
928 3097 963 3117 del
988 3096 1066 3117 Priore
1089 3095 1208 3117 Generale.
