2347 3444
287 222 346 255 196

283 356 384 387 terius
411 356 450 387 de
476 354 587 391 Curte.
614 356 776 397 Magister
802 357 1005 387 studentium
1032 355 1129 386 trater
1156 354 1345 385 Alexander
1371 354 1411 384 de
1438 352 1611 393 Pergamo,
1638 354 1840 385 venerabilis
1865 362 1980 385 cursor
1997 353 2095 385 trater

284 417 448 449 lohannes
474 418 514 449 de
541 418 703 454 Bononia,
730 418 828 450 frater
867 417 1056 449 Bernardus
1082 417 1122 447 de
1150 415 1320 446 Provintia
1359 414 1546 451 provintie,
1584 414 1683 446 frater
1720 414 1838 446 Petrus
1864 415 1904 446 de
1930 415 2095 451 Tolossa.

284 480 382 511 frater
409 480 599 512 Heusebius
624 481 664 512 de
693 481 897 515 Mediolano,
916 479 1014 510 frater
1034 478 1189 509 Didimus
1207 478 1247 508 de
1267 477 1409 518 Brayda,
1428 476 1526 508 frater
1545 476 1754 518 Augustinus
1773 477 1812 508 de
1832 477 1973 513 Frantia,
1999 477 2097 509 trater

284 541 424 573 lacobus
449 543 489 573 de
517 542 694 579 Lamania,
732 542 829 573 trater
867 541 1006 572 lacobus
1033 541 1072 571 de
1098 538 1251 575 Cerviis,
1285 538 1383 570 frater
1410 538 1574 570 lohannes
1600 538 1640 570 de
1668 537 1782 579 Papia,
1808 538 1906 570 frater
1941 538 2098 579 Augusti-

285 613 347 635 nus
373 605 413 635 de
440 604 638 636 Boetiazinis
664 605 703 635 de
731 603 844 644 Papia,
871 603 968 634 trater
995 602 1158 633 lohannes
1185 600 1302 632 Petrus
1321 601 1361 632 de
1381 600 1517 641 Papia...
1543 601 1774 632 costituiscono
1800 601 1868 632 loro
1889 603 2098 641 procuratore

285 675 301 697 e
324 667 461 697 sinciaco
487 667 539 698 del
563 669 748 697 [monastero
767 665 989 696 venerabilem
1009 667 1038 695 et
1065 663 1283 695 reverendum
1311 671 1402 694 sacre
1429 663 1596 703 theologie
1623 663 1817 703 magistrum
1844 663 2015 694 dominum
2035 662 2100 694 fra-

286 731 365 759 trem
392 727 605 760 Gunifortum
633 729 673 759 de
701 727 803 767 Papia
821 724 882 765 (l).

1044 873 1350 914 CCCXCVI.

374 985 400 1012 11
428 984 549 1012 Priore
576 983 663 1011 frate
690 982 864 1018 Agostino
891 982 1056 1010 Marliani
1083 982 1236 1010 concede
1270 981 1380 1010 affitto
1413 981 1608 1010 novennale
1635 982 1669 1010 di
1695 991 1740 1010 un
1764 986 1903 1010 terreno
1929 981 1984 1010 del
2011 982 2100 1011 Con-

286 1043 404 1066 vento.

939 1129 1096 1162 1476,
1125 1132 1369 1161 ottol)re‚
1400 1131 1450 1155 7.

847 1220 924 1243 (Arche
942 1219 1022 1240 Notarr
1040 1219 1061 1239 di
1078 1219 1157 1240 Pavia.
1174 1230 1198 1232 —
1214 1219 1262 1240 Atti
1279 1219 1300 1239 di
1318 1218 1438 1240 Leonardo
1455 1218 1567 1243 Buscati).

391 1406 438 1521 I
533 1424 555 1450 Ν
581 1419 726 1450 claustro
753 1419 943 1450 monasterii
971 1421 1084 1450 sancte
1119 1419 1291 1450 Mustiolle
1318 1417 1454 1459 Papie...
1482 1418 1697 1451 Reverendus
1723 1422 1815 1459 pater
1848 1419 2005 1451 dominus
2039 1427 2107 1450 ma-

554 1482 656 1522 gister
686 1480 895 1522 Augustinus
922 1481 962 1512 de
988 1481 1155 1512 Marliano
1181 1490 1273 1513 sacre
1300 1482 1420 1522 pagine
1458 1480 1652 1521 professor,
1689 1480 1827 1513 Ordinis
1865 1481 2104 1512 Heremitarum

514 1580 518 1581 ⁷
555 1545 659 1575 sancti
699 1543 876 1585 Augustini
904 1543 1039 1584 papie...
1067 1544 1152 1575 locat
1177 1544 1219 1588 ad
1250 1545 1480 1575 massaricium
1507 1547 1537 1576 et
1563 1545 1696 1575 nomine
1733 1545 1951 1575 massaricii...
1976 1553 1994 1575 a
2020 1543 2106 1575 festo

288 1608 391 1638 sancti
421 1607 554 1638 Martini
583 1607 736 1647 proxime
761 1606 861 1637 futuri
889 1615 997 1646 usque
1022 1607 1064 1637 ad
1090 1615 1199 1638 annos
1226 1615 1346 1638 novem
1365 1607 1488 1638 exinde
1514 1607 1666 1647 proxime
1692 1609 1896 1647 sequuturos
1925 1605 2106 1639 Ciuillelmo

287 1669 328 1700 de
355 1667 664 1700 Guarnaschellis...
693 1668 813 1700 Portus
840 1668 961 1700 Albare
987 1669 1027 1700 de
1054 1668 1138 1700 ultra
1165 1667 1326 1700 Padum...
1354 1670 1475 1709 petiam
1503 1678 1601 1700 unam
1629 1671 1711 1700 terre
1730 1669 1847 1709 partim
1874 1669 2051 1700 advineate
2077 1671 2107 1700 et

289 1732 406 1772 partim
433 1732 588 1763 cultive...
615 1732 646 1762 in
673 1732 836 1762 territorio
864 1730 970 1762 Arene
997 1739 1055 1762 seu
1083 1730 1205 1762 Portus
1232 1730 1386 1763 Albare...
1412 1731 1452 1763 Et
1479 1730 1680 1763 Guillelmus
1717 1732 1879 1772 promittit
1916 1731 2046 1763 solvere
2079 1734 2111 1763 et

289 1794 426 1825 reddere
451 1795 540 1825 omni
567 1803 666 1830 anno,
692 1796 841 1835 tempore
867 1794 1038 1831 messium,
1064 1794 1149 1825 duas
1176 1796 1287 1834 partes
1304 1803 1345 1825 ex
1366 1795 1514 1834 quinque
1539 1795 1687 1825 omnium
1714 1794 1889 1826 bladorum
1915 1803 2109 1835 grossorum

289 1860 320 1888 et
345 1857 385 1888 de
412 1857 602 1897 margaticis
628 1857 761 1888 terciam
790 1859 927 1897 partem,
954 1856 1111 1887 detractis
1136 1858 1278 1894 aratura,
1305 1859 1335 1888 et
1361 1858 1510 1897 tempore
1536 1857 1778 1888 vindemiarum
1806 1857 2014 1888 medietatem
2041 1865 2112 1887 om-

291 1920 379 1950 nium
407 1919 571 1950 fructuum
598 1928 615 1950 a
647 1919 780 1950 brocha.

1041 2067 1372 2108 CCCXCVII.

380 2176 619 2205 Convenzioni
646 2177 813 2212 stipulate
839 2176 897 2205 dal
925 2176 1047 2204 Priore
1074 2176 1108 2204 di
1135 2177 1170 2205 S.
1198 2176 1380 2210 Mostiola,
1408 2177 1497 2204 frate
1524 2176 1735 2204 Melchiorre
1761 2175 1897 2209 Lucini‚
1924 2184 1985 2212 per
2021 2175 2042 2203 1·
2061 2176 2111 2204 as-

291 2229 368 2258 fitto
395 2230 450 2258 del
477 2230 576 2258 forno
603 2230 659 2258 del
690 2230 883 2258 Convento.

921 2325 1074 2355 1473,
1095 2325 1415 2356 ‹⁷110e111b1-e·⁹
1435 2326 1488 2350 ὃ.

848 2413 926 2434 «Ascli.
944 2413 1050 2434 Notardi
1068 2413 1138 2435 Pavia
1154 2425 1178 2427 *
1195 2414 1243 2434 Atti
1259 2414 1281 2434 di
1299 2413 1418 2434 Leonardo
1436 2413 1547 2438 Buscati).

362 2596 484 2712 N
541 2615 629 2641 ΒΗΑ
648 2620 729 2642 casa
747 2611 801 2642 del
818 2611 986 2642 causidico
1005 2611 1146 2643 Antonio
1173 2612 1212 2643 cie
1240 2611 1354 2647 Cosso,
1382 2611 1581 2643 Parroccln'a
1606 2611 1641 2642 di
1658 2610 1690 2643 S.
1719 2610 1933 2643 Colomlmno.
1954 2610 2110 2643 Conven-

561 2673 674 2703 cioues
701 2673 784 2704 facte
811 2683 867 2714 per
893 2676 923 2705 et
950 2675 1031 2705 inter
1058 2674 1267 2705 venerabiles
1304 2674 1461 2705 dominos
1497 2673 1629 2705 fratrem
1668 2673 1890 2704 Melchionem
1918 2674 1958 2705 de
1985 2674 2108 2705 Lucino

297 2797 486 2827 monasterii
514 2800 543 2827 et
569 2797 706 2829 ecclesie
733 2801 845 2829 sancte
872 2799 1043 2830 Mustiolle
1070 2798 1205 2839 Papie...
1233 2802 1323 2839 parte
1350 2807 1425 2835 una,
1451 2801 1481 2829 et
1508 2797 1693 2829 Stettanum
1713 2798 1753 2829 de
1783 2797 1901 2830 Sachis
1927 2798 2107 2830 furnarium

562 2734 707 2766 Priorem
733 2740 763 2767 et
789 2736 919 2768 fratrem
945 2736 1075 2768 Petrum
1102 2737 1142 2768 de
1169 2736 1286 2769 Calvis
1311 2737 1475 2768 sindicum
1509 2740 1540 2767 et
1569 2739 1815 2776 procuratorem
1821 2762 1871 2768 .....
1904 2739 2108 2773 conventus,

297 2862 387 2899 parte
412 2859 524 2895 altera,
551 2861 733 2891 occaxione
761 2860 946 2892 differentie
974 2863 1131 2893 vertentis
1158 2863 1239 2893 inter
1266 2862 1358 2902 ipsas
1385 2864 1495 2902 partes
1520 2869 1629 2892 coram
1656 2861 1793 2891 domino
1820 2861 1928 2892 Iudice
1960 2860 2109 2894 Rationis

297 2921 421 2952 domini
443 2920 621 2952 potestatis
649 2920 760 2962 Papie.
787 2924 969 2954 occaxione
996 2924 1117 2955 domus
1142 2933 1215 2955 cum
1242 2923 1339 2954 turno
1358 2924 1434 2954 dicti
1465 2925 1683 2954 conventus...
1715 2923 1752 2954 Et
1782 2923 1933 2954 volentes
1958 2932 1975 2954 a
1995 2923 2108 2955 litibus

368 3083 372 3101 1
402 3074 417 3099 Ε
433 3079 490 3100 frate
503 3079 593 3100 ‚maneo
609 3079 636 3100 de
647 3079 732 3103 Rabiis‚
749 3085 813 3100 come
825 3079 836 3100 t·
848 3080 983 3105 specificato
995 3081 1179 3101 uelducuuicnto
1235 3081 1270 3101 del
1290 3081 1312 3101 19
1327 3081 1432 3101 tebbraiu
1450 3080 1506 3101 1476Δ
