2347 3444
1870 213 1930 244 109

120 349 356 381 verendissimi
383 349 413 380 in
440 346 575 380 Christo
602 347 710 380 Patris
736 347 861 378 domini
889 346 1036 386 magistri
1068 345 1182 377 Iuliani
1209 345 1250 376 de
1277 343 1387 376 Salem
1414 344 1455 376 de
1482 342 1600 376 Cicilia
1638 343 1813 375 Generalis
1851 344 1929 376 dicti

118 410 257 444 Ordinis
283 411 388 443 sancti
415 410 594 451 Augustini
613 407 674 449 (1),
700 418 775 441 cum
802 418 869 450 quo
897 408 1056 449 magistro
1082 407 1259 439 Laurentio
1285 415 1344 447 per
1369 407 1462 446 prius
1488 406 1682 446 coloquium
1701 407 1731 436 et
1751 406 1931 446 participa-

120 474 251 505 cionem
278 474 308 504 in
336 473 397 504 hac
425 481 457 504 re
483 472 681 506 habuerunt.
709 474 769 503 etc.

869 626 1188 668 CCLXXVI.

209 738 237 766 11
263 738 361 766 Duca
387 738 422 766 di
448 737 580 766 Milano
606 737 787 765 autorizza
813 745 880 764 una
904 744 1055 772 proroga
1079 735 1173 763 nella
1198 743 1307 763 causa
1332 733 1425 769 degli
1455 732 1649 761 Eremitani
1664 732 1698 761 di
1717 733 1750 763 S.
1770 732 1934 760 Barnaba

120 791 156 820 di
182 791 329 819 Brescia
347 788 406 831 (2).

747 857 900 889 1467,
929 857 1209 887 fe1)l)rai0‚
1230 856 1320 881 20.

656 947 729 967 much.
747 946 826 967 Notat.
843 946 864 966 di
882 945 959 966 Pavia.
976 956 1001 959 —
1017 945 1064 966 Atti
1080 945 1101 965 di
1118 944 1231 969 Agostino
1247 944 1406 969 Gravanagoi.

138 1069 139 1100 l

138 1104 140 1193 1
206 1115 313 1230 D
371 1133 420 1160 UX
447 1127 631 1159 Mediolani
658 1129 719 1158 etc.
747 1126 850 1167 Papie
877 1126 1102 1167 Anglerieque
1128 1123 1253 1156 Comes
1278 1133 1317 1156 ac
1343 1122 1509 1156 Cremone
1535 1123 1704 1154 dominus.

138 1198 140 1289 l

121 1316 293 1356 quondam
320 1313 458 1355 Georgii
484 1315 526 1345 de
553 1314 707 1345 Bertonis
734 1314 774 1345 de
801 1313 905 1353 Papia
931 1315 962 1344 et
987 1314 1216 1352 exequutores
1253 1311 1443 1343 testamenti
1481 1310 1558 1341 dicti
1586 1310 1757 1350 quondam
1784 1308 1935 1349 Georgii,

481 1189 609 1221 Dilecte
648 1191 769 1221 noster.
809 1188 1038 1220 intelleximus
1064 1196 1128 1228 que
1155 1186 1341 1227 scripsistis
1366 1185 1454 1217 eirca
1489 1185 1659 1216 materiam
1698 1192 1811 1221 cause,
1837 1193 1936 1224 quam

174 1289 198 1290 ἶ
239 1250 364 1290 fflffjl
393 1252 492 1283 vobis
528 1252 762 1292 superioribus
798 1251 920 1282 diebus
961 1250 1202 1287 commisimus,
1228 1250 1313 1280 inter
1337 1247 1518 1280 Salvatiam
1545 1248 1586 1279 de
1614 1247 1758 1279 inversis
1792 1247 1938 1278 relictam

121 1387 161 1409 ac
185 1378 342 1408 dominos
369 1375 517 1407 Priorem
544 1378 574 1407 et
601 1375 731 1407 Fratres
769 1375 961 1406 monasterii
988 1375 1093 1405 sancti
1133 1373 1286 1405 Barnabe
1320 1372 1446 1404 Brissie
1474 1375 1566 1413 parte
1594 1381 1669 1410 una,
1695 1374 1726 1403 et
1753 1371 1933 1402 iohannem

121 1440 163 1472 de
189 1439 344 1471 Bertonis
370 1439 477 1470 civem
505 1439 702 1478 papiensem
730 1440 822 1478 parte
848 1437 961 1468 altera.
987 1435 1214 1473 Quamobrem
1241 1435 1362 1467 vestris
1388 1436 1575 1466 annuentes
1592 1434 1738 1474 scriptis,
1765 1443 1804 1465 ne
1832 1433 1941 1465 brevi-

123 1503 189 1533 tate
226 1501 356 1533 termini
395 1509 497 1532 causa
524 1501 597 1540 ipsa
623 1509 641 1531 a
668 1500 767 1531 vobis
804 1499 958 1531 consulte
996 1499 1106 1529 minus
1132 1497 1321 1529 decidenda
1359 1497 1482 1533 veniat,
1508 1498 1739 1527 contentamur
1772 1496 1862 1536 quod
1890 1496 1938 1526 111-

121 1565 279 1596 stantiam
317 1572 419 1595 cause
458 1563 566 1603 ipsius
604 1563 792 1603 prorogetis
818 1562 859 1593 ad
887 1562 918 1592 id
946 1570 1054 1601 usque
1091 1562 1224 1600 tempus
1258 1559 1299 1590 de
1337 1568 1404 1599 quo
1430 1559 1529 1589 vobis
1555 1559 1735 1589 convenire
1762 1558 1941 1595 videbitur,

124 1628 223 1667 prout
248 1628 278 1658 et
304 1634 366 1657 nos
404 1634 463 1666 per
498 1626 674 1665 presentes
707 1632 940 1664 prorogamus.
978 1622 1053 1654 Dat.
1088 1622 1284 1660 Mediolani,
1310 1621 1363 1653 die
1390 1620 1465 1652 XX0
1488 1621 1657 1658 februarii,
1684 1618 1940 1660 MCCCCLVIJ.

125 1688 276 1730 Angelus
300 1689 442 1720 auditor.

214 1749 363 1791 Sapienti
389 1750 517 1781 doctori
537 1750 674 1781 domino
693 1748 855 1780 Ieronimo
874 1747 1062 1788 Mangiarie
1080 1756 1122 1778 ex
1143 1746 1345 1786 iurisperitis
1364 1743 1507 1786 Collegii
1527 1746 1640 1776 nostre
1658 1744 1804 1775 civitatis
1823 1743 1937 1784 Papie.

859 1912 1206 1954 CCLXXVII.

214 2025 265 2053 La
291 2023 477 2053 Comunita
503 2023 538 2052 di
564 2024 600 2052 S.
628 2022 797 2051 Mostiola
823 2022 942 2057 elegge
968 2021 977 2049 i
1005 2021 1082 2049 suoi
1108 2019 1334 2048 Procuratori
1358 2028 1420 2056 per
1445 2018 1466 2047 l'
1484 2019 1619 2047 eredita
1657 2019 1750 2048 della
1775 2019 1856 2048 nob.
1885 2019 1938 2048 Si-

125 2078 267 2107 monina
292 2077 410 2106 Porzi.

798 2135 951 2166 1457,
973 2141 1193 2165 ηἰεινκο,
1223 2133 1274 2158 3.

620 2224 696 2248 (Arcti⁴
714 2224 794 2244 Notat.
810 2224 831 2243 di
849 2223 918 2243 Pavia
935 2234 958 2236 —
975 2222 1021 2243 Arii
1038 2222 1059 2243 di
1076 2222 1188 2243 Giovanni
1205 2221 1305 2242 Antonio
1322 2221 1441 2245 Belcredi).

372 2419 627 2447 ONVOCATO....
654 2413 802 2454 capitulo
839 2422 897 2444 seu
935 2413 1103 2443 conventu
1141 2411 1283 2443 ecclesie
1320 2412 1436 2442 sancte
1463 2410 1637 2441 Mostiolle
1674 2409 1779 2450 papie
1806 2408 1945 2441 Ordinis

396 2477 637 2509 Heremitarurn
665 2476 771 2507 sancti
792 2475 982 2515 Augustini,
1001 2475 1042 2506 de
1062 2474 1219 2505 mandato
1239 2473 1413 2504 reverendi
1440 2472 1568 2503 domini
1596 2472 1746 2512 magistri
1775 2471 1942 2502 Laurentii

143 2440 145 2458 l

143 2465 145 2509 1
207 2402 313 2519 C
366 2512 368 2537 ,

144 2521 145 2577 1
366 2541 368 2576 Ι
396 2540 437 2571 de
463 2538 601 2570 Bittis...
629 2538 777 2579 magistri
806 2538 835 2568 in
863 2546 958 2568 sacra
985 2537 1118 2577 pagina,
1145 2535 1266 2576 prioris
1292 2537 1478 2566 conventus
1504 2536 1535 2566 et
1561 2534 1702 2566 ecclesie
1727 2535 1843 2565 sancte
1869 2533 1945 2564 Mu-

133 2698 190 2718 nelle
206 2699 259 2718 note
275 2697 295 2718 al
312 2697 362 2717 doc.
379 2702 400 2717 n.
413 2696 478 2721 ceu,
494 2702 537 2717 ove
549 2701 605 2721 pure
617 2696 754 2716 scrivemmo
766 2695 806 2715 elie
818 2695 881 2715 detto
894 2694 1007 2718 Religiose

133 2747 202 2762 erano
217 2743 281 2762 sotto
297 2741 317 2761 la
333 2740 476 2766 dipendenza
492 2740 553 2766 degli
575 2740 706 2760 Ειέηιί13111Δ
730 2739 771 2760 Cio
787 2739 798 2759 e
814 2738 956 2759 confermati)
978 2737 1009 2757 31-

133 2786 261 2807 l'evidenza
276 2785 313 2806 dal
336 2787 416 2806 nostro
439 2785 587 2809 documento,
603 2785 617 2805 il
634 2784 701 2810 quale
717 2784 736 2804 ci
752 2784 802 2804 dice
824 2784 864 2803 elie
887 2782 945 2803 irate
968 2782 1008 2802 Lo-

133 2835 203 2851 renzo
219 2829 269 2851 Bitti
285 2829 308 2850 111
324 2830 396 2851 eletio
411 2829 529 2850 Direttore
544 2829 603 2850 delle
618 2828 733 2854 Religiose
748 2828 785 2848 dal
801 2827 919 2849 Generalc.

189 2875 217 2899 (1)
233 2875 299 2895 Frate
315 2874 421 2895 Giuliano
436 2873 465 2894 da
480 2873 564 2895 Salerni
579 2872 602 2894 iu
619 2879 664 2894 uno
687 2873 722 2893 dei
746 2872 817 2893 Priori
841 2871 945 2892 Generali
969 2870 1006 2896 11111

134 2920 202 2945 dotti,
217 2920 258 2940 che
272 2919 373 2940 abbiano
388 2919 498 2940 decorato
514 2918 616 2939 l'Ordine
631 2918 786 2943 agostinianoi
802 2916 930 2937 Aliusne-sio
946 2916 959 2936 l'
969 2916 1009 2935 Or-

135 2964 187 2984 dine
201 2964 348 2989 agostiniano
363 2963 399 2984 nel
413 2963 534 2984 Convento
550 2963 571 2983 di
588 2963 699 2987 Messina,
716 2962 734 2982 si
751 2961 846 2986 scgnnlo
869 2967 908 2986 per
924 2961 944 2981 le
960 2960 1007 2980 doti

135 3008 188 3029 dell·
199 3008 321 3033 inteueito,
346 3014 358 3028 e
382 3008 510 3033 conseguiii
527 3008 531 3028 i
547 3007 604 3028 varii
628 3007 692 3033 gradi
716 3006 863 3030 accadcmici,
888 3005 910 3025 111
936 3005 1006 3025 eletio

137 3052 252 3077 Reggente
267 3052 326 3077 degli
342 3052 416 3073 Studii
433 3052 468 3072 nei
490 3051 611 3073 Convento
633 3051 654 3071 (11
678 3051 766 3072 Riminiv
784 3051 823 3071 ΝυΙ
840 3050 952 3075 principio
974 3049 1009 3068 ‹lt-l

138 3096 188 3117 1436
202 3099 269 3117 tenne
285 3097 391 3122 pubblica
407 3096 486 3117 scuola
496 3096 517 3116 di
527 3096 627 3121 teolugia
643 3096 664 3116 in
680 3095 800 3115 Maniovav
817 3093 961 3115 Nell'Ordinc
977 3099 1013 3113 s«)—

1062 2694 1143 2713 stenne
1159 2693 1219 2712 tutte
1234 2692 1254 2712 le
1270 2691 1389 2717 principali
1406 2691 1495 2712 cariclie
1511 2697 1553 2712 con
1570 2691 1653 2716 plausu
1669 2691 1790 2715 generatim
1809 2690 1883 2710 iinchle
1899 2690 1913 2709 il
1929 2690 1942 2709 'J

1064 2737 1149 2762 giuguo
1165 2736 1200 2757 del
1219 2737 1268 2757 1443
1283 2736 1305 2756 111
1322 2736 1357 2756 nel
1373 2735 1481 2761 Capitolo
1496 2736 1602 2761 generale
1618 2735 1639 2756 di
1655 2734 1722 2756 Stena
1738 2734 1905 2755 all'unanimiia
1921 2740 1942 2754 c-

1063 2781 1120 2801 letto
1137 2781 1215 2801 Priore
1231 2780 1342 2801 Generaie
1358 2780 1506 2803 dell'Ordine,
1524 2779 1601 2800 utiicio
1617 2780 1658 2800 elie
1683 2781 1751 2800 tenne
1770 2779 1799 2799 1111
1818 2779 1884 2804 quasi
1895 2778 1939 2799 alla

1066 2827 1138 2846 morte
1148 2826 1263 2846 avvenuta
1275 2825 1296 2845 in
1308 2824 1410 2845 Messina
1422 2824 1607 2850 probabiliueute
1618 2824 1653 2844 uel
1667 2824 1724 2849 1458,
1734 2829 1798 2844 come
1809 2823 1899 2843 rilevasi
1911 2823 1947 2842 (131

1063 2872 1144 2891 nostro
1159 2870 1299 2890 documento
1315 2869 1350 2890 del
1369 2870 1392 2890 15
1407 2869 1522 2890 diceinbre
1540 2870 1598 2894 1⁴58,
1613 2875 1634 2889 n.
1652 2868 1807 2890 CCLXXXVl.
1825 2867 1868 2888 Per
1882 2868 1940 2887 altre

1065 2915 1157 2938 notizie,
1175 2921 1186 2935 e
1202 2914 1367 2940 specialmente
1391 2920 1431 2940 per
1447 2914 1467 2934 le
1487 2914 1549 2934 varie
1574 2918 1616 2934 sue
1640 2918 1710 2939 opere
1736 2912 1864 2932 tilosoticlie
1889 2911 1939 2932 redi

1064 2961 1195 2983 OSSNOER,
1211 2964 1247 2984 ορ.
1265 2959 1313 2983 cit..
1330 2964 1382 2984 pag.
1398 2958 1445 2978 787,

1115 3004 1144 3027 (2)
1160 3003 1248 3027 Qucsto
1265 3003 1404 3023 documento
1420 3008 1447 3023 va
1464 3002 1578 3028 collegato
1602 3002 1636 3022 coi
1660 3001 1703 3022 doc
1734 3007 1755 3021 n.
1779 3000 1905 3021 CCLXXlll
1929 3006 1940 3020 c

1066 3047 1200 3069 CCLXXIV.
