2347 3444
269 210 333 240 274

267 344 531 374 execucionibus
558 344 733 384 potueritis
760 345 929 378 interesse.
956 344 1036 374 alter
1063 347 1209 374 vestrum
1237 351 1273 374 ea
1301 343 1519 373 nibilominus
1545 345 1741 382 exequatur.
1769 342 1843 374 Dat.
1863 343 1977 381 Rome,
1992 345 2082 385 apud

268 409 418 436 sanctum
446 404 589 441 Petrum,
608 415 696 437 anno
716 406 955 437 lncarnationis
983 405 1156 436 Dominice
1183 405 1360 435 millesimo
1376 404 1707 445 quadringentesimo
1726 406 1956 445 octuagesimo
1975 408 2083 443 sexto,

269 468 367 499 nonis
393 468 590 502 decembris.
618 467 837 499 pontificatus
886 468 988 498 nostri
1016 476 1104 498 auno
1131 467 1237 497 tertio.

1083 640 1273 679 DXVI.

358 760 599 796 Disposizioni
626 759 889 787 testamentarie
916 757 971 785 del
997 758 1077 785 nob.
1106 757 1225 785 Pietro
1251 757 1448 793 Mangiaria
1473 766 1534 793 per
1560 757 1569 785 i
1596 757 1766 793 Religiosi
1793 757 1827 786 di
1855 758 1887 786 S.
1915 758 2084 786 Mostiola

269 822 286 842 e
313 814 347 841 di
374 814 408 842 S.
437 813 559 841 Paolo.

850 906 1013 935 1480..
1043 906 1373 937 (Ιίορηιιινο,
1407 906 1483 931 14.

818 1003 894 1024 sArch.
913 1003 992 1023 Notat.
1009 1003 1031 1023 di
1049 1003 1126 1024 l‘avia,
1144 1014 1167 1016 —
1184 1003 1231 1023 Atti
1248 1003 1269 1023 di
1286 1002 1391 1028 Gaspare
1407 1003 1524 1027 Tacconi),

334 1197 456 1313 N
522 1215 610 1241 ELLA
637 1220 716 1241 casu
742 1210 795 1242 del
818 1212 982 1247 testatore,
1008 1211 1038 1241 in
1065 1209 1265 1241 Parrocclzicl
1280 1210 1314 1241 <li
1327 1208 1359 1242 S.
1375 1210 1515 1250 Filippo.
1539 1210 1747 1241 Testumento
1773 1211 1826 1242 cle!
1848 1211 1956 1242 nobile
1981 1210 2090 1242 pietro

542 1272 810 1313 M‹111,‹„t1·‹11·1·a,tlel
827 1272 868 1313 fu
896 1272 1063 1305 Giovanni
1086 1272 1202 1309 Paolo,
1229 1272 1282 1303 nel
1305 1272 1403 1312 quale
1428 1273 1544 1304 ordina
1562 1273 1596 1304 di
1612 1281 1703 1304 esser
1716 1273 1842 1313 sepolfo
1867 1273 1953 1305 nella
1979 1274 2090 1305 chiesa

306 1372 325 1373 Π
442 1371 451 1372 ἶ
472 1371 491 1372 7
542 1336 577 1367 <ii
600 1335 632 1368 S.
659 1335 849 1376 Apollinare
875 1337 905 1366 et
932 1336 962 1366 in
989 1336 1198 1366 asociatione
1236 1335 1314 1367 dicti
1352 1336 1425 1367 eius
1450 1335 1626 1367 cadaveris
1652 1336 1694 1367 ad
1721 1335 1842 1367 dictam
1869 1336 2090 1367 ecclesiam...

268 1399 502 1430 tantummodo
530 1401 690 1430 vocentur
716 1401 746 1429 et
773 1399 934 1429 interesse
972 1398 1116 1429 debeant
1154 1397 1284 1429 Fratres
1310 1401 1423 1429 sancte
1450 1398 1611 1429 Mustiole
1638 1397 1741 1439 Papie
1767 1397 1906 1430 Ordinis
1944 1398 2092 1429 Heremi-

269 1465 374 1493 tarum
402 1462 506 1493 sancti
535 1461 726 1502 Augustini,
753 1469 817 1492 una
843 1470 916 1492 cum
945 1461 1009 1491 illis
1036 1460 1195 1492 fratribus
1221 1463 1410 1492 conventus
1436 1461 1541 1492 sancti
1568 1460 1746 1501 Augustini
1775 1461 1968 1501 papiensis,
2003 1469 2090 1501 quos

270 1524 464 1554 vocaverint
503 1524 566 1564 ipsi
593 1522 712 1554 fratres
738 1523 815 1554 dicti
843 1524 1030 1553 conventus
1057 1524 1170 1554 sancte
1197 1522 1381 1560 Mustiolle,
1407 1531 1444 1553 ac
1470 1523 1568 1554 etiam
1603 1523 1764 1554 interesse
1790 1523 1934 1554 debeant
1961 1522 2090 1554 Fratres

273 1587 465 1617 monasterii
493 1586 597 1616 sancti
633 1585 839 1625 Apollinaris
864 1594 901 1616 ac
927 1585 1036 1616 dictus
1064 1584 1181 1618 Rector
1216 1585 1356 1616 ecclesie
1382 1585 1587 1625 parochialis
1613 1585 1718 1616 sancti
1747 1583 1928 1625 Philippi...
1967 1584 2090 1616 ltem....

272 1649 352 1683 vult,
381 1648 514 1679 iubet...
552 1648 742 1688 dispensari
770 1647 902 1684 debere,
928 1656 1040 1678 amore
1075 1646 1191 1688 Dey....
1225 1647 1371 1678 florenos
1409 1647 1633 1678 ducentum...
1661 1647 1722 1678 hoc
1749 1647 1872 1684 m0d0,
1911 1647 2088 1678 videlicet:

274 1710 482 1741 Monasterio
510 1711 614 1741 sancti
644 1709 737 1741 Pauli
765 1711 829 1741 sito
863 1712 956 1741 extra
983 1711 1014 1741 et
1040 1718 1145 1750 prope
1172 1708 1329 1750 Papiam,
1367 1709 1422 1740 ubi
1462 1712 1632 1740 morantur
1656 1708 1774 1740 fratres
1800 1708 1939 1741 Ordinis
1965 1708 2091 1741 Obser-

273 1773 384 1803 vantie
411 1773 515 1804 sancti
545 1772 770 1812 Augustini...

1071 1947 1289 1986 DXVII.

359 2067 386 2095 11
413 2065 587 2094 Cardinale
614 2065 759 2094 Ascanio
795 2065 902 2094 Maria
937 2065 1054 2093 Sforza
1085 2073 1229 2101 assegna
1253 2065 1284 2093 la
1308 2064 1539 2101 predicazione
1565 2065 1651 2093 della
1675 2064 1875 2101 Quaresirna
1899 2064 1932 2093 in
1956 2066 2090 2093 Duomo

273 2120 314 2148 ad
339 2129 383 2148 un
408 2119 630 2155 Agostiniano
656 2118 688 2147 di
713 2119 745 2147 S.
771 2119 884 2147 Paolo.

902 2213 1055 2243 1487,
1088 2214 1362 2245 sse111151109
1397 2215 1474 2239 12.

864 2311 958 2332 lMuseo
974 2311 1022 2332 Civ.
1041 2311 1061 2331 di
1078 2312 1151 2332 storia
1168 2311 1242 2335 patria
1261 2322 1281 2324 —
1301 2311 1391 2332 Lettcre
1407 2311 1499 2335 ducali)⁴

366 2506 445 2624 S
521 2524 746 2551 PECTABILES
772 2520 844 2557 viri,
871 2519 966 2550 amici
1006 2519 1109 2549 nostri
1147 2518 1323 2549 carissimi.
1351 2517 1399 2548 Ex
1427 2517 1555 2548 vextris
1587 2516 1628 2547 ad
1656 2525 1718 2547 nos
1744 2525 1849 2556 nuper
1875 2516 2015 2547 redditis
2042 2516 2092 2547 lit-

543 2583 621 2613 teris
648 2583 874 2613 intelleximus
912 2591 1011 2622 quam
1051 2582 1264 2612 veliementer
1300 2581 1426 2621 optatis
1452 2582 1485 2610 ut
1510 2588 1655 2610 annuere
1682 2578 1824 2609 velimus
1850 2579 1941 2618 quod
1968 2579 2023 2609 uni
2049 2587 2090 2610 ex

543 2645 793 2676 venerabilibus
820 2645 972 2685 patribus
998 2643 1137 2676 Ordinis
1164 2644 1405 2675 Heremitarum
1433 2642 1537 2673 sancti
1565 2640 1658 2672 Pauli
1687 2640 1922 2681 Papieitsis‚in
1949 2641 2090 2672 ecclesia

279 2710 392 2738 nostra
419 2708 583 2747 papiensi,
611 2716 670 2747 pro
696 2707 907 2738 celebrandis
933 2708 963 2738 in
992 2708 1052 2738 hac
1079 2707 1233 2747 proxima
1258 2706 1368 2737 futura
1394 2704 1653 2745 quadragesima
1683 2703 1981 2743 predicationibus,
2007 2704 2092 2735 assi-

276 2773 395 2811 gnetur
421 2770 524 2800 locus.
551 2769 660 2806 Quare
686 2770 860 2809 cupientes
886 2769 985 2800 vobis
1010 2772 1040 2800 et
1067 2770 1225 2800 universo
1252 2768 1380 2808 populo
1417 2767 1514 2798 istius
1550 2766 1697 2796 civitatis
1734 2766 1908 2805 papiensis
1933 2765 2091 2797 omnibus

279 2833 308 2863 in
336 2832 437 2863 rebus
462 2831 670 2872 complacere
697 2834 797 2871 atque
824 2840 890 2862 rem
917 2831 1047 2862 efficere
1073 2834 1211 2871 gratam,
1250 2833 1362 2862 tenore
1388 2829 1603 2870 presentium,
1629 2828 1860 2859 consentimus
1885 2837 1922 2859 ac
1948 2836 2090 2859 consen-

278 2904 351 2926 sum
379 2898 527 2925 nostrum
556 2897 746 2934 prestamus
772 2894 863 2934 quod
891 2903 978 2925 unus
1003 2903 1043 2925 ex
1071 2894 1169 2925 dictis
1196 2893 1348 2934 patribus
1374 2892 1478 2923 sancti
1507 2890 1612 2927 Pauli,
1640 2891 1670 2921 in
1698 2890 1785 2921 dicta
1812 2893 1925 2922 nostra
1951 2890 2091 2922 ecclesia

280 2958 445 2997 papiensi,
473 2957 594 2988 babeat
621 2957 814 2997 predicandi
843 2956 962 2993 locum,
989 2957 1173 2987 dummodo
1198 2955 1296 2987 alicui
1323 2955 1389 2986 alio
1415 2953 1618 2985 monasterio
1656 2961 1713 2984 seu
1747 2953 1938 2989 conventui,
1965 2953 2009 2983 ob
2035 2953 2095 2983 hu-

281 3019 426 3050 iusmodi
464 3019 728 3059 assignationem
767 3018 841 3056 loci,
879 3018 968 3049 nulla
1005 3018 1060 3049 fiat
1095 3018 1223 3049 iniuria.
1251 3017 1289 3048 Et
1315 3018 1348 3047 ut
1374 3024 1436 3053 res,
1464 3015 1556 3046 iuxta
1582 3016 1728 3045 vestrum
1756 3015 1969 3051 desiderium,
1996 3023 2092 3046 suum

281 3081 438 3112 sortiatur
475 3081 638 3118 effectum,
676 3080 856 3112 scribimus
892 3081 990 3111 etiam
1030 3081 1155 3111 vicario
1192 3081 1307 3110 nostro
1333 3080 1366 3109 ut
1393 3077 1535 3109 similem
1562 3078 1678 3107 nostro
1705 3077 1840 3107 nomine
1866 3078 1990 3117 prestet
2015 3085 2094 3107 con-
