2347 3444
1885 181 1927 212 67

119 322 267 355 chalario
284 319 378 362 (1)....
405 321 527 362 petiam
566 328 664 351 unam
702 319 797 350 vinee
835 317 1033 358 perticarum
1071 315 1247 356 triginta...
1275 315 1306 346 in
1333 315 1496 346 territorio
1534 314 1596 345 loci
1636 313 1743 344 Arene
1781 314 1926 354 partium

120 384 414 425 transpadinarum
440 381 629 415 Comitatus
654 384 685 413 et
710 381 883 413 districtus
909 378 1056 419 Papio...
1094 386 1168 409 eum
1206 386 1306 408 onere
1332 377 1395 417 ipsi
1422 376 1511 407 tratri
1539 374 1678 408 Stefano
1715 376 1872 415 apposito
1899 378 1929 407 et

121 456 178 487 per
203 455 277 478 eum
304 446 465 485 suscepto
490 446 521 476 et
546 444 722 483 acceptato
747 443 848 474 dandi
875 444 905 474 et
930 440 1084 473 solvendi
1112 448 1170 480 per
1207 448 1280 471 eum
1311 439 1483 470 dominum
1511 438 1643 469 fratrem
1670 436 1853 473 Steianum,
1881 448 1930 469 re-

121 508 269 540 verendo
295 508 378 548 patri
405 515 443 539 ac
468 514 562 538 sacre
589 505 710 546 pagine
737 504 919 545 professori
945 505 976 535 et
1002 502 1162 543 magistro
1188 501 1324 532 domino
1351 500 1440 532 fratri
1461 499 1597 532 Iohanni
1624 500 1665 531 dc
1692 499 1858 530 Marliano
1877 498 1928 537 (2)

121 571 261 612 predicti
300 569 437 602 Ordinis
475 568 716 600 Heremitarum
743 567 848 599 sancti
876 565 1098 607 Augustini...
1135 564 1282 595 florenos
1319 565 1453 595 centum
1491 564 1622 593 monete
1649 562 1771 593 veteris
1797 565 1828 593 et
1854 571 1928 593 cur-

122 633 267 664 rentis...
294 632 335 664 ad
362 630 588 663 omnimodam
613 630 765 661 eiusdem
791 629 916 660 domini
943 628 1053 659 fratris
1079 626 1236 658 Iohannis
1262 625 1558 666 requisitionem...
1585 625 1680 655 aliter
1716 624 1826 655 dictus
1853 622 1932 655 Onl-

122 695 333 736 vagninus....
360 693 508 725 facturus
534 701 598 723 non
626 691 746 723 fuisset
772 700 879 731 neque
906 690 1043 722 fecisset
1069 689 1153 721 hanc
1178 688 1438 719 donationem...

931 864 1125 905 CCVII.

97 1018 99 1021 ι
212 976 268 1005 Gli
294 975 518 1012 Agostiniani
543 974 577 1003 di
604 975 715 1002 Pavia
742 974 796 1002 sul
822 978 928 1010 punto
954 973 989 1001 di
1014 973 1144 1009 partire
1170 972 1224 1009 pel
1251 971 1412 1008 Capitolo
1447 970 1670 999 Provinciale
1696 970 1731 998 di
1758 970 1933 998 Piacenza

123 1030 227 1058 fanno
252 1038 319 1057 una
345 1028 607 1057 dichiarazione
633 1028 688 1056 nei
713 1027 868 1063 riguardi
894 1027 925 1055 di
954 1036 1020 1055 una
1047 1025 1287 1062 disposizione
1313 1024 1369 1053 del
1388 1024 1546 1052 Concilio
1573 1023 1607 1051 di
1634 1023 1779 1051 Basilea
1798 1023 1855 1062 (3),

776 1140 929 1169 14:38³
950 1140 1187 1169 octona-e,
1208 1138 1284 1162 15.

607 1228 682 1249 (Ar-ch⁴
700 1228 779 1249 Notnr,
796 1227 817 1248 di
835 1227 912 1248 Pavia.
930 1239 951 1241 >A
969 1227 1015 1247 Atti
1032 1226 1053 1247 di
1071 1226 1127 1247 Gian
1145 1226 1261 1247 Lodovico
1277 1225 1452 1251 Strazzapanr.

233 1415 280 1530 I
369 1432 392 1458 Ν
419 1427 561 1458 Nomine
588 1425 733 1463 Domini,
759 1434 864 1457 anien.
892 1424 988 1455 Anno
1014 1433 1031 1455 a
1058 1423 1239 1455 Nativitate
1265 1423 1416 1454 eiusdem
1443 1422 1620 1453 millesimo
1639 1421 1936 1461 quatriccntesimo

392 1490 563 1530 trigesimo
600 1491 731 1526 octavo,
769 1488 936 1519 indicione
974 1487 1089 1527 prima,
1126 1486 1179 1517 die
1205 1485 1456 1526 quintodecimo
1495 1485 1620 1516 mensis
1658 1484 1818 1520 octobris,
1857 1484 1938 1514 hora

276 1587 281 1588 ⁷
302 1587 323 1588 W
354 1587 359 1588 ⁷
393 1561 500 1589 mane,
527 1553 557 1583 in
584 1552 718 1583 civitate
745 1550 858 1591 Papie,
886 1550 1041 1581 videlicet
1067 1550 1159 1580 iuxta
1179 1550 1307 1589 portam
1328 1546 1562 1579 Remondaroli
1583 1546 1680 1577 sitam
1700 1546 1731 1576 in
1750 1545 1851 1576 Porta
1870 1544 1937 1576 Da-

130 1614 240 1652 miani‚
267 1614 297 1645 in
324 1613 489 1645 Parochia
515 1614 622 1645 sancti
649 1613 806 1644 Iohannis
833 1613 862 1643 in
891 1611 1013 1652 surgo,
1040 1612 1070 1642 in
1098 1610 1266 1651 presentia
1292 1609 1354 1640 mei
1382 1609 1499 1640 notarii
1526 1610 1557 1639 et
1583 1608 1717 1639 testium
1744 1607 1938 1647 infrascrip—

130 1678 259 1714 torum;
285 1674 466 1708 Constituti
493 1675 715 1707 venerabilles
740 1675 865 1706 domini
892 1674 991 1705 trater
1017 1673 1180 1704 Iohannes
1207 1671 1368 1703 Marchus
1394 1671 1434 1702 de
1462 1669 1624 1711 Aymonis
1651 1670 1753 1701 lector
1778 1672 1808 1701 et
1834 1670 1933 1709 prior,

131 1738 336 1770 reverendus
362 1738 520 1769 dominus
558 1738 715 1778 magister
753 1737 917 1768 Iohannes
942 1736 983 1767 de
1010 1734 1138 1767 Porciis
1175 1743 1269 1766 sacre
1307 1734 1428 1774 pagine
1465 1733 1633 1774 magister,
1659 1732 1816 1763 dominus
1842 1731 1943 1763 frater

131 1799 245 1832 Ratae}
271 1800 312 1831 de
339 1799 478 1840 Rapallo
516 1800 628 1833 lector,
665 1799 822 1830 dominus
860 1798 959 1829 frater
996 1797 1136 1828 lacobus
1162 1797 1202 1828 de
1229 1795 1373 1836 Oglono‚
1412 1795 1511 1826 frater
1548 1794 1779 1826 Bertolameus
1814 1794 1854 1825 de
1882 1793 1943 1825 Ast

130 1861 243 1900 lector,
268 1861 367 1893 frater
391 1861 537 1893 Zanetus
562 1861 602 1892 de
629 1861 786 1899 Novaria,
812 1860 911 1891 frater
938 1859 1103 1891 Antonius
1129 1859 1169 1890 de
1195 1858 1342 1896 Accono,
1368 1857 1467 1889 frater
1485 1856 1619 1897 Gaspar
1636 1857 1677 1888 de
1696 1856 1812 1897 Papia,
1842 1856 1941 1888 frater

131 1923 322 1955 Bernardus
347 1924 388 1955 de
415 1923 527 1961 Riciis,
554 1923 654 1955 frater
679 1921 910 1955 Christoforus
936 1922 976 1953 de
1004 1921 1265 1962 Burgenssibus,
1293 1919 1431 1951 Ordinis
1469 1919 1711 1951 Heremitarum
1738 1919 1844 1950 sancti
1871 1918 1939 1949 Au-

130 1986 254 2027 gustini
281 1986 467 2026 papiensis,
492 1986 703 2017 attendentes
721 1985 811 2025 quod
839 1994 897 2025 per
922 1982 1190 2015 Constitutiones
1208 1985 1239 2014 et
1257 1981 1403 2014 Ordines
1421 1982 1523 2013 totius
1542 1980 1680 2013 Ordinis
1699 1981 1941 2012 l-leremitarum

130 2048 236 2079 sancti
263 2047 453 2088 Augustini,
479 2047 623 2088 singulis
649 2047 757 2084 annis,
784 2055 841 2078 seu
869 2046 986 2077 saltem
1013 2044 1147 2086 singulo
1174 2044 1318 2081 biennio,
1345 2044 1376 2075 in
1402 2043 1552 2083 qualibet
1579 2043 1752 2083 provincia
1779 2043 1857 2073 dicti
1877 2041 1939 2073 Or-

130 2110 219 2141 dinis
245 2108 438 2150 Capitulum
466 2109 677 2150 provintIalle
704 2109 772 2140 'ficri
799 2109 908 2145 debet,
935 2110 964 2139 ct
990 2108 1080 2148 quod
1108 2108 1138 2138 in
1164 2107 1239 2138 aliis
1265 2106 1442 2147 provintiis
1469 2105 1614 2146 capitula
1635 2106 1726 2136 iuxta
1746 2105 1938 2136 huiusmodi

131 2170 398 2204 Constitutiones
424 2181 512 2203 anno
538 2172 683 2212 presenti
711 2173 896 2202 convocata
923 2173 952 2201 et
980 2170 1065 2201 facta
1084 2170 1186 2207 fuere,
1212 2171 1242 2200 et
1269 2169 1358 2209 quod
1386 2169 1483 2200 etiam
1511 2168 1707 2208 Iampridem
1726 2167 1811 2198 facta
1831 2167 1939 2198 extitit

133 2218 341 2276 pubblicatio
377 2235 513 2275 capituli
551 2235 717 2274 provintie
754 2234 860 2265 sancti
899 2233 1077 2273 Augustini
1116 2232 1314 2263 Lombardie
1352 2231 1451 2262 fiendi
1479 2231 1519 2262 ad
1548 2230 1669 2262 testum
1707 2231 1814 2261 sancti
1853 2230 1942 2261 Luce

134 2297 259 2328 mensis
296 2297 461 2334 instantis,
499 2297 530 2327 in
567 2297 701 2327 civitate
740 2295 930 2327 placentie:
968 2294 1160 2334 Auditoque
1187 2296 1217 2325 et
1244 2293 1410 2325 intellecto
1447 2293 1538 2333 quod
1577 2292 1795 2324 vociferatum
1834 2292 1943 2323 extitit

191 2454 220 2476 ’,1)
235 2453 309 2474 Multo
325 2453 508 2479 probabilmente
524 2453 535 2474 ὲ
551 2453 604 2479 quel
620 2453 735 2479 Religioso
755 2454 810 2473 noto
832 2454 896 2473 sotto
912 2452 924 2472 il
941 2457 1007 2472 nome

139 2497 161 2518 di
177 2497 234 2518 irate
249 2496 343 2518 Stefano
358 2498 386 2518 da
403 2497 480 2523 Pavia,
496 2498 537 2518 che
547 2498 560 2518 il
572 2497 687 2521 TORELLI,
699 2497 743 2517 vol.
756 2497 792 2521 Vl,
808 2496 1008 2522 pag.83t3clli(11ml

139 2541 244 2562 Maesti-0
260 2541 359 2567 Insigne,
375 2542 445 2562 eletto
461 2542 496 2562 nel
513 2542 563 2563 1452
578 2541 668 2562 Vicario
680 2541 790 2561 Generale
806 2540 842 2560 del
858 2540 977 2561 Convcnlo
989 2539 1010 2559 di

139 2584 162 2606 S.
178 2585 288 2606 Ciiacomo
304 2586 325 2606 di
342 2585 452 2612 Bologna,
464 2591 475 2607 e
486 2586 521 2606 nel
540 2586 589 2607 1⁴53
600 2586 664 2606 socio
676 2585 711 2606 del
728 2585 846 2608 Generale.
858 2590 869 2605 c
881 2584 959 2610 quindi
971 2584 1006 2604 nel

142 2629 192 2650 1456
206 2629 295 2650 Vicario
311 2629 420 2650 Oenerale
436 2630 494 2651 delle
511 2630 629 2651 Provincie
645 2630 666 2650 di
679 2629 824 2653 Lmnbarzlia,
836 2629 857 2649 di
871 2628 986 2653 Ix'omngnai
998 2635 1009 2648 c

141 2673 199 2694 della
209 2673 287 2694 Marca
298 2673 442 2700 Trevigiana.
452 2674 489 2695 Ma
500 2675 521 2695 lo
530 2676 608 2695 stesso
619 2679 687 2699 anno,
697 2674 768 2694 eletto
780 2673 932 2694 Procuratore
942 2672 1014 2693 Gene-

142 2718 188 2738 rale
197 2717 344 2744 dell'Ordine,
353 2718 415 2744 dopo
427 2719 492 2744 pochi
505 2719 560 2740 mesi
570 2718 592 2739 tu
602 2719 663 2739 colto
673 2718 732 2738 dalla
742 2719 822 2739 morte.
833 2717 888 2738 Vedi
898 2717 1013 2742 ΤΟΗΕιΗ,

141 2762 186 2782 vol.
203 2762 249 2787 VII,
265 2767 317 2788 pag⁴
333 2762 366 2783 20.
382 2762 437 2783 Vedi
453 2763 525 2784 anche
540 2763 591 2784 doc.
608 2763 643 2783 del
662 2763 685 2783 10
700 2762 770 2787 luglio
788 2762 845 2786 1451,
857 2767 878 2782 ιι,
895 2761 1009 2782 CCXLIII.

195 2806 235 2827 Nei
251 2806 382 2828 documenti
398 2807 551 2828 universitarii
567 2807 646 2833 paves}
663 2807 701 2832 poi
717 2807 802 2827 rimane
818 2806 902 2827 trziccia
921 2806 1013 2826 dell'in-

142 2852 293 2876 segnamento
308 2852 388 2872 tenuto
404 2851 432 2872 da
447 2851 505 2872 frate
520 2851 615 2873 Steiano
640 2851 722 2872 Marini
748 2851 805 2872 nelle
830 2851 920 2871 scienze
943 2850 1014 2870 teolo-

143 2894 215 2921 giche.
232 2894 312 2916 Ditatti
335 2895 377 2921 egli
393 2895 405 2916 ὲ
420 2896 535 2917 chiamato
550 2896 582 2917 ad
597 2897 711 2917 lecturam
734 2895 852 2921 theologi(-
874 2900 916 2915 con
939 2895 1014 2915 trenta

143 2939 217 2960 fiorini
233 2939 254 2960 di
270 2939 385 2965 stipendio
400 2940 435 2961 nel
451 2940 534 2963 Rotolo
554 2940 589 2961 del
614 2941 671 2965 1443,
694 2940 715 2961 in
738 2940 814 2966 quello
837 2939 872 2960 del
897 2940 953 2962 1114,
977 2939 1012 2959 del

146 2984 203 3008 1445.
219 2983 254 3004 del
273 2983 328 3004 1446.
346 2984 375 3004 Le
390 2984 502 3006 Memorio
518 2990 529 3006 e
544 2985 678 3006 documenti
699 2990 741 3010 per
756 2985 780 3005 Ιιι
795 2984 871 3005 storia
893 2983 949 3004 dvll'
961 2983 1015 3004 [lni-

144 3027 232 3048 versit&
247 3027 272 3048 di
287 3027 366 3052 Pavia,
383 3029 428 3049 vol.
445 3029 469 3054 1.,
485 3034 538 3055 pag.
557 3029 600 3055 188,
617 3030 703 3049 notario
723 3029 764 3049 che
786 3027 880 3049 steiano
896 3027 926 3048 d‘i
943 3027 1012 3048 Pavia

143 3071 284 3093 dell’Ordine
299 3072 358 3098 degli
374 3073 497 3094 Eremitani
513 3073 608 3099 insegno
632 3073 743 3099 Teologia
759 3073 793 3094 nel
811 3073 869 3097 1443,
885 3072 1014 3093 Mctaiisica

1063 2451 1097 2471 nel
1117 2451 1165 2471 1444
1181 2456 1192 2471 e
1208 2449 1316 2470 Fussolia
1333 2450 1367 2470 nel
1386 2450 1442 2470 1453.
1459 2449 1497 2469 Ma
1513 2449 1638 2469 ‹lobbiamo
1654 2454 1776 2469 osservare
1794 2449 1834 2469 che
1851 2448 1855 2468 i
1872 2447 1941 2469 docu-

1065 2495 1133 2515 menti
1150 2494 1262 2520 originali,
1274 2494 1302 2514 da
1316 2494 1351 2514 noi
1364 2493 1487 2514 consultati
1504 2493 1674 2517 dircttamente,
1691 2492 1817 2513 escludono
1828 2493 1868 2513 elic
1885 2492 1942 2513 irate

1066 2538 1160 2560 Stetmio
1176 2539 1258 2559 Marini
1275 2538 1409 2563 eremitano,
1426 2537 1491 2558 detto
1510 2538 1581 2558 anche
1604 2536 1698 2558 Stetano
1721 2537 1749 2557 dn
1773 2536 1851 2562 Pavia,
1874 2537 1942 2557 abbia

1062 2584 1104 2604 mai
1129 2584 1201 2604 avuto
1223 2582 1415 2603 neil'Universim
1440 2582 1499 2602 altro
1522 2582 1696 2607 inscgnamento
1719 2582 1759 2602 che
1780 2581 1856 2607 quello
1879 2581 1938 2601 della

1065 2628 1183 2652 'scologi41,
1200 2633 1211 2647 c
1227 2627 1247 2647 in
1263 2627 1314 2647 anni
1331 2626 1415 2647 diversi
1427 2626 1463 2646 dai
1475 2626 1658 2652 sopraccennati
1672 2626 1703 2646 Lo
1714 2625 1809 2646 siciano
1820 2625 1848 2645 dn
1862 2625 1940 2649 Pavia,

1068 2672 1109 2692 elic
1125 2672 1159 2692 nel
1178 2672 1227 2692 1453
1251 2672 1345 2697 inscgna
1368 2670 1484 2695 Filosofia,
1505 2670 1516 2691 i:
1532 2670 1624 2691 diverso
1646 2670 1728 2690 aliano
1751 2670 1941 2690 dall'eremitano

1069 2715 1163 2737 Stetano
1179 2716 1270 2740 Marini,
1286 2716 1357 2736 anche
1374 2721 1414 2741 per
1429 2715 1442 2735 il
1458 2714 1517 2736 tatto
1532 2715 1573 2736 che
1589 2715 1623 2735 chi
1640 2714 1729 2740 occupo
1745 2720 1785 2740 per
1801 2714 1839 2739 piii
1855 2714 1906 2734 anni
1923 2714 1943 2734 1;ι

1066 2760 1170 2781 cattedra
1186 2760 1207 2780 di
1223 2760 1342 2786 Teologia,
1359 2760 1379 2780 la
1396 2759 1434 2785 piii
1450 2759 1590 2785 importante
1602 2764 1613 2780 e
1625 2759 1644 2779 la
1661 2759 1733 2784 prima
1747 2757 1943 2782 dell'Universitii,

1069 2811 1112 2825 non
1129 2805 1218 2825 disccse
1235 2805 1277 2825 mai
1293 2810 1305 2825 a
1322 2806 1385 2825 tener
1402 2804 1438 2830 poi
1455 2804 1530 2830 quella
1547 2803 1568 2824 di
1585 2803 1700 2824 Filosutiai
1718 2803 1760 2824 Per
1775 2804 1833 2823 altre
1855 2803 1944 2823 cairicin*

1070 2851 1191 2870 sostenute
1206 2849 1243 2870 dal
1259 2849 1341 2870 Marini
1358 2848 1505 2874 nell'Ordinc,
1522 2848 1572 2868 vedi
1589 2848 1640 2868 doc.
1657 2853 1677 2868 n.
1695 2847 1810 2868 CCXXIII.

1122 2894 1152 2917 (2r
1172 2893 1198 2914 Di
1214 2893 1272 2914 frate
1288 2893 1400 2914 Giovanni
1417 2893 1521 2913 Marliani
1538 2892 1588 2913 vedi
1601 2894 1689 2918 quanto
1700 2892 1712 2912 e
1723 2894 1786 2912 stato
1798 2892 1863 2912 detto
1879 2893 1942 2912 sotto

1068 2939 1081 2959 il
1098 2938 1148 2959 doc.
1165 2943 1186 2958 n,
1203 2937 1287 2959 CLXV.
1304 2938 1359 2958 Vedi
1375 2938 1447 2958 anche
1462 2937 1592 2961 OSSINGER,
1609 2942 1644 2962 op.
1661 2937 1699 2957 cit.
1717 2942 1769 2962 pag.
1785 2937 1831 2957 5124.

1123 2983 1152 3007 (3)
1168 2976 1185 3003 Ε
1200 2984 1255 3003 noto
1271 2987 1336 3003 come
1351 2982 1364 3002 il
1381 2981 1483 3002 Concilio
1499 2981 1520 3001 di
1537 2981 1626 3002 Basilea
1643 2982 1723 3006 presio
1743 2979 1865 3005 degenero,
1889 2979 1916 2999 ed
1940 2980 1943 2999 i

1068 3027 1180 3047 contrasti
1196 3026 1246 3047 suoi
1263 3026 1297 3047 col
1309 3025 1426 3046 Ponteiice
1439 3025 1540 3051 Eugenio
1553 3025 1588 3051 IV,
1600 3025 1728 3046 acutissimi
1740 3024 1775 3049 gia
1787 3024 1823 3044 dal
1834 3024 1847 3044 9
1857 3024 1942 3049 giugno

1073 3071 1130 3096 1⁴35,
1147 3070 1296 3096 raggiunsero
1311 3070 1325 3090 il
1341 3070 1415 3090 culmo
1431 3069 1488 3090 nelle
1504 3069 1602 3090 sessioni
1618 3069 1654 3089 del
1671 3068 1761 3093 maggio
1779 3068 1836 3093 1437,
1852 3067 1945 3093 quando
