2347 3444
1869 190 1933 221 289

121 334 271 365 moribus
296 335 327 364 et
353 333 419 364 vita
446 333 608 363 dictorum
635 331 746 362 fratris
772 330 961 371 Augustini,
999 329 1108 360 fratris
1146 327 1307 364 leronimi,
1345 326 1455 357 fratris
1483 325 1638 363 Rafaelis,
1676 325 1786 356 fratris
1824 325 1933 356 David

121 398 151 427 et
176 395 287 426 fratris
313 395 478 426 Laurentii
506 395 545 425 de
573 393 796 430 Broeliardis,
834 392 924 433 quod
953 392 1015 432 ipsi
1043 391 1165 422 debent
1190 390 1342 427 admitti;
1380 389 1489 420 dictus
1527 397 1605 419 vero
1638 388 1737 418 frater
1771 388 1935 419 lohannes

121 457 288 489 Antonius
315 458 354 488 de
382 457 558 488 Brentanis
585 458 718 497 propter
744 456 816 487 eius
843 455 949 486 malos
977 463 1096 491 mores,
1123 454 1223 484 vitam
1250 454 1280 483 et
1307 451 1464 482 demerita
1492 450 1683 490 reprobavit
1709 453 1739 481 et
1770 450 1935 490 reprobat.

121 518 357 559 Similiterque,
384 519 497 553 audita
527 519 748 559 responsione
774 518 850 548 dicti
879 517 1004 548 domini
1041 516 1152 547 fratris
1178 514 1313 552 Galeaz,
1340 514 1506 550 dixerunt,
1533 513 1778 553 responderunt
1804 515 1832 543 et
1860 522 1938 543 con-

123 581 297 612 cluxerunt
325 581 387 620 ipsi
415 581 572 611 dominus
599 580 697 611 frater
724 580 892 611 Melcliion
920 579 1075 615 vicarius,
1103 578 1259 618 magister
1285 575 1471 607 Nicliolaus
1497 575 1537 605 de
1565 574 1721 611 Peluclio,
1755 574 1853 605 frater
1880 574 1939 605 Pe-

124 646 193 675 trus
219 643 258 674 de
284 641 412 679 Calvis,
439 642 537 673 frater
564 641 721 674 Carlinus
746 642 786 673 de
813 642 972 673 Vercellis
997 643 1027 672 et
1053 640 1151 672 frater
1178 639 1374 670 Laurentius
1400 638 1440 669 de
1467 636 1628 669 Caneto...
1656 637 1778 668 dictum
1807 636 1937 667 fratrem

125 705 361 746 Augustinum,
387 704 519 735 fratrem
548 704 756 741 ieronimum,
783 704 914 735 fratrem
943 703 1122 739 Rafaelem‚
1148 702 1280 733 fratrem
1308 700 1418 732 David
1445 703 1475 731 et
1509 700 1640 731 fratrem
1661 699 1871 730 Laurentium
1899 699 1938 729 de

125 767 327 799 Brocbardis
353 766 422 797 fore
437 769 467 797 et
482 775 556 798 esse
572 767 798 797 admittendos
824 767 865 797 ad
883 767 989 806 ipsam
1007 765 1270 806 professionem;
1286 764 1409 795 dictum
1426 772 1504 794 vero
1530 762 1662 793 fratrem
1680 761 1857 792 loliannem
1875 761 1940 792 An-

125 830 251 861 tonium
278 829 317 860 de
345 828 521 859 Brentanis
548 837 613 858 non
640 837 715 859 esse
741 828 983 859 admittendum
1010 828 1052 858 ad
1080 828 1186 867 ipsam
1214 826 1471 867 professionem,
1499 825 1564 855 imo
1592 825 1700 864 ipsum
1721 824 1940 864 reprobarunt

125 893 155 922 et
181 890 361 931 reprobant
378 887 462 929 (1)...
488 889 622 927 Quibus
641 891 687 920 sic
713 890 870 921 auditis...
898 891 970 930 ipse
989 890 1087 920 frater
1107 889 1316 930 Augustinus
1335 891 1365 919 et
1383 887 1482 918 frater
1497 887 1680 918 leronimus
1699 895 1755 927 per
1775 886 1877 926 prius,
1896 886 1937 916 ad

126 953 284 983 honorem
311 952 465 983 altissimi
492 950 662 983 Creatoris
688 954 719 982 et
746 951 978 991 Redemptoris
1005 950 1139 982 Domini
1159 951 1262 982 nostri
1282 950 1394 981 Yliesu
1413 948 1550 987 Christi,
1568 949 1708 988 eiusque
1728 947 1847 978 Matris
1862 946 1942 978 Glo-

126 1015 214 1045 riose
240 1023 372 1054 semper
398 1013 545 1054 Virginis
572 1013 678 1044 Marie
703 1022 741 1044 ae
768 1013 858 1044 Beati
887 1013 1065 1053 Augustini
1092 1016 1122 1044 et
1148 1015 1261 1044 sancte
1288 1012 1448 1043 Nlustiole
1475 1011 1538 1042 sub
1563 1011 1659 1042 cuius
1686 1010 1852 1041 vocabulo
1871 1009 1943 1040 fon-

127 1077 240 1107 datum
265 1078 316 1107 est
341 1075 465 1106 dictum
493 1075 742 1112 monasterium,
768 1084 806 1105 ae
832 1076 940 1105 tocius
967 1074 1065 1107 Curie
1092 1074 1237 1107 Celestis
1263 1083 1298 1105 se
1317 1083 1352 1105 se
1378 1073 1616 1104 dedicaverunt
1635 1074 1665 1103 et
1684 1072 1849 1109 dedicant,
1869 1081 1943 1112 pro-

125 1139 256 1170 fitentes
282 1147 357 1170 sese
383 1138 414 1168 in
443 1137 598 1168 manibus
626 1137 743 1177 prefati
771 1138 897 1168 domini
926 1137 1035 1168 fratris
1062 1138 1264 1168 Melcliionis
1292 1137 1416 1174 vicarii,
1450 1136 1583 1167 nomine
1610 1138 1639 1166 et
1666 1136 1737 1166 vice
1767 1134 1942 1166 Generalis

129 1200 253 1232 Prioris
291 1201 438 1241 magistri
467 1199 615 1231 Anselmi
643 1200 683 1230 de
710 1199 986 1230 Montefalcliono
1021 1199 1155 1231 fratrum
1184 1200 1423 1230 fleremitaruin
1462 1198 1600 1230 Ordinis
1633 1198 1737 1229 sancti
1765 1197 1942 1237 Augustini

127 1266 158 1295 et
183 1272 416 1295 successorum
442 1263 604 1300 eiusdem,
631 1265 661 1293 et
687 1263 820 1293 nomine
846 1264 876 1293 et
903 1263 973 1293 vice
1000 1263 1076 1293 dicti
1105 1263 1307 1300 monasterii,
1334 1270 1440 1301 usque
1466 1261 1507 1292 ad
1535 1263 1682 1291 mortem.
1710 1260 1747 1291 Et
1774 1261 1847 1300 ipsa
1871 1269 1944 1300 pro-

128 1325 276 1357 fessione
302 1326 349 1357 sic
375 1325 471 1361 faeta,
498 1326 596 1356 etiam
624 1325 887 1365 reprobaverunt
913 1327 942 1355 et
969 1325 1147 1364 reprobant
1174 1325 1297 1355 dictum
1324 1324 1455 1355 fratrem
1484 1323 1662 1354 lobannem
1697 1322 1877 1353 Antonium
1905 1322 1944 1353 de

129 1387 305 1419 Brentanis
330 1396 367 1419 ac
394 1388 550 1418 dixerunt
575 1390 605 1418 et
632 1388 745 1418 dicunt
772 1388 881 1427 ipsum
909 1396 973 1418 non
1000 1386 1070 1418 fore
1097 1396 1154 1418 nee
1181 1396 1255 1418 esse
1292 1387 1556 1423 admittendum,
1594 1386 1728 1417 attentis
1766 1385 1945 1426 predictis,

128 1451 170 1481 ad
197 1449 443 1490 professionem
471 1450 501 1480 in
530 1450 604 1490 ipso
631 1450 844 1481 monasterio.
872 1449 910 1480 Et
935 1450 1033 1480 etiam
1061 1450 1124 1489 ipsi
1151 1449 1249 1480 frater
1276 1448 1387 1481 Rafael
1415 1449 1455 1480 de
1482 1448 1668 1486 Brentanis,
1702 1447 1800 1478 frater
1833 1446 1942 1478 David

130 1513 170 1544 de
197 1512 345 1544 Artadiis
370 1515 400 1543 et
426 1512 524 1543 frater
551 1512 748 1543 Laurentius
774 1512 814 1543 de
852 1512 1055 1543 Brocfiardis
1092 1512 1133 1543 ad
1161 1512 1319 1542 bonorem
1357 1512 1510 1543 altissimi
1549 1509 1719 1543 Creatoris
1745 1513 1775 1541 et
1810 1509 1948 1542 Redem-

132 1576 237 1616 ptoris
264 1574 398 1606 Domini
426 1576 529 1606 nostri
557 1574 668 1606 Ybesu
696 1573 808 1611 Cristi,
833 1575 974 1614 eiusque
1001 1574 1121 1605 Matris
1146 1574 1292 1614 gloriose
1318 1582 1449 1614 semper
1475 1573 1621 1614 Virginis
1648 1573 1764 1610 Marie,
1791 1581 1827 1603 ac
1854 1572 1945 1603 Beati

132 1637 309 1678 Augustini
336 1640 366 1668 et
392 1640 505 1668 sancte
533 1637 693 1668 Mustiole
720 1637 783 1668 sub
808 1637 904 1668 cuius
930 1637 1097 1668 vocabulo
1124 1636 1296 1667 fondatum
1323 1639 1373 1667 est
1410 1637 1532 1666 dictum
1571 1635 1807 1666 monasterium
1835 1637 1868 1665 ut
1894 1643 1949 1665 su-

133 1708 202 1740 pra,
228 1702 258 1730 et
284 1700 391 1730 tocius
417 1697 517 1731 Curie
543 1697 698 1737 Celestis,
725 1699 875 1730 similiter
901 1708 974 1730 sese
993 1699 1232 1730 dedicaverunt
1250 1702 1279 1729 et
1299 1698 1463 1735 dedicant,
1483 1698 1676 1738 profitentes
1703 1706 1776 1728 sese
1796 1697 1825 1727 in
1846 1697 1949 1727 mani-

135 1762 197 1793 bus
223 1762 300 1793 dieti
335 1762 459 1792 domini
498 1761 609 1793 fratris
647 1761 849 1793 Melcliionis
887 1762 1024 1799 vicarii,
1066 1762 1198 1792 nomine
1239 1763 1269 1792 et
1311 1762 1381 1791 vice
1422 1760 1597 1792 Generalis
1636 1759 1760 1790 Prioris
1797 1759 1945 1800 magistri

135 1824 283 1855 Anselmi
310 1824 350 1855 de
378 1824 655 1855 Montefalcbono
690 1823 837 1855 Fratrum
876 1824 1117 1855 Heremitarum
1155 1823 1293 1855 Ordinis
1320 1824 1424 1854 sancti
1452 1823 1629 1863 Augustini
1656 1825 1686 1853 et
1713 1831 1946 1853 successorum

135 1895 283 1924 suorum,
309 1890 339 1918 et
366 1887 499 1918 nomine
524 1896 561 1918 ac
589 1887 659 1918 vice
685 1887 762 1918 dicti
790 1886 999 1924 Monasterii,
1027 1895 1133 1926 usque
1163 1887 1204 1917 ad
1225 1889 1372 1917 mortem.
1392 1886 1430 1916 Et
1449 1886 1521 1926 ipsa
1541 1885 1752 1925 professione
1779 1885 1825 1915 sic
1851 1884 1948 1920 facta,

136 1950 233 1980 etiam
261 1949 481 1989 reprobarunt
507 1951 537 1980 et
574 1949 754 1989 reprobant
780 1949 903 1980 dictum
920 1948 1051 1980 fratrem
1068 1948 1246 1980 Iohannem
1265 1948 1443 1979 Antonium
1460 1948 1500 1978 de
1527 1947 1702 1978 Brentanis
1728 1956 1765 1978 ac
1791 1947 1946 1977 dixerunt

136 2014 166 2042 et
192 2012 305 2043 dicunt
332 2013 441 2052 ipsum
469 2021 533 2042 non
561 2011 630 2042 fore
657 2020 715 2042 nec
730 2020 805 2042 esse
824 2011 1077 2049 admittendum,
1103 2012 1238 2042 attentis
1265 2011 1433 2051 predictis,
1459 2011 1500 2041 ad
1528 2009 1773 2050 professionem
1801 2010 1831 2040 in
1859 2009 1948 2040 dicto

137 2075 350 2105 monasterio.
377 2073 440 2112 Qui
469 2074 603 2114 quidem
623 2075 780 2105 dominus
794 2074 893 2105 frater
912 2074 1080 2105 Melcbion
1100 2083 1173 2105 cum
1203 2082 1404 2104 consensu...
1431 2072 1633 2113 prefatorum
1653 2072 1863 2103 dominorum
1884 2080 1950 2102 ma-

137 2137 315 2176 gistrorum
341 2135 465 2168 Galeaz
490 2139 521 2167 et
547 2137 700 2167 Nicholai
715 2145 752 2167 ac
772 2136 919 2167 Fratrum
940 2135 1037 2174 Petri,
1056 2135 1181 2168 Carlini
1200 2138 1230 2167 et
1246 2136 1410 2166 Laurentii
1427 2135 1466 2166 de
1481 2134 1610 2167 Caneto
1626 2134 1855 2174 professorum
1872 2134 1948 2164 dicti

140 2199 365 2230 monasterii...
381 2199 525 2239 itemque
541 2200 604 2239 ipsi
621 2199 745 2230 domini
762 2199 915 2239 Magistri
942 2202 972 2230 et
1000 2198 1161 2230 Fratres...
1176 2207 1293 2229 omnes
1309 2199 1506 2229 unanimiter
1531 2200 1561 2228 et
1576 2198 1606 2228 in
1625 2197 1804 2228 concordia
1820 2197 1952 2227 nomine

139 2264 169 2292 et
196 2262 266 2292 vice
292 2263 322 2292 et
347 2262 388 2292 ad
416 2264 541 2302 partem
561 2264 591 2293 et
618 2262 792 2293 utilitatem
821 2262 982 2292 dictorum
1010 2261 1221 2292 dominorum
1248 2261 1383 2292 fratrum
1404 2260 1593 2301 Augustini,
1613 2259 1775 2295 leronimi,
1795 2258 1951 2295 Rataelis,

140 2322 240 2354 Davit
265 2326 296 2354 et
322 2323 486 2354 Laurentii
517 2324 557 2355 de
584 2323 786 2354 Brocliardis
812 2326 842 2354 et
869 2333 927 2364 pro
954 2323 1062 2354 salute
1088 2324 1272 2354 animarum
1300 2324 1448 2363 ipsorum
1477 2323 1609 2362 penitus
1635 2322 1723 2352 omni
1743 2330 1805 2352 suo
1825 2321 1883 2352 iuri
1910 2330 1951 2352 ex

142 2386 252 2426 spatio
278 2388 341 2416 tem
357 2386 448 2426 poris
463 2386 705 2426 probacionum
722 2395 867 2423 suarum,
884 2387 1018 2426 propria
1033 2388 1063 2416 et
1078 2387 1264 2426 spontanea
1292 2385 1462 2416 voluntate
1477 2394 1513 2416 ae
1529 2394 1569 2415 ex
1585 2387 1673 2415 certa
1691 2384 1829 2415 scientia
1857 2384 1951 2424 ipsos

142 2448 348 2479 admiserunt
373 2451 403 2479 et
429 2449 607 2479 admittunt
632 2449 673 2479 ad
702 2449 808 2488 ipsam
836 2448 1092 2488 professionem.
1112 2447 1176 2485 Qui
1196 2457 1252 2479 ver
1268 2458 1275 2476 1
1294 2447 1392 2478 frater
1407 2446 1627 2487 Augustinus,
1643 2446 1741 2477 frater
1760 2445 1952 2483 leronimuS,

143 2509 242 2541 frater
269 2509 393 2548 Rafael,
420 2510 518 2542 frater
544 2510 644 2542 Davit
670 2513 700 2542 et
726 2511 824 2542 frater
851 2511 1048 2542 Laurentius
1075 2511 1114 2541 de
1142 2510 1344 2541 Brocliardis
1380 2510 1523 2550 genibus
1548 2509 1647 2540 flexis
1674 2510 1703 2540 in
1731 2509 1819 2540 dicto
1856 2506 1957 2548 Capi-

144 2572 224 2609 tulo,
250 2581 360 2603 coram
387 2573 515 2613 prefato
542 2574 679 2604 domino
706 2573 838 2604 Vieario
864 2574 1058 2610 existentes,
1085 2575 1115 2604 et
1142 2575 1175 2604 ut
1201 2573 1398 2613 premittitur
1425 2573 1508 2612 ipsis
1524 2572 1666 2612 receptis
1684 2574 1714 2602 et
1731 2571 1902 2607 admissis,
1922 2571 1952 2601 in

146 2634 301 2665 manibus
328 2635 435 2675 ipsius
461 2635 586 2666 domini
614 2635 746 2673 Vicarii,
774 2636 907 2666 nomine
933 2637 963 2666 et
990 2635 1060 2666 vice
1087 2634 1203 2675 prefati
1232 2634 1407 2667 Generalis
1441 2633 1566 2665 Prioris
1592 2636 1622 2665 et
1648 2634 1725 2664 dicti
1764 2632 1955 2664 monasterii

146 2698 258 2727 sancte
286 2696 445 2728 Mustiole
486 2698 698 2738 recipientis,
735 2697 883 2729 fecerunt
909 2700 939 2728 et
965 2697 1090 2728 faciunt
1115 2699 1145 2728 et
1172 2697 1395 2737 promiserunt
1420 2699 1451 2727 et
1477 2697 1672 2737 promittunt
1709 2695 1957 2731 obedientiam,

148 2767 275 2789 morum
306 2759 504 2799 probitatem
531 2762 561 2791 et
586 2761 783 2797 castitatem,
822 2761 934 2791 vivere
961 2760 1031 2791 sine
1059 2759 1194 2799 proprio
1232 2759 1415 2790 secundum
1455 2758 1613 2799 Regulam
1652 2758 1738 2789 beati
1777 2757 1954 2797 Augustini

149 2829 256 2860 usque
281 2821 323 2852 ad
350 2824 497 2853 mortem.
525 2822 784 2862 luraveruntque
810 2825 840 2853 et
867 2823 973 2853 iurant
999 2823 1040 2853 ad
1067 2824 1181 2853 sancta
1208 2821 1268 2853 Dei
1296 2821 1488 2862 Evangelia,
1515 2821 1670 2852 manibus
1697 2821 1768 2852 suis
1804 2828 1960 2860 corpora—

149 2883 220 2914 liter
245 2884 342 2915 tactis
368 2885 553 2924 scripturis,
579 2880 611 2916 in
638 2885 794 2916 manibus
821 2885 938 2925 prefati
965 2885 1091 2916 domini
1119 2884 1229 2915 fratris
1256 2884 1458 2915 Melcbionis
1484 2884 1599 2915 vicarii
1630 2884 1757 2915 eisdem
1777 2886 1806 2914 et
1824 2882 1959 2913 cuilibet

207 3041 237 3062 (l'v
254 3040 283 3061 La
299 3040 444 3066 professione
459 3041 480 3062 di
497 3043 581 3068 questo
604 3042 719 3068 Religioso
735 3042 757 3063 fu
773 3042 901 3063 solamente
921 3042 1028 3067 differita,
1084 3041 1126 3066 egli
1142 3041 1264 3067 apparisce
1280 3043 1315 3062 tra
1331 3042 1335 3062 i
1353 3042 1447 3062 membri
1463 3042 1499 3062 dcl
1515 3041 1623 3067 Capitolo
1639 3041 1799 3061 conventuale.

155 3090 220 3105 come
235 3085 254 3106 si
271 3085 317 3111 ρυὸ
331 3086 423 3111 arguite
445 3086 482 3106 dal
504 3087 645 3108 documento
667 3087 726 3113 degli
741 3088 754 3108 8
775 3087 869 3108 ottobre
889 3088 946 3111 1491,
969 3087 1028 3107 dove

1927 3138 1952 3159 37
