2347 3444
879 377 1211 419 CLXXVIII.

225 487 253 515 11
278 487 376 516 Duca
402 487 586 516 stabtlisce
611 487 633 515 l'
650 487 772 515 ordine
797 487 832 515 di
856 486 1073 523 precedenza
1099 486 1151 514 fra
1177 485 1187 513 i
1212 485 1383 521 Religiosi
1421 485 1618 522 insegnanti
1651 486 1709 514 all'
1728 486 1945 519 Universita,

137 540 361 576 assegnando
387 540 410 569 il
436 540 590 569 secondo
615 544 719 577 posto
745 540 815 576 agli
848 539 1082 576 Agostiniani.

741 635 896 666 1430,
926 635 1244 666 clicerrnbre,
1272 633 1325 658 9.

620 722 696 746 (Arcu.
713 722 748 743 del
765 722 887 744 Rettorato
903 722 955 743 dell¹
967 722 1032 744 Univ.
1049 722 1070 743 di
1087 722 1156 743 Pavia
1171 734 1196 737 —
1212 723 1269 744 Doc.
1285 723 1342 749 orig.
1360 722 1422 744 Cart,
1441 722 1464 747 1).

491 892 707 925 Venerabiles
733 895 764 925 et
790 894 900 925 dilecti
928 895 1043 926 nostri.
1069 893 1361 931 Quemadmodum
1392 893 1578 925 luculenter
1595 892 1886 934 videre'potuistis
1906 904 1947 925 ex

400 955 489 987 facto
513 957 701 987 transmissi
729 965 787 996 per
813 965 874 987 nos
900 957 1006 997 pridie
1032 957 1130 988 vobis
1156 956 1265 990 Rotuli
1285 957 1459 988 doctorum
1480 956 1588 997 legere
1607 956 1802 987 debentium
1830 957 1860 987 in
1889 957 1944 987 illo

136 1019 250 1049 nostro
268 991 353 1049 felici
380 1016 500 1049 Studio
525 1018 692 1058 papiensi,
719 1018 802 1049 inter
827 1020 936 1050 cetera
962 1019 1152 1050 continetur
1177 1019 1208 1049 in
1235 1018 1322 1050 hunc
1349 1018 1495 1055 modum,
1515 1018 1690 1049 videlicet:
1718 1017 1767 1049 Ad
1789 1018 1946 1050 lecturam

151 808 153 838 ἰ
205 819 313 934 D
372 790 430 863 'Ux
455 831 651 870 Mediolani,
677 834 738 863 ete.
766 831 869 872 Papie
896 831 1121 873 Anglerieque
1148 831 1273 864 Comes
1299 841 1337 864 ac
1363 831 1462 863 Ianue
1488 830 1665 863 Dominus.

372 902 373 936 l

372 937 373 952 l

134 1079 301 1120 theologie
328 1079 415 1120 legat
443 1089 528 1111 unus
554 1079 647 1112 Ordo
673 1090 713 1111 ex
741 1080 965 1121 intrasciiptis
992 1090 1057 1112 uno
1083 1090 1192 1112 anno:
1219 1079 1267 1113 Sit
1293 1081 1420 1121 primus
1446 1080 1616 1120 antiquior
1641 1079 1755 1111 Ordo:
1794 1081 1947 1112 secundo

134 1141 294 1173 succedat
319 1141 405 1173 alius
431 1150 599 1182 sequens;
626 1142 721 1173 tertio
747 1142 907 1173 succedat
933 1143 1050 1174 tertius
1087 1143 1313 1183 subsequens.
1344 1141 1491 1174 Ordines
1528 1144 1606 1173 sunt
1643 1141 1857 1182 infrascripti,
1900 1143 1948 1173 vi-

134 1203 262 1241 delicet,
289 1202 401 1236 Sancti
428 1203 593 1235 Dominici
620 1204 704 1235 alias
730 1204 807 1235 dicti
835 1205 865 1235 in
892 1205 1089 1236 Mediolano
1115 1204 1227 1237 Sancti
1255 1204 1423 1245 Eustorgii
1442 1206 1473 1236 et
1491 1205 1522 1235 in
1542 1203 1647 1244 Papia
1666 1202 1778 1236 Sancti
1798 1204 1946 1243 Tliome;

135 1265 375 1297 Heremitarum
402 1265 515 1298 Sancti
543 1265 722 1307 Augustini
749 1269 779 1298 et
805 1267 974 1298 Minorum
1013 1265 1124 1299 Sancti
1163 1267 1354 1298 Francisci:
1391 1268 1422 1298 et
1449 1267 1569 1298 lrabeat
1608 1266 1722 1307 legens
1759 1267 1945 1298 secundum

134 1328 284 1359 ordinem
310 1329 578 1369 suprascriptum
604 1329 751 1360 florenos
776 1328 876 1360 XXX.
907 1329 945 1360 Et
971 1330 1060 1370 quia,
1086 1330 1184 1360 sicuti
1211 1330 1380 1369 tidedigne
1407 1329 1632 1369 percepimus,
1660 1329 1762 1360 verba
1796 1329 1945 1369 predicta

133 1390 362 1422 diversimode
389 1391 597 1431 interpretari
624 1391 789 1429 videntur,
815 1391 1026 1422 declaramus
1053 1391 1163 1429 vobis,
1190 1393 1302 1422 nostre
1328 1391 1523 1422 intentionis
1560 1391 1666 1422 fuisse
1693 1393 1723 1422 et
1749 1399 1826 1422 esse
1852 1391 1944 1431 quod

136 1452 200 1489 ille,
226 1453 282 1492 qui
311 1461 370 1492 pro
396 1453 696 1492 primoantiquiori
723 1452 850 1484 Ordine
877 1454 1038 1484 hactenus
1073 1453 1161 1493 legit,
1188 1453 1299 1484 denuo
1325 1455 1356 1484 et
1382 1462 1469 1484 nunc
1496 1453 1584 1493 legat
1610 1453 1637 1483 si
1665 1453 1775 1493 legere
1803 1452 1883 1489 vult,
1910 1455 1941 1484 et

134 1515 182 1545 sic
207 1515 263 1554 qui
291 1514 400 1555 legere
427 1514 548 1545 solitus
573 1516 623 1546 est
649 1524 709 1555 pro
735 1515 800 1546 alio
825 1516 979 1555 sequenti
1006 1514 1132 1547 Ordine
1158 1515 1373 1553 succedente,
1392 1515 1489 1546 etiam
1510 1515 1608 1555 legat,
1627 1515 1655 1545 si
1675 1515 1784 1555 legere
1803 1515 1946 1546 voluerit

135 1578 168 1607 ut
194 1585 306 1616 supra.
333 1576 372 1607 Et
397 1577 549 1608 similiter
585 1577 640 1616 qui
680 1577 788 1617 legere
822 1577 952 1608 solebat
990 1586 1049 1616 pro
1086 1577 1151 1608 alio
1189 1577 1390 1608 succedente
1427 1577 1524 1608 tertio
1550 1576 1677 1608 Ordine
1715 1577 1948 1616 subsequenti,

135 1639 232 1669 etiam
260 1638 347 1679 legat
373 1639 399 1669 si
427 1638 536 1678 legere
561 1638 713 1670 voluerit.
740 1637 772 1670 Si
800 1641 922 1676 autem,
948 1638 1081 1678 singula
1107 1639 1249 1679 singulis
1276 1639 1462 1675 referendo,
1488 1639 1611 1678 aliquis
1637 1647 1678 1669 ex
1706 1639 1946 1678 suprascriptis

136 1701 244 1741 legere
270 1701 421 1737 noluerit,
449 1700 605 1731 volumus
631 1701 721 1740 quod
738 1701 836 1731 nobis
852 1700 1012 1732 referatur
1037 1702 1067 1732 et
1093 1701 1269 1738 scribatur,
1297 1702 1329 1732 ut
1356 1701 1537 1741 superinde
1564 1701 1742 1740 providere
1763 1700 1946 1737 valeamus,

135 1772 195 1794 nec
233 1763 318 1794 alius
355 1763 579 1794 substituatur
615 1763 686 1794 sine
724 1763 847 1793 nostris
885 1762 1001 1794 litteris
1038 1763 1219 1802 specialem
1254 1763 1419 1794 licentiam
1456 1762 1626 1793 dantibus.
1654 1762 1692 1793 Et
1718 1763 1761 1793 ita
1789 1762 1947 1793 volumus

135 1825 224 1865 quod
265 1825 357 1856 iuxta
395 1825 480 1856 lianc
518 1826 665 1856 nostram
703 1825 963 1856 declarationem
990 1825 1113 1865 exequi
1140 1827 1171 1856 et
1197 1825 1323 1856 servari
1350 1825 1503 1865 protinus
1529 1824 1663 1856 satiatis.
1691 1823 1756 1855 Dat
1782 1823 1944 1865 Cusaglii,

134 1887 187 1918 die
214 1886 296 1918 Vllll
322 1887 521 1925 decembris,
548 1885 813 1919 MCCCCXXX.
842 1887 1059 1918 Francliiitus
1087 1887 1234 1918 Mateus.

221 1949 247 1980 A
275 1951 389 1989 tergo:
416 1949 673 1980 Venerabilibus
689 1951 719 1980 et
734 1950 958 1989 prudentibus
985 1949 1065 1980 viris
1091 1949 1223 1981 dilectis
1238 1949 1361 1980 nostris
1377 1948 1576 1982 Rectoribus
1596 1949 1860 1981 Universitatum
1880 1951 1945 1980 tam

134 2010 393 2043 Canonistarum
421 2013 452 2042 et
478 2011 669 2043 Iuristarum
697 2012 768 2043 sive
795 2011 1015 2051 Legistarum,
1042 2020 1141 2051 quam
1169 2011 1378 2043 Medicorum
1405 2013 1435 2043 et
1461 2011 1660 2043 Artistarum
1698 2012 1801 2043 nostri
1833 2011 1943 2043 felicis

134 2072 241 2105 Studii
268 2074 453 2114 papiensis,
481 2082 539 2105 nec
567 2082 631 2104 non
659 2073 896 2106 Referendario
923 2075 1036 2104 nostro
1063 2073 1118 2104 ibi.

897 2221 1178 2261 CLXXIX.

222 2330 249 2358 11
275 2330 396 2358 Priore
422 2330 602 2367 Generale,
630 2331 718 2359 frate
745 2331 902 2359 Gerardo
921 2331 965 2358 da
984 2330 1125 2364 Rimini,
1153 2330 1272 2366 elegge
1298 2330 1386 2358 frate
1412 2330 1558 2358 Alberto
1577 2330 1701 2366 Crespi
1721 2330 1945 2358 Provinciale

136 2383 171 2412 di
196 2383 406 2412 Lombardia
424 2381 484 2423 (1).

804 2435 945 2466 1431,
966 2435 1204 2465 ott013re9
1225 2435 1276 2458 2.

680 2524 756 2544 *Arclr
774 2523 853 2543 Notar.
871 2523 892 2543 di
910 2522 979 2543 Paua
995 2534 1019 2535 j
1036 2522 1084 2543 Atti
1101 2522 1121 2542 di
1138 2522 1251 2547 Agostiro
1268 2521 1395 2545 Baracclu)⁴

217 2609 303 2725 F
378 2627 498 2656 RATER
523 2622 688 2656 Girardus
713 2624 754 2655 de
780 2623 930 2654 Arimino
956 2631 1050 2654 sacre
1077 2622 1200 2662 pagine
1241 2621 1424 2662 professor,
1457 2622 1636 2662 generallis
1677 2621 1796 2654 Rector
1836 2621 1944 2653 tocius

371 2690 372 2694 ’
400 2685 537 2718 Ordinis
563 2686 712 2718 Fratrum
740 2685 981 2717 Heremitarum
1008 2685 1114 2716 sancti
1142 2684 1321 2725 Augustini
1348 2693 1406 2724 per
1431 2682 1552 2715 Sedem
1581 2683 1812 2724 Apostolicam
1852 2685 1945 2715 insti-

399 2750 490 2780 tutus
514 2746 575 2788 (2),
601 2748 796 2780 venerabilli
822 2756 860 2779 ac
887 2747 1045 2787 religioso
1072 2747 1143 2777 viro
1169 2747 1200 2777 in
1227 2744 1363 2779 Christo
1390 2747 1488 2778 nobis
1513 2746 1649 2778 dillecto
1675 2747 1765 2778 fratri
1808 2746 1944 2778 Alberto

140 2905 187 2926 alta
202 2905 360 2926 venerazione.
376 2904 404 2926 Di
419 2905 449 2926 lui
465 2905 560 2931 parlano
576 2905 630 2926 tutti
641 2905 670 2930 gli
682 2904 786 2925 Scrittori
798 2903 949 2929 Agostiniani.
963 2903 1010 2929 Egli
1067 2905 1179 2928 provante
1201 2903 1326 2924 l'elezione
1348 2904 1370 2924 di
1393 2903 1451 2924 frate
1473 2903 1568 2925 Alberto
1590 2903 1680 2929 Crespi,
1703 2904 1722 2924 la
1745 2903 1780 2924 cui
1801 2903 1902 2924 autoritii
1920 2903 1940 2923 tii

139 2949 247 2975 apparira
263 2948 300 2975 piu
316 2949 378 2970 volte
393 2949 427 2970 nei
443 2949 515 2970 nostri
527 2949 666 2970 documenti.
679 2948 768 2974 Questo
779 2950 859 2969 nostro
871 2949 1010 2969 documento
1067 2947 1209 2968 provinciale
1224 2953 1262 2969 era
1278 2948 1408 2969 necessaria
1424 2953 1464 2974 per
1475 2948 1591 2974 conipiere
1606 2948 1621 2968 l'
1630 2949 1680 2968 atto
1691 2948 1712 2968 di
1723 2949 1828 2973 permuta
1840 2947 1875 2968 del
1884 2948 1897 2967 t}
1907 2952 1937 2968 otv

141 2993 153 3015 e
169 2994 240 3015 molto
256 2993 403 3019 importante,
419 2994 501 3019 perche
517 2994 536 3015 ci
552 2993 581 3014 da
596 2993 681 3015 notizie
703 2993 762 3014 della
777 2993 877 3019 tamiglia
893 2993 914 3013 di
931 2993 969 3018 lui,
985 2992 1014 3013 si-
1069 2992 1134 3012 tobre
1153 2991 1209 3017 1432,
1226 2991 1276 3012 doc.
1293 2997 1314 3012 n.
1331 2991 1456 3013 eLxxxn.

141 3043 196 3059 nora
211 3038 323 3064 ignorate.
1118 3036 1148 3059 (2)
1165 3036 1231 3057 Frate
1246 3035 1349 3057 Gerardo
1365 3036 1394 3057 da
1410 3035 1499 3061 Riniini,
1516 3036 1587 3057 eletto
1603 3036 1637 3057 nel
1656 3036 1702 3057 1431
1727 3036 1763 3056 dal
1780 3035 1887 3061 Capitolo
1903 3035 1938 3055 del

193 3083 224 3107 (l)
239 3081 326 3107 Questa
341 3082 422 3104 lettera
437 3083 575 3109 generalizia
590 3082 602 3104 ὸ
612 3082 710 3109 allegata
721 3088 787 3104 come
796 3082 936 3103 documento
951 3086 1011 3102 corn·
1066 3081 1086 3101 la
1102 3080 1235 3102 Cattedrale
1250 3080 1272 3101 di
1294 3080 1382 3102 Cesena
1398 3086 1410 3101 a
1426 3081 1532 3101 Vescovo
1548 3080 1570 3101 di
1586 3080 1661 3106 quella
1684 3079 1784 3105 Diocesi,
1807 3079 1904 3100 recatosi
1927 3084 1938 3099 a
