2347 3444
301 196 364 227 312

297 330 474 367 fruentum,
500 330 591 370 quod
618 333 694 361 tunc
720 333 750 361 et
776 339 816 361 eo
841 339 921 361 casu
949 333 1060 370 partes
1087 330 1158 370 ipse
1185 329 1250 360 sint
1276 332 1306 359 et
1331 336 1406 359 esse
1445 328 1671 368 intelligantur
1707 331 1737 359 et
1774 331 1964 360 remaneant
1991 329 2021 359 in
2049 329 2114 360 biis

296 396 383 423 statu
411 396 441 424 et
467 393 571 433 gradu
600 393 630 423 in
658 393 782 433 quibus
809 393 849 423 de
876 393 1020 432 presenti
1048 395 1135 427 sunt,
1162 395 1191 421 et
1217 399 1331 421 eorum
1359 390 1488 420 iuribus
1515 390 1558 420 uti
1588 390 1731 429 possint,
1758 390 1898 430 proinde
1924 399 1961 421 ac
1987 391 2014 422 si
2042 400 2114 431 pre-

296 459 408 487 sentes
433 456 688 491 conventiones,
715 456 958 486 transactiones
983 458 1013 484 et
1041 457 1147 493 pacta,
1174 453 1259 483 facta
1286 456 1316 483 et
1342 451 1426 483 facte
1453 461 1518 482 non
1544 451 1698 483 fuissent.
1726 451 1762 483 Et
1789 452 1877 483 dicto
1896 461 1974 484 casu
2002 454 2113 484 omnia

295 527 408 549 eorum
437 518 528 554 iura,
565 518 805 557 exceptiones,
843 516 1089 556 appellationes
1115 519 1145 546 et
1172 518 1321 554 tempora
1359 514 1424 545 sint
1463 514 1556 545 salva
1596 514 1625 545 in
1665 514 1730 545 illis
1756 515 1905 546 terminis
1932 515 1961 546 in
1989 515 2114 555 quibus

295 584 388 611 erant
414 583 490 611 ante
517 584 689 620 presentes
716 579 969 613 transactiones,
996 578 1073 617 quia
1101 578 1148 608 sic
1174 576 1234 607 fuit
1262 585 1318 616 per
1345 579 1476 616 pactum
1504 585 1715 616 expressum.

383 641 478 680 Quas
504 642 638 682 quidem
666 641 909 672 transactiones
935 643 964 671 et
990 639 1233 670 conventiones
1259 640 1291 669 et
1317 647 1380 678 que
1407 638 1542 678 quidem
1563 642 1658 678 pacta
1684 642 1714 670 et
1739 640 1851 670 omnia
1873 641 2114 681 suprascripta,

295 705 382 736 dicte
409 707 530 745 partes,
558 704 711 734 videlicet
738 703 814 733 dicti
842 702 968 732 doriiini
997 700 1090 732 Prior
1115 704 1145 732 et
1173 700 1313 737 Fratres,
1351 701 1422 732 suis
1448 703 1478 731 et
1504 701 1593 731 dicto
1627 701 1771 739 nomine,
1797 711 1838 732 ex
1866 710 1930 733 una
1957 705 2059 742 parte,
2084 706 2114 734 et

294 768 546 807 suprascriptus
573 766 730 796 dominus
758 764 928 795 Aluissius
954 764 1106 795 sindicus
1132 763 1332 800 antedictus,
1359 763 1448 794 dicto
1467 763 1649 794 sindicario
1671 766 1702 794 et
1721 765 1949 804 procuratorio
1969 765 2112 802 nomine,

293 839 334 860 ex
354 829 467 864 altera,
494 829 557 859 sibi
587 829 670 868 ipsis
698 828 771 858 liinc
800 827 875 857 inde
902 830 931 857 et
957 826 998 857 ad
1027 826 1168 857 invicem
1195 826 1407 866 stipulantes,
1434 826 1566 866 singula
1592 826 1735 866 singulis
1753 835 1900 867 congrue
1918 826 2113 865 refferendo,

296 892 539 932 promisserunt
566 894 595 920 et
621 891 849 920 convenerunt
874 897 911 919 ac
939 889 1134 928 promittunt
1160 890 1190 919 et
1216 888 1420 919 conveniunt
1447 891 1546 925 ratas,
1572 891 1702 929 gratas,
1739 891 1769 919 et
1807 889 1920 920 firmas
1956 897 1994 920 ac
2031 891 2111 927 rata,

293 959 385 993 grata
411 957 441 984 et
468 953 559 983 firma
588 952 708 982 babere
735 955 765 982 et
791 954 901 982 tenere
926 960 964 982 ac
989 951 1159 982 attendere
1185 953 1215 981 et
1243 950 1481 981 inviolabiliter
1507 950 1689 982 observare
1716 954 1746 981 et
1774 951 1804 981 in
1832 951 1923 982 nullo
1948 951 2114 983 contrafa-

294 1025 376 1049 cere,
403 1016 510 1046 dicere
549 1014 805 1054 quomodolibet
831 1022 889 1045 seu
917 1014 1040 1050 venire,
1068 1022 1125 1053 per
1151 1022 1186 1044 se
1213 1022 1247 1044 se
1275 1013 1324 1044 vel
1352 1013 1452 1043 alium
1480 1005 1538 1044 seu
1565 1012 1661 1049 alios,
1692 1021 1805 1043 eorum
1833 1014 2111 1045 monasteriorum

293 1087 350 1109 seu
379 1079 526 1117 ipsorum
555 1077 698 1113 nomine,
726 1077 864 1107 dirrecte
891 1085 949 1107 nec
976 1076 1169 1113 indirrecte‚
1207 1076 1303 1114 tacite
1331 1084 1389 1106 nec
1418 1083 1591 1115 expresse,
1618 1084 1676 1106 nec
1702 1075 1766 1106 sub
1791 1075 1856 1106 alio
1883 1077 2006 1115 quovis
2033 1076 2114 1108 iuris

293 1141 342 1171 vel
370 1140 446 1171 facti
474 1139 608 1179 quesito
634 1139 756 1173 colore,
783 1139 846 1169 sub
872 1139 1020 1169 omnium
1060 1138 1294 1178 dampnorum,
1333 1139 1493 1169 interesse
1530 1140 1560 1168 et
1597 1146 1822 1178 expensarum
1862 1138 1927 1169 litis
1964 1141 1994 1169 et
2019 1141 2112 1169 extra

292 1203 509 1233 restitutione.
537 1200 585 1232 De
612 1210 753 1241 quorum
780 1204 810 1232 et
836 1210 976 1241 quarum
1004 1201 1139 1241 quidem
1167 1201 1401 1240 dampnorum,
1428 1201 1587 1231 interesse
1614 1204 1644 1231 et
1677 1209 1901 1240 expensarum
1929 1201 2113 1240 quantitate

291 1266 368 1296 dicti
396 1265 641 1300 crmtralientes,
669 1265 740 1295 suis
758 1267 788 1295 et
807 1264 905 1295 dictis
932 1263 1136 1301 nominibus,
1164 1263 1227 1295 sibi
1256 1264 1340 1303 ipsis
1367 1264 1441 1294 binc
1469 1264 1544 1294 inde
1570 1266 1601 1294 et
1625 1263 1667 1294 ad
1695 1263 1847 1299 invicem,
1874 1264 1945 1294 suis
1967 1265 1997 1294 et
2015 1264 2114 1295 dictis

292 1327 486 1358 nominibus
513 1327 725 1367 stipulantes,
752 1326 884 1367 singula
911 1326 1054 1366 singulis
1081 1326 1275 1363 ret't'erendo,
1294 1326 1427 1357 credere
1453 1328 1484 1357 et
1510 1328 1597 1357 stare
1624 1325 1712 1356 dicto
1739 1325 1882 1366 simplici
1902 1334 1975 1356 cum
2002 1334 2113 1357 sacra-

293 1393 415 1424 mento,
454 1390 698 1429 promisserunt
735 1392 766 1420 et
802 1391 1032 1420 convenerunt
1058 1397 1095 1419 ac
1133 1389 1330 1429 promittunt
1355 1390 1385 1419 et
1410 1388 1625 1425 conveniunt,
1663 1388 1792 1428 absque
1829 1388 1894 1418 alia
1931 1388 2113 1428 superinde

293 1452 357 1483 tide
383 1455 413 1483 et
440 1452 639 1492 probatione
666 1452 796 1482 fiendis.
823 1450 1089 1489 Constituentes,
1116 1454 1175 1482 etc.
1215 1450 1465 1487 Renuntiantes,
1499 1453 1559 1481 etc.
1584 1450 1635 1481 Et
1674 1450 1760 1487 inde,
1797 1453 1857 1481 etc.
1895 1449 2114 1482 presentibus

289 1514 535 1555 spectabilibus
561 1514 758 1545 doctoribus
785 1514 922 1545 domino
950 1513 1095 1545 lolianne
1115 1513 1305 1555 Augustino
1332 1514 1372 1544 de
1392 1513 1617 1544 Preotonibus
1635 1516 1665 1544 et
1691 1513 1829 1544 domino
1856 1512 1961 1544 Paulo
1987 1513 2027 1544 de
2054 1512 2115 1545 Pe-

291 1578 419 1613 troniis,
435 1577 603 1608 ambobus
629 1577 669 1607 de
695 1577 839 1617 collegio
865 1576 1077 1607 dominorum
1106 1576 1252 1607 ludicum
1279 1576 1426 1607 civitatis
1453 1575 1566 1616 Papie,
1593 1575 1738 1607 Iohanne
1765 1575 1955 1617 Augustino
1981 1576 2021 1607 de
2040 1575 2115 1607 Mo-

291 1640 411 1671 rasclio
436 1639 504 1670 filio
531 1640 656 1670 domini
685 1639 782 1670 Marii
822 1640 963 1676 notario,
989 1639 1127 1670 domino
1154 1638 1325 1670 Bernardo
1351 1639 1391 1670 de
1419 1637 1576 1670 piscariis
1614 1638 1681 1669 filio
1715 1638 1896 1678 quondam·
1913 1639 2038 1669 domini
2066 1638 2114 1670 lo—

293 1702 424 1738 bannis,
453 1701 598 1732 lolianne
625 1701 772 1733 Antonio
799 1702 839 1732 de
865 1700 1034 1733 Gallarate
1062 1701 1186 1732 bidello
1212 1704 1243 1732 et
1269 1701 1473 1732 Ambrosino
1500 1701 1589 1732 dicto
1626 1700 1773 1742 Giapino
1811 1711 1851 1732 ex
1891 1701 2048 1732 Ferrariis
2073 1701 2113 1732 de

291 1763 394 1796 Gradi
430 1765 498 1795 tilio
524 1765 695 1804 quondam
724 1764 870 1802 Martini,
898 1765 1056 1796 omnibus
1083 1764 1331 1796 habitatoribus
1358 1763 1471 1805 Papie,
1499 1764 1575 1795 inde
1605 1764 1759 1795 testibus.

1114 1949 1350 1992 DLXIII.

381 2059 408 2086 11
435 2059 598 2094 Capitolo
623 2058 658 2087 di
685 2059 720 2087 S.
748 2059 922 2094 Agostino
949 2059 993 2087 da
1020 2058 1053 2086 in
1079 2058 1291 2087 investitura
1317 2059 1326 2086 i
1353 2058 1433 2087 beni
1459 2059 1494 2086 di
1519 2059 1734 2087 Parasacco.

913 2181 1048 2205 1492
1060 2196 1073 2211 9
1104 2181 1344 2212 nmina-gio
1355 2196 1368 2212 9
1398 2181 1472 2206 29
1484 2196 1496 2206 0

861 2270 929 2290 (Arcti
956 2270 1036 2290 Notar.
1054 2269 1074 2289 di
1093 2269 1172 2290 pavia*
1191 2281 1211 2283 -
1230 2270 1277 2290 Atti
1294 2270 1315 2290 di
1332 2270 1436 2296 Gaspare
1453 2270 1570 2291 Tacconii.

356 2466 500 2581 [xllx
541 2490 804 2525 CCCCLxxxxij,
832 2486 1000 2517 indicione
1026 2486 1165 2523 decima,
1193 2486 1245 2517 die
1272 2485 1415 2516 XXVllll
1443 2485 1567 2516 mensis
1586 2493 1694 2525 may...
1714 2484 1745 2515 ln
1767 2485 1839 2516 loco
1858 2484 2005 2526 Capituli
2025 2485 2115 2518 Con-

566 2552 685 2579 ventus
712 2549 816 2579 sancti
845 2547 1023 2588 Augustini
1052 2547 1165 2588 l'apie.
1192 2547 1370 2581 Ruclzrtmto
1396 2548 1420 2579 il
1446 2547 1724 2587 Capitolo,i11c111'
1747 2556 1844 2578 erano
1863 2548 1886 2579 il
1903 2548 2015 2580 Priore
2025 2548 2114 2589 frate

566 2612 706 2640 maestro
733 2609 941 2641 Bas-tolomeo
968 2610 1007 2641 cle
1040 2610 1217 2641 Vulmaclm
1243 2620 1259 2641 e
1285 2619 1344 2641 con
1370 2611 1416 2642 lui
1439 2610 1596 2641 dominus
1623 2610 1780 2649 magister
1800 2609 1966 2642 Antonius
1985 2612 2024 2643 de
2044 2611 2114 2649 Ast,

298 2667 456 2699 dominus
484 2670 583 2701 frater
610 2671 762 2703 Andreas
788 2673 828 2703 de
856 2672 1052 2703 Mediolano
1079 2673 1302 2710 baebalarius,
1322 2673 1480 2704 dominus
1498 2671 1596 2702 frater
1616 2671 1846 2703 Bertolameus
1865 2674 1904 2704 de
1923 2672 2114 2706 Castelacio

299 2730 443 2762 biblicus
469 2736 499 2763 et
527 2737 732 2772 procurator,
759 2735 917 2765 dominus
944 2734 1042 2766 frater
1070 2735 1237 2766 Martinus
1263 2735 1303 2766 de
1330 2735 1481 2766 Valentia
1508 2735 1619 2770 lector,
1646 2734 1744 2765 frater
1771 2734 1897 2766 Paulus
1923 2736 1963 2767 de
1984 2735 2113 2768 Putbeo

298 2793 338 2823 de
366 2792 480 2833 l'apia,
508 2794 607 2826 trater
636 2795 789 2835 Pliilipus
816 2797 855 2827 de
883 2796 1055 2828 Vincentia
1083 2797 1194 2834 lector,
1221 2797 1320 2829 frater
1346 2797 1502 2828 Didimus
1529 2798 1568 2828 de
1596 2796 1699 2837 Papia
1727 2798 1872 2829 vicarius
1905 2802 2114 2835 conventus,

299 2855 398 2887 trater
423 2856 603 2888 Zacharias
630 2858 669 2888 de
698 2858 893 2889 Mediolano
921 2860 1078 2899 magister
1108 2860 1324 2897 studentium,
1343 2860 1441 2891 frater
1461 2859 1625 2891 lohannes
1644 2861 1684 2891 de
1703 2860 1944 2895 Tricio,f1·ater
1977 2860 2112 2893 Gabriel

299 2918 339 2949 de
367 2917 470 2958 Papia
497 2928 624 2955 cursor,
651 2919 750 2951 frater
776 2919 937 2952 Silvester
963 2922 1003 2952 de
1030 2921 1192 2959 Valentia,
1218 2922 1318 2953 frater
1343 2920 1527 2963 Gregorius
1554 2922 1593 2953 de
1622 2921 1736 2962 Papia,
1763 2922 1861 2954 frater
1887 2923 2048 2955 Nicolaus
2073 2924 2113 2955 de

301 2979 415 3020 Papia,
442 2980 541 3012 trater
568 2980 722 3021 Pbilipus
749 2982 788 3012 de
817 2982 938 3019 Laude,
966 2982 1064 3014 frater
1091 2983 1287 3015 Leonardus
1313 2984 1353 3014 de
1373 2983 1534 3021 Mareliia,
1553 2983 1652 3015 frater
1672 2984 1821 3025 Angelus
1840 2985 1880 3016 de
1899 2984 2114 3020 Alexandria,

300 3042 398 3073 frater
426 3043 584 3074 Matlteus
611 3044 650 3074 de
678 3043 864 3081 Alamania,
891 3045 989 3076 frater
1016 3045 1182 3077 lohannes
1208 3046 1248 3077 de
1275 3045 1456 3081 'l'liuronis,
1486 3045 1584 3077 frater
1623 3045 1748 3077 Paulus
1785 3047 1825 3078 de
1864 3047 1978 3087 Papia,
2015 3047 2114 3079 frater
