2347 3444
1949 221 2013 253 223

925 396 1290 437 CDXXXVII.

291 510 396 538 Frate
421 510 622 540 Francesco
648 512 692 540 da
718 513 854 542 Cerano
881 514 1114 543 Procurator-e
1133 515 1167 543 di
1186 515 1221 543 S.
1241 515 1415 551 Agostino
1441 516 1557 544 riceve
1576 516 1600 544 il
1618 522 1829 553 pagamento
1855 519 1887 547 d’
1901 520 2013 548 affitto

202 562 234 591 d'
248 571 316 591 una
341 571 427 591 casa
453 563 487 592 in
513 564 637 593 Pavia.

812 662 966 693 1480,
998 663 1279 695 salumn-nio,
1313 664 1391 688 14.

757 759 833 780 *Arch⁴
850 759 930 780 Notat.
947 760 969 780 di
986 759 1056 781 Pavia
1072 771 1097 774 ἡ
1113 760 1159 781 Atti
1176 760 1198 781 dl
1214 760 1292 781 Pietro
1309 761 1459 782 Mombretol.

218 907 220 961 1
268 949 391 1064 N
448 967 537 993 ELLA
561 962 635 993 sala
660 963 846 994 d'adieaza
872 964 925 995 ciel
943 965 1089 1005 palazzo
1117 965 1276 997 vescovile
1301 966 1336 997 cii
1358 965 1475 998 Paula.
1503 966 1669 999 Dominus
1695 968 1794 999 frater
1821 969 2018 1001 Franciscns

440 1057 441 1073 χ
471 1025 511 1056 de
536 1023 667 1057 Cerano
694 1026 870 1066 protessus
888 1025 1087 1059 Conventus
1105 1028 1209 1059 sancti
1230 1027 1408 1069 Augustini
1429 1031 1603 1070 papiensis
1621 1033 1652 1062 et
1670 1033 1839 1071 tamquam
1867 1033 2018 1064 sindicus

469 1089 499 1118 et
525 1090 719 1127 procurator
746 1089 853 1128 ipsius
886 1092 1083 1127 conventus,
1121 1090 1223 1121 riceve
1248 1090 1291 1122 da
1320 1090 1480 1123 Giacomo
1517 1092 1556 1123 a'e
1593 1092 1809 1126 Ronzoai'bas
1837 1093 1953 1134 fiorini
1980 1095 2021 1126 10

199 1157 261 1189 per
281 1148 389 1189 affitto
415 1149 450 1180 di
473 1158 514 1180 aa
541 1158 627 1180 anno
664 1151 787 1190 spirata
824 1150 888 1181 alle
925 1151 1060 1182 valencie
1085 1151 1138 1182 a'el
1158 1154 1299 1192 passato
1335 1153 1514 1189 settembre,
1542 1154 1576 1186 di
1600 1163 1665 1185 aaa
1691 1164 1771 1186 casa
1796 1156 1827 1187 [a
1854 1155 1960 1187 Ριιιίἰι
1986 1157 2017 1187 ia

203 1210 402 1242 Parroccla'a
427 1211 462 1242 di·
486 1210 518 1243 S.
547 1210 684 1251 Giorgio
718 1213 748 1244 ia
767 1212 940 1253 foraaralo
958 1211 1018 1252 (l).

914 1379 1306 1419 CDXXXVIII.

292 1495 319 1522 11
345 1494 605 1523 Conservatore
643 1496 735 1531 degli
773 1496 996 1532 Agostiniani
1023 1497 1057 1524 di
1084 1497 1195 1525 Pavia
1229 1497 1351 1525 intima
1377 1498 1411 1526 la
1437 1499 1642 1527 esecuzione
1668 1500 1702 1527 di
1728 1509 1795 1528 una
1821 1501 2017 1530 donazione

205 1548 293 1576 satta
319 1548 352 1576 al
379 1548 560 1576 Convento
587 1549 621 1576 di
648 1549 682 1577 S.
718 1549 841 1577 Paolo.

822 1644 975 1676 1480,
1002 1645 1118 1669 fel)l
1125 1646 1277 1677 ›rnio‚
1309 1646 1398 1670 23..

732 1742 808 1764 (Aren.
825 1742 904 1762 Notas
922 1742 943 1762 di
961 1741 1030 1762 Pavia
1046 1753 1070 1755 —
1086 1742 1133 1762 Atti
1150 1742 1171 1762 di
1188 1743 1316 1763 Francesco
1334 1742 1489 1768 Gravanago).

305 1927 351 2042 I
446 1943 621 1970 OHANNES
647 1939 805 1970 Matheus
831 1939 871 1970 de
898 1938 1043 1970 Privolis
1069 1940 1275 1970 decretorum
1303 1940 1419 1971 doctor
1438 1939 1704 1971 Archidiaconus
1722 1941 1861 1972 ecclesie
1881 1941 2018 1972 maioris

468 2001 581 2042 Papie,
607 2004 823 2033 conservator
849 2002 1057 2042 apostolicus
1083 2002 1271 2042 specialiter
1297 2002 1477 2042 deputatus
1496 2011 1560 2032 una
1578 2011 1651 2033 cum
1671 2003 1768 2033 certis
1787 2003 1817 2033 in
1838 2003 1898 2033 hac
1925 2005 2016 2042 parte

225 2101 255 2102 ρ
309 2100 422 2102 VK?
468 2065 592 2095 nostris
616 2065 743 2104 colegis
781 2065 961 2095 insolidum
999 2064 1169 2104 deputatis
1206 2066 1418 2095 sacrosancte
1459 2064 1622 2105 Religioni
1662 2065 1842 2095 universali
1871 2065 2018 2095 Heremi-

198 2130 303 2158 tarum
330 2127 520 2158 Beatissimi
549 2126 738 2167 Augustini,
766 2127 991 2158 mediantibus
1018 2127 1120 2157 literis
1139 2127 1331 2166 patentibus
1349 2127 1611 2157 conservatoriis
1637 2127 1808 2157 reverendi
1829 2127 1859 2157 in
1879 2125 2015 2158 Christo

196 2190 300 2229 patris
327 2189 453 2220 domini
480 2188 591 2220 fratris
618 2188 786 2219 Ambrosii
814 2189 854 2219 de
880 2187 968 2220 Cora
1006 2188 1157 2228 prelibati
1196 2187 1334 2219 Ordinis
1372 2190 1584 2219 sacrosancte
1611 2188 1778 2228 theologie
1806 2189 1953 2229 magistri
1981 2191 2011 2219 et

197 2251 401 2292 professoris
427 2253 457 2282 et
484 2251 707 2291 precelebrate
746 2250 929 2291 Religionis
967 2249 1026 2281 Dei
1065 2251 1175 2290 gracia
1214 2250 1348 2281 humilis
1386 2249 1511 2281 Prioris
1548 2248 1733 2286 Generalis,
1761 2250 1848 2281 datis
1874 2252 1904 2281 et
1931 2251 2014 2281 actis

198 2312 301 2354 Papie
330 2314 360 2344 in
389 2313 517 2354 prefato
556 2314 758 2344 monasterio
796 2313 900 2344 sancti
941 2312 1130 2353 Augustini,
1157 2313 1188 2343 in
1214 2312 1310 2343 cuius
1347 2312 1421 2343 sinu
1459 2312 1609 2343 eiusdem
1649 2311 1838 2343 Beatissimi
1880 2311 2015 2352 Corpus

197 2376 350 2415 quiescit,
376 2384 465 2406 anno
493 2374 813 2416 MCCCCLXXVllJ
840 2375 892 2405 die
919 2375 1062 2414 septimo
1101 2374 1226 2405 mensis
1263 2374 1345 2404 lullii
1373 2383 1430 2413 per
1468 2373 1507 2404 D.
1534 2373 1713 2404 Iohannem
1752 2374 1792 2404 de
1829 2372 2014 2405 Scanzollis

199 2438 364 2468 notarium
392 2438 587 2478 papiensem
605 2435 673 2477 (2):
701 2437 749 2467 Ex
775 2438 970 2468 auctoritate
996 2439 1027 2467 et
1053 2438 1217 2476 potestate
1233 2435 1361 2476 prefato
1381 2436 1518 2466 domino
1538 2434 1641 2466 Priori
1662 2435 1816 2467 Generali
1836 2436 2014 2473 attributis,

198 2500 424 2531 mediantibus
449 2500 670 2540 amplissimis
697 2500 797 2530 bullis
823 2499 1031 2539 apostolicis,
1058 2499 1142 2538 ipsis
1169 2499 1199 2529 in
1226 2499 1487 2529 conservatoriis
1514 2499 1658 2535 insertis,
1685 2500 1715 2529 et
1741 2498 1781 2529 de
1815 2498 1940 2538 quibus
1966 2498 2016 2529 ot-

197 2561 336 2593 ferimus
362 2571 423 2593 nos
450 2564 586 2602 paratos
611 2562 756 2602 amplam
783 2564 813 2592 et
840 2561 1007 2592 liberalem
1047 2561 1144 2591 fidem
1184 2560 1301 2597 facere,
1328 2561 1366 2597 si,
1393 2560 1529 2600 quando
1555 2562 1585 2591 et
1619 2563 1716 2600 prout
1742 2563 1772 2591 et
1798 2561 1848 2591 cui
1877 2561 2014 2595 intersit.

197 2623 294 2655 fuerit
320 2633 338 2655 a
365 2624 464 2655 nobis
489 2625 649 2655 canonice
675 2624 894 2664 requisitum:
922 2623 1042 2654 dilecto
1069 2623 1167 2653 nobis
1194 2623 1224 2653 in
1252 2621 1388 2654 Christo
1415 2622 1552 2653 domino
1579 2621 1748 2653 Amiricho
1774 2623 1814 2653 de
1848 2622 2014 2653 Zanacliis

199 2686 282 2717 laico
309 2687 474 2726 papiensi,
502 2686 678 2717 habitatori
707 2685 820 2726 Fame,
847 2686 944 2716 tutori
971 2687 1001 2716 et
1027 2694 1085 2716 seu
1127 2685 1269 2715 curatori
1296 2686 1326 2715 ct
1352 2684 1474 2715 tutorio
1500 2692 1558 2715 seu
1585 2685 1751 2715 curatorio
1789 2685 1922 2715 nomine
1950 2684 2016 2715 Au-

197 2749 320 2789 gustini
347 2748 387 2779 de
412 2748 577 2779 Zanachis
613 2748 788 2779 donatario
826 2748 996 2788 quondam
1034 2747 1160 2777 domini
1195 2746 1352 2777 lobannis
1378 2745 1512 2777 Antonii
1540 2746 1579 2777 de
1606 2746 1836 2783 Taclionibus,
1874 2746 2013 2777 salutem

197 2811 228 2842 in
255 2810 400 2841 Domino
425 2813 455 2841 et
481 2811 648 2842 mandatis
674 2811 807 2847 nostris,
834 2811 900 2841 imo
927 2810 1038 2840 verius
1063 2809 1271 2849 apostolicis,
1298 2808 1432 2839 firmiter
1457 2817 1494 2839 ac
1521 2808 1686 2839 humiliter
1711 2808 1859 2839 obedire.

284 2872 502 2910 Querelanter
528 2873 627 2904 nobis
653 2873 895 2904 demonstravit
923 2871 1125 2902 venerabilis
1152 2871 1200 2901 vir
1226 2870 1384 2901 dominus
1409 2869 1508 2901 frater
1527 2869 1692 2901 lohannes
1712 2869 1830 2901 Petrus
1849 2870 1888 2900 de
1908 2869 2012 2909 Papia

196 2935 347 2966 sindicus
371 2937 402 2966 et
428 2937 622 2975 procurator
626 2960 676 2966 .....
714 2935 955 2966 venerabilium
995 2934 1140 2964 virorum
1179 2933 1390 2963 dominorum
1429 2931 1554 2962 Prioris
1580 2934 1611 2962 et
1637 2931 1784 2962 Fratrum
1820 2932 2011 2962 monasterii

253 3092 283 3115 ll)
298 3091 354 3112 Vedi
370 3091 375 3111 i
391 3091 523 3112 documenti
539 3091 656 3112 CCCXLV
672 3098 683 3112 e
701 3091 836 3113 CCCXLVI.
1185 3089 1215 3112 12)
1230 3088 1286 3109 Vedi
1303 3088 1316 3108 il
1332 3088 1472 3108 documento
1488 3093 1508 3108 ιι,
1525 3087 1624 3109 CDXVI.
