2347 3444
1949 192 2012 224 239

201 327 438 367 requirentium
464 326 673 358 oblacionem
699 326 741 357 ad
779 326 899 357 dictam
937 325 1110 357 ecclesiam
1148 325 1216 356 fieri
1243 324 1364 355 debere
1401 332 1459 364 per
1491 322 1738 356 Comunitatem
1765 326 1794 356 et
1821 326 2013 356 universum

203 390 364 430 populum
392 388 505 430 Papie,
532 398 591 430 pro
617 388 835 420 fabricatione
862 388 969 428 ipsius
994 387 1132 419 ecclesie
1157 389 1188 418 et
1213 388 1410 424 conventus,
1438 387 1500 417 iam
1528 386 1633 426 pridie
1661 387 1825 424 inchoata,
1862 389 1892 418 et
1919 389 2016 427 prout

203 452 362 484 haetenus
387 454 417 483 et
444 461 501 492 per
526 453 676 492 tempora
713 453 873 482 retroacta
899 451 1033 482 solitum
1060 452 1109 481 est
1135 450 1214 487 fieri,
1240 451 1270 481 et
1304 450 1395 480 iuxta
1434 449 1668 489 provixionem
1706 449 1794 480 aliax
1834 449 2013 489 superinde

203 514 323 545 factam
348 511 420 553 (1):
447 513 524 544 Item
551 513 717 544 informati
744 513 784 544 de
811 513 890 544 vitta
916 515 946 543 et
972 512 1192 543 sanctimonia
1219 512 1367 551 ipsorum
1395 511 1605 541 dominorum
1634 510 1792 547 Fratrum,
1811 519 1847 541 ac
1874 511 2019 541 necessi-

204 578 268 607 tate
295 576 421 616 urgenti
450 576 557 616 ipsius
582 575 720 606 ecclesie
746 577 777 606 et
803 575 1016 611 monasterii,
1043 574 1194 605 volentes
1220 573 1434 613 requisicioni
1464 581 1609 604 annuere
1635 574 1665 603 et
1692 573 1835 603 maxime
1863 573 1927 603 hiis
1953 581 2016 612 que

204 638 343 669 tendunt
368 638 409 668 ad
436 638 586 668 divinum
612 637 746 675 cultum,
774 637 991 677 providerunt
1016 638 1047 667 et
1071 636 1320 673 ordinaverunt,
1338 644 1375 666 ac
1394 635 1572 675 provident
1597 636 1627 665 et
1653 635 1818 671 ordinant,
1844 634 1934 674 quod
1962 643 2019 674 per

204 700 324 730 dictam
343 698 589 732 Comunitatem
608 701 639 730 et
656 702 760 730 totum
780 699 941 739 populum
961 698 1063 739 Papie
1082 699 1161 729 fiant
1178 700 1209 729 et
1227 698 1294 729 fieri
1314 697 1457 728 debeant
1475 697 1517 728 ad
1536 697 1656 728 dictam
1676 697 1849 728 ecclesiam
1866 696 1966 727 semel
1987 697 2017 726 in

204 771 302 799 anno,
329 762 370 793 ad
398 762 526 792 libitum
555 763 703 801 ipsorum
730 762 940 792 dominorum
969 760 1092 792 Prioris
1118 763 1148 792 et
1175 760 1321 792 Fratrum
1348 762 1379 791 et
1405 760 1435 790 in
1462 768 1500 790 ea
1526 760 1579 790 die
1606 768 1670 799 que
1696 768 1755 800 eys
1781 759 1900 790 melius
1926 758 2018 789 vide-

206 825 291 855 bitur
306 826 335 855 et
351 824 521 864 placuerit,
540 824 734 854 oblaciones
752 824 924 863 generales
939 824 979 855 ad
1000 824 1158 854 1101101611]
1177 822 1428 863 Omnipotentis
1446 821 1518 862 Dey
1536 824 1566 853 et
1584 821 1730 862 gloriose
1749 821 1895 861 Virginis
1915 821 2019 851 Marie

206 886 459 929 acvsseatissimi
487 887 591 917 sancti
620 885 797 925 Augustini
825 888 854 917 et
881 887 984 917 sancti
1024 885 1129 923 Pauli,
1155 886 1196 916 ad
1224 886 1285 916 1106
1313 887 1345 916 111
1372 885 1529 925 prosequi
1557 885 1665 924 possit
1691 884 1732 914 ad
1767 883 2018 914 fabricationem

204 950 312 989 ipsius
337 949 476 979 ecclesie
502 951 532 979 et
557 951 754 983 conventus,
782 949 844 979 iam
873 949 978 988 pridie
1004 951 1033 979 et
1061 951 1093 979 ut
1120 957 1221 988 supra
1249 948 1436 979 inchoatam
1455 945 1516 986 (2).
1544 946 1581 978 Et
1608 947 1670 977 1106
1702 955 1808 986 usque
1841 946 1882 976 ad
1913 954 2020 976 annos

208 1014 274 1042 tres
301 1012 453 1051 proxime
479 1010 620 1047 futuros,
648 1011 678 1041 111
705 1011 800 1041 6111115
826 1011 985 1051 temporis
1011 1011 1138 1051 spaciO,
1164 1010 1423 1042 succedentibus
1449 1009 1560 1049 dignis
1578 1009 1770 1040 elimoxinis
1796 1010 1826 1039 et
1851 1008 2021 1048 opulentis

206 1073 453 1109 oblacionibus,
480 1075 510 1103 et
536 1072 691 1103 manibus
717 1072 948 1107 adiutricibus,
964 1074 1115 1112 speratur
1140 1081 1213 1103 611111
1240 1072 1407 1103 adiutorio
1434 1071 1596 1102 Altissimi
1623 1070 1793 1103 Creatoris
1819 1070 1909 1110 quod
1928 1069 2016 1101 tallis

208 1135 382 1166 fabricatio
410 1136 493 1165 finiri
521 1135 651 1165 debeat.
679 1135 715 1165 lit
742 1135 940 1165 adveniente
966 1144 1045 1165 casu
1073 1135 1163 1174 quod
1190 1134 1265 1165 talle
1292 1133 1494 1164 {redifficium
1522 1134 1605 1164 t'iniri
1641 1142 1705 1164 non
1744 1135 1859 1172 posset
1886 1133 1916 1162 in
1944 1135 2024 1162 tem-

208 1206 287 1238 pore
313 1197 353 1228 de
379 1206 446 1237 quo
473 1206 584 1237 supra,
612 1196 843 1236 providebitur
869 1197 1084 1236 postmodum
1112 1197 1203 1227 iuxta
1238 1196 1495 1236 possibilitatem
1521 1198 1551 1226 et
1577 1195 1816 1226 discrecionem
1844 1194 1920 1224 dieti
1958 1192 2025 1225 Co-

210 1268 330 1291 munis.

992 1441 1239 1481 CDLXV.

298 1552 325 1580 11
352 1552 503 1580 Comune
529 1551 561 1579 di
585 1550 689 1579 Pavia
714 1550 823 1579 scrive
848 1551 878 1578 al
904 1549 1021 1578 Priore
1046 1550 1209 1578 Generale
1234 1549 1322 1585 degli
1348 1548 1561 1586 Agostiniani
1585 1558 1604 1577 a
1628 1549 1742 1577 favore
1767 1548 1800 1577 di
1824 1548 1910 1577 Gian
1950 1548 2026 1576 Gia-

211 1614 310 1634 como
337 1605 531 1642 Campeggi.

866 1707 1019 1738 1482,
1051 1708 1246 1739 aprile,
1278 1707 1368 1732 30·

463 1798 540 1821 (Arcti.
556 1798 592 1819 del
608 1798 692 1818 Museo
708 1797 756 1818 civi
773 1797 795 1818 di
811 1796 871 1818 Stor.
889 1798 949 1822 patr.
966 1796 986 1817 di
1004 1796 1073 1817 Pavia
1089 1807 1114 1809 —
1129 1796 1176 1817 Atti
1193 1795 1214 1816 di
1231 1795 1389 1821 Provvisione,
1407 1795 1482 1816 Pacco
1496 1796 1508 1816 2
1523 1801 1534 1816 e
1551 1795 1625 1816 paceo
1641 1794 1774 1821 Religiosit.

288 1982 395 2100 C
460 2000 670 2028 ONVOCATO
696 1994 860 2031 Consilio,
886 1996 946 2026 etc.

572 2058 649 2090 Item
677 2058 894 2099 providerunt
920 2060 950 2088 et
976 2057 1153 2097 provident
1179 2057 1269 2097 quod
1304 2055 1491 2087 scribantur
1528 2055 1631 2086 littere
1668 2054 1850 2085 reverendo
1892 2054 2028 2085 domino

484 2120 639 2153 Generali
666 2119 804 2152 Ordinis
841 2120 945 2151 sancti
973 2119 1149 2160 Augustini
1177 2119 1207 2149 in
1234 2118 1382 2150 favorem
1420 2118 1530 2149 fratris
1557 2117 1623 2148 1011.
1651 2117 1759 2148 lacobi
1786 2117 1826 2148 de
1852 2115 2029 2158 Campixe,

217 2185 249 2215 in
275 2183 382 2215 forma
408 2185 507 2224 prout
533 2183 564 2214 in
590 2183 659 2214 fillo
685 2183 894 2213 diversorum
921 2183 998 2213 sunt
1022 2183 1189 2212 annotate.

305 2300 430 2332 Ihesus.

306 2362 452 2394 Domino
478 2360 633 2394 Generali
660 2359 798 2392 Ordinis
823 2359 933 2392 Sancti
962 2359 1138 2400 Augustini
1157 2356 1218 2399 (3).

309 2424 503 2458 Reverende
529 2424 559 2455 in
586 2422 723 2456 Christo
750 2422 847 2454 Pater
872 2424 902 2453 et
928 2421 1070 2453 Domine
1096 2421 1417 2453 observandissime.

306 2488 470 2519 Havendo
496 2489 615 2528 questa
642 2486 821 2519 Comunita
856 2485 958 2516 molto
984 2486 1014 2515 et
1040 2484 1308 2525 precipuamente
1346 2492 1422 2514 caro
1448 2483 1467 2513 il
1495 2481 1672 2515 Convento
1697 2482 1737 2513 de
1764 2483 1879 2513 sancto
1917 2480 2031 2522 Augu-

217 2552 306 2583 stino
333 2551 373 2582 de
399 2552 518 2591 questa
543 2550 630 2587 6111ἑ1,
656 2552 687 2581 61
712 2549 809 2580 etiam
836 2548 896 2579 6116
922 2548 970 2579 sia
998 2547 1080 2578 bene
1106 2546 1302 2586 gubernato,
1327 2547 1358 2576 et
1383 2545 1527 2576 amando
1555 2554 1620 2586 nuy
1640 2553 1696 2585 per
1715 2544 1743 2575 le
1773 2544 1941 2585 singulare
1967 2544 2032 2574 vir-

217 2615 297 2652 tute,
323 2613 473 2645 doctrina
499 2614 625 2650 sancta,
650 2613 681 2642 et
707 2610 927 2642 sanctimonia
954 2610 1054 2640 vittae
1081 2608 1131 2639 del
1160 2607 1348 2639 venerabile
1376 2606 1471 2638 Patre
1498 2606 1536 2638 D.
1564 2606 1673 2638 Fratre
1700 2606 1800 2637 lohan
1831 2606 1951 2637 Iacobo
1989 2606 2028 2636 de

220 2676 240 2707 li
267 2674 431 2716 Campexi
449 2672 510 2715 (4),
536 2674 696 2706 cittadino
723 2674 837 2704 nostro
864 2671 1065 2709 venerando,
1092 2671 1188 2702 siano
1213 2670 1345 2701 astrecti
1376 2669 1560 2700 notificarlo
1586 2669 1637 2700 ala
1658 2668 1692 2702 R.
1712 2667 1747 2700 Ρ.
1766 2668 1803 2700 V.
1823 2668 1864 2699 da
1883 2668 1912 2699 la
1931 2668 2029 2708 quale

277 2833 308 2857 11)
323 2832 379 2854 Vedi
395 2832 409 2853 ῐΙ
424 2832 564 2853 documento
580 2831 616 2852 del
631 2831 657 2852 25
671 2830 770 2857 gennaio
787 2830 844 2851 1480,
1200 2827 1230 2851 (4)
1245 2826 1335 2851 Questo
1350 2826 1490 2847 documento
1501 2826 1577 2847 stedi
1589 2825 1676 2851 grande
1687 2831 1757 2846 onore
1768 2825 1955 2851 all'ngostiniano
1966 2825 2023 2846 Gian

274 2878 305 2903 12)
320 2877 408 2902 Queste
424 2876 608 2898 manifestazioni
624 2875 661 2896 del
676 2875 794 2900 Comune,
817 2880 829 2895 e
844 2874 865 2894 la
881 2873 1037 2894 benevolenza
1053 2872 1093 2892 6116
1149 2871 1260 2892 Giaeomo
1276 2870 1411 2896 Campeggi,
1427 2870 1486 2891 della
1502 2870 1590 2891 illustre
1613 2870 1767 2891 marchionale
1790 2870 1891 2895 famiglia
1906 2870 1942 2890 dei
1958 2869 2024 2891 Carn-

222 2922 322 2948 traspira
338 2922 397 2942 dalle
413 2920 576 2942 deliberazioni
593 2925 669 2946 prese,
691 2925 757 2941 come
778 2924 835 2945 pure
851 2917 977 2939 l'armonia
1002 2916 1023 2937 di
1039 2922 1093 2937 esso
1151 2915 1217 2941 pcggi
1234 2915 1255 2935 di
1273 2914 1357 2939 Pavia,
1381 2915 1408 2934 ha
1426 2915 1497 2935 molto
1515 2914 1633 2940 maggiore
1648 2914 1794 2939 iniportanza
1810 2914 1831 2934 in
1847 2916 1935 2939 quanto
1951 2914 2021 2934 inani-

222 2966 325 2988 comune
341 2966 376 2987 coi
392 2965 509 2992 Religiosi‚
525 2965 547 2986 di
562 2965 598 2986 cui
614 2965 734 2986 riconosce
749 2964 770 2985 la
785 2963 888 2984 benefica
904 2962 1019 2983 intluenza
1035 2966 1095 2981 eser·
1150 2959 1209 2981 testa
1225 2959 1239 2979 il
1255 2960 1363 2980 concetto
1384 2958 1499 2979 altissimo
1515 2959 1536 2979 in
1552 2958 1587 2979 cui
1610 2958 1630 2979 la
1653 2960 1851 2984 rappresentanza
1866 2958 1888 2978 di
1904 2957 1975 2978 Pavia
1992 2959 2024 2978 te-

222 3011 293 3032 citata
308 3010 368 3031 dalle
383 3010 433 3031 1010
448 3009 517 3035 virtu,
532 3015 592 3031 sono
606 3010 739 3030 veramente
754 3009 828 3035 degne
843 3007 864 3028 di
881 3008 944 3028 nora.
1150 3009 1208 3024 neva
1224 3003 1229 3024 i
1246 3002 1353 3029 Religiosi
1369 3002 1396 3023 ed
1412 3003 1426 3023 il
1443 3001 1564 3024 Convcnto
1579 3002 1600 3023 di
1617 3002 1639 3023 S.
1656 3002 1778 3028 Agostino,
1793 3007 1858 3023 corne
1870 3002 1963 3023 lstituto
1975 3007 2024 3028 pre-

274 3055 304 3079 13)
321 3055 363 3076 Era
379 3054 458 3076 Priore
473 3053 584 3075 Generale
601 3053 659 3075 irate
674 3053 801 3079 Ambrogio
816 3052 845 3073 da
860 3051 922 3073 Cori.
1151 3048 1297 3074 cipuamente
1312 3052 1374 3068 caro.
