2347 3444
347 231 411 263 298

1122 416 1383 456 DXLVII.

433 523 688 553 Dichiarazione
713 525 844 554 medica
866 526 952 553 sulla
969 529 1078 553 morte
1097 524 1129 552 di
1146 525 1230 553 frate
1247 525 1441 554 Illuminato
1459 525 1500 553 da
1517 525 1663 554 Settimo
1681 526 1734 554 del
1752 526 1926 560 Conventa
1945 526 1977 555 di
1994 527 2029 556 S.
2048 528 2162 557 Paolo.

948 646 1101 675 1100,
1123 648 1465 675 sott01111›x·e,
1488 648 1560 672 ιδ.

874 736 943 755 „arcii
969 735 1049 755 Nufar.
1067 735 1087 755 di
1106 735 1183 756 l'avia.
1202 746 1223 748 -
1243 735 1290 756 Atti
1307 736 1328 756 di
1346 735 1464 756 Bernardo
1480 736 1622 757 Cellanovai.

407 918 530 1033 N
596 935 684 961 filla
709 940 770 962 sim
796 940 885 966 casa,
913 932 944 962 [η
970 931 1169 964 Pal-rocchia
1195 933 1230 964 di
1253 932 1285 965 S.
1305 934 1349 964 M.
1390 933 1486 967 Corte
1524 933 1694 967 Cremona.
1721 935 1924 976 L’egregius
1961 938 1991 966 et
2028 936 2166 976 sapiens

616 994 734 1024 artium
761 997 791 1024 et
817 994 980 1025 medicine
1007 995 1124 1025 doctor
1149 995 1308 1027 dominus
1335 998 1493 1037 magister
1519 996 1654 1029 Gabriel
1682 998 1722 1028 de
1760 996 1953 1030 Codecha...
1979 997 2021 1028 ad
2051 997 2170 1028 tollen-

416 1091 433 1092 ἶ
616 1056 691 1086 dam
717 1065 848 1087 omnem
876 1057 1127 1097 ambiguitatem
1155 1066 1220 1097 qua
1247 1058 1448 1090 vociferatur
1472 1062 1503 1090 et
1528 1059 1647 1090 dicitur
1666 1060 1756 1100 quod
1776 1068 1862 1090 nune
1881 1060 2050 1100 quondam
2071 1068 2170 1091 vene-

342 1119 456 1149 rabilis
483 1119 530 1148 vir
557 1118 715 1149 dominns
741 1118 840 1149 frater
866 1118 1084 1157 llluminatus,
1112 1119 1264 1151 Vicarius
1291 1122 1483 1152 monasterii
1511 1122 1616 1153 sancti
1644 1120 1737 1152 Pauli
1754 1124 1847 1153 extra
1873 1124 1904 1152 et
1930 1130 2034 1162 prope
2061 1122 2168 1153 menia

345 1180 457 1220 Papie,
496 1181 550 1220 qui
581 1181 644 1211 liiis
671 1181 836 1221 proximis
863 1181 983 1212 diebus
1010 1190 1106 1212 snum
1146 1182 1232 1213 diem
1270 1183 1391 1214 clausit
1416 1186 1613 1221 extremum,
1647 1183 1753 1215 fuerat
1780 1192 1909 1215 veneno
1935 1184 2077 1219 cibatus,
2104 1186 2164 1215 etc.

343 1244 485 1274 instante
512 1247 541 1274 et
569 1243 756 1283 requirente
795 1244 933 1274 domino
972 1244 1158 1284 presbitero
1197 1244 1387 1285 Augustino
1414 1246 1454 1276 de
1481 1245 1633 1277 Gabis...
1671 1246 1749 1277 dicit
1774 1248 1805 1276 et
1831 1248 2043 1286 protestatur,
2070 1246 2161 1286 quod

343 1314 456 1336 verum
484 1308 533 1336 est
560 1306 651 1345 quod
679 1306 751 1346 ipse
778 1306 936 1337 dominns
964 1307 1122 1347 magister
1160 1306 1297 1339 Gabriel
1325 1307 1385 1338 fuit
1413 1309 1442 1338 in
1471 1308 1586 1349 vigilia
1623 1308 1767 1349 glorioxi
1806 1308 1911 1339 sancti
1950 1307 2091 1348 Nicolay
2125 1308 2166 1339 de

340 1367 519 1399 Tolentino
547 1369 700 1408 proxime
728 1369 893 1409 preterita,
922 1378 986 1409 que
1012 1369 1073 1400 fuit
1100 1370 1172 1400 dies
1199 1379 1287 1401 nona
1315 1371 1480 1410 presentis
1508 1371 1645 1407 mensis,
1672 1372 1813 1401 vocatus
1839 1372 1869 1401 et
1896 1370 2078 1410 requisitus
2104 1378 2162 1410 per

343 1431 562 1461 reverendum
590 1431 763 1461 dominum
791 1430 923 1462 fratrem
952 1431 1164 1463 Franciscum
1193 1433 1232 1463 de
1260 1432 1400 1463 Astulfis
1428 1431 1574 1463 Priorem
1603 1433 1679 1463 dicti
1709 1433 1901 1463 monasterii
1937 1441 1997 1472 pro
2023 1432 2164 1470 medico,

343 1493 434 1532 quod
463 1492 560 1523 vellet
589 1502 648 1533 pro
674 1502 786 1524 amore
814 1492 873 1524 Dei
902 1502 937 1524 se
963 1493 1141 1525 transferre
1168 1503 1275 1534 usque
1301 1495 1342 1525 ad
1370 1495 1478 1535 ipsum
1507 1495 1757 1531 monasterium,
1776 1503 1878 1525 causa
1898 1494 2051 1525 medendi
2079 1494 2168 1525 dicto

341 1555 479 1585 domino
506 1554 596 1585 fratri
626 1554 813 1585 llluminato
840 1558 916 1586 tune
944 1556 1080 1593 vicario,
1108 1557 1162 1596 qui
1192 1557 1430 1587 infirmabatur.
1459 1556 1496 1587 Et
1515 1557 1562 1587 sic
1582 1557 1654 1597 ipse
1673 1556 1831 1587 dominus
1850 1556 2008 1596 magister
2033 1554 2169 1587 Gabriel

339 1618 483 1648 accessit
508 1618 550 1648 ad
578 1618 687 1657 ipsum
716 1619 955 1649 monasterinm
983 1620 1013 1649 et
1040 1619 1123 1649 vidit
1149 1619 1273 1650 dictum
1313 1619 1485 1650 dominum
1524 1619 1657 1650 fratrem
1697 1618 1919 1649 llluminatum
1946 1621 1977 1649 et
2003 1603 2047 1649 ib'i
2075 1619 2164 1650 stetit

344 1689 401 1720 per
428 1680 566 1710 multum
593 1680 744 1720 spacium
773 1681 945 1720 temporis,
971 1683 1002 1711 et
1029 1690 1085 1721 per
1111 1681 1207 1721 signa
1233 1684 1264 1712 et
1289 1682 1354 1712 alia
1381 1690 1445 1721 que
1483 1684 1559 1712 tunc
1598 1681 1691 1719 vidit,
1725 1681 1855 1712 audivit
1891 1684 1922 1712 et
1960 1681 2109 1712 intelexit
2136 1681 2166 1712 in

343 1743 433 1773 dicto
462 1743 677 1779 monasterio,
704 1745 768 1773 tam
796 1743 838 1773 ab
865 1743 940 1783 ipso
978 1742 1076 1774 fratre
1115 1743 1313 1781 Illuminato‚
1352 1752 1451 1783 quam
1478 1744 1521 1774 ab
1547 1744 1623 1775 aliis
1650 1743 1821 1774 Fratribus
1858 1743 1935 1774 dicti
1963 1744 2167 1780 monasterii,

343 1805 414 1844 ipse
441 1805 599 1835 dominus
625 1804 724 1836 frater
751 1804 959 1836 llluminatus
974 1806 1163 1845 patiebatur
1178 1806 1323 1845 quadam
1340 1806 1538 1843 infirmitate,
1555 1814 1654 1846 quam
1671 1805 1788 1836 medici
1804 1805 1951 1846 apellant
1971 1806 2164 1845 passionem

344 1867 520 1898 colericam
547 1870 578 1898 et
604 1876 668 1907 que
694 1867 772 1898 facit
797 1868 980 1899 evomitare
1019 1877 1075 1908 per
1101 1877 1140 1899 os
1166 1869 1323 1908 superius
1348 1871 1378 1899 et
1404 1869 1502 1899 etiam
1519 1877 1576 1908 per
1602 1870 1713 1908 partes
1747 1867 1931 1899 inferiores.
1958 1868 1997 1899 Et
2021 1868 2068 1899 sic
2094 1868 2166 1908 ipse

343 1931 501 1960 dominus
528 1931 686 1971 magister
712 1929 847 1962 Gabriel
875 1930 951 1961 fecit
979 1931 1195 1961 incontinenti
1223 1931 1330 1961 eidem
1358 1931 1503 1961 remedia
1529 1933 1707 1970 oportuna,
1734 1933 1831 1970 prout
1867 1939 2015 1961 canones
2041 1931 2091 1961 sui
2119 1930 2168 1960 di-

343 1996 502 2032 sponunt,
529 1996 558 2023 et
585 1993 706 2023 deinde
732 2002 749 2024 a
776 1993 865 2024 dicto
893 1994 1096 2024 monasterio
1124 1994 1270 2024 recessit.
1299 1992 1520 2024 Postmodum
1548 1993 1578 2024 in
1606 1993 1658 2023 die
1678 1993 1786 2033 ipsius
1804 1992 1879 2024 festi
1899 1993 2004 2023 sancti
2024 1992 2165 2033 Nicolay

342 2058 478 2095 sumpto
506 2055 659 2095 prandio,
686 2055 750 2086 alia
778 2056 849 2086 vice
875 2055 936 2086 fuit
962 2058 1114 2092 vocatus,
1141 2056 1275 2086 nomine
1302 2056 1379 2086 dicti
1408 2056 1534 2086 domini
1562 2054 1687 2086 Prioris
1714 2055 1801 2086 dicta
1816 2055 2011 2092 occaxione‚
2037 2057 2068 2085 et
2094 2055 2166 2086 itte-

343 2121 414 2149 rato
441 2118 537 2149 rediit
563 2118 604 2149 ad
633 2119 742 2158 ipsum
770 2119 1021 2155 monasterium,
1047 2120 1077 2149 et
1104 2118 1242 2158 quando
1269 2118 1312 2149 ibi
1339 2118 1401 2149 fuit
1439 2119 1559 2159 reperit
1595 2118 1765 2158 egregium
1804 2117 1954 2148 similiter
1986 2117 2105 2148 artium
2131 2120 2163 2148 et

343 2181 505 2212 medicine
532 2181 702 2212 doctorem
730 2181 902 2212 dominum
930 2181 1125 2221 magistrum
1153 2179 1363 2221 Captaneum
1391 2181 1431 2211 de
1457 2179 1642 2220 Captaneis
1668 2180 1723 2220 qui
1750 2179 1984 2220 egrediebatur
2010 2179 2049 2210 de
2076 2179 2164 2210 dicto

343 2244 557 2279 monasterii),
585 2244 640 2283 qui
668 2244 766 2274 etiam
793 2242 900 2274 fuerat
927 2246 1068 2274 vocatus
1094 2243 1135 2274 ad
1163 2243 1284 2274 dictam
1303 2252 1427 2280 curam,
1447 2243 1502 2283 qui
1522 2243 1629 2274 eidem
1657 2242 1793 2273 domino
1821 2242 1981 2282 magistro
2011 2240 2159 2273 Gabrieli

342 2306 427 2336 dixit
453 2306 545 2346 quod
572 2306 682 2337 dictus
708 2306 867 2336 dominus
892 2305 992 2337 frater
1018 2305 1228 2337 llluminatus
1253 2306 1467 2346 expiraverat
1493 2305 1580 2336 dicta
1607 2305 1806 2335 infirmitate.
1826 2303 1865 2334 Et
1883 2312 1940 2344 per
1955 2312 1992 2334 ea
2008 2312 2072 2343 que
2091 2303 2163 2344 ipse

343 2368 502 2399 dominus
528 2368 687 2408 magister
713 2366 848 2400 Gabriel
877 2368 990 2399 videre
1016 2370 1046 2399 et
1071 2368 1355 2408 comprehendere
1393 2367 1511 2408 potuit,
1550 2367 1621 2407 ipse
1648 2366 1806 2397 dominus
1831 2365 1930 2396 frater
1957 2365 2164 2396 llluminatus

342 2430 486 2461 decessit
513 2431 599 2462 dicta
626 2431 815 2461 infirmitate
842 2431 1014 2471 passionis
1039 2430 1190 2467 colerice‚
1217 2439 1282 2470 que
1308 2431 1425 2470 passio
1450 2430 1591 2461 colerica
1617 2428 1801 2469 aliquando
1827 2427 1968 2459 efficitur
1994 2428 2163 2458 veninoxa

343 2502 401 2523 seu
429 2493 574 2524 maloxa.
601 2493 639 2524 Et
664 2502 703 2524 eo
730 2494 875 2525 maxime
913 2494 991 2533 quia
1030 2494 1101 2534 ipse
1139 2493 1297 2524 dominus
1334 2492 1433 2524 frater
1471 2492 1688 2529 llluminatus,
1729 2491 1880 2522 existens
1906 2491 1936 2521 in
1964 2490 2162 2527 infirmitate,

343 2555 450 2586 eidem
478 2558 668 2595 protestans
695 2556 779 2587 dixit
806 2556 896 2596 quod
925 2557 955 2586 in
983 2556 1035 2587 die
1063 2555 1251 2596 precedenti
1279 2564 1337 2586 seu
1363 2554 1428 2586 alia
1455 2555 1508 2585 die
1534 2553 1723 2585 comederat
1748 2555 1841 2584 extra
1857 2553 2095 2584 monasterium
2114 2560 2165 2582 ra-

344 2618 449 2648 vicias
476 2618 506 2648 in
533 2619 616 2649 satis
642 2618 729 2649 bona
756 2619 951 2658 quantitate,
979 2619 1057 2658 qnia
1083 2617 1230 2649 famebat
1255 2620 1286 2649 et
1312 2618 1537 2648 ittineraverat
1563 2617 1636 2656 ipsa
1663 2616 1726 2652 die,
1753 2624 1812 2646 nec
1839 2616 1869 2646 in
1895 2624 1935 2646 eo
1961 2615 2059 2646 fratre
2089 2613 2164 2645 Illu—

345 2680 468 2711 minato
496 2681 577 2711 vidit
614 2681 726 2720 aliqua
764 2682 860 2721 signa
894 2681 985 2721 quod
1023 2681 1130 2712 eidem
1168 2680 1266 2711 fuerit
1303 2680 1416 2711 datum
1443 2687 1607 2710 venenum
1634 2678 1784 2718 aliquod.
1811 2677 1849 2709 Et
1875 2678 2023 2718 predicta
2049 2677 2161 2708 omnia

344 2743 428 2773 dixit
454 2751 514 2782 pro
541 2752 622 2783 pura
648 2746 678 2774 et
705 2752 792 2774 mera
819 2744 968 2780 veritate,
996 2743 1162 2774 mediante
1189 2743 1374 2774 iuramento
1400 2742 1493 2782 prius
1520 2741 1660 2782 prestito
1687 2750 1744 2780 per
1769 2741 1894 2771 eumin
1914 2740 2070 2771 manibus
2096 2739 2158 2770 mei

343 2805 461 2835 notarii
489 2804 702 2845 infrascripti,
730 2806 886 2836 manibus
912 2806 983 2837 suis
1008 2806 1226 2846 corporaliter
1251 2806 1348 2836 tactis
1374 2804 1558 2845 scripturis.
1586 2803 1624 2834 Et
1651 2803 1737 2840 inde,
1763 2805 1823 2834 etc.
1852 2801 2081 2839 Presentibus,
2099 2803 2159 2833 etc.

434 2867 504 2908 Ego
531 2866 666 2899 Gabriel
694 2867 734 2898 de
750 2866 910 2899 Codeclia
936 2869 1054 2898 artium
1070 2870 1101 2899 et
1116 2868 1279 2899 medicine
1305 2868 1422 2898 doctor
1447 2875 1484 2897 ac
1510 2866 1550 2896 de
1575 2865 1718 2905 collegio
1745 2865 1956 2896 dominorum
1984 2865 2157 2895 doctorum

343 2930 461 2961 artium
488 2932 519 2960 et
545 2930 706 2961 medicine
734 2928 847 2969 Papie,
874 2930 948 2960 dico
974 2938 1011 2960 ac
1038 2932 1204 2970 protestor
1241 2931 1338 2970 prout
1375 2936 1476 2969 supra
1509 2928 1669 2968 scriptum
1695 2929 1755 2965 est,
1782 2929 1812 2958 et
1839 2927 1869 2958 in
1896 2927 1994 2958 fidem
2021 2926 2160 2967 premis-

344 3000 456 3023 sorum
484 3000 534 3023 me
561 2992 695 3032 propria
722 3000 820 3022 manu
848 2991 1046 3032 subscripsi.
