2347 3444
1937 170 1978 200 25

168 297 436 335 corroborantes,
463 298 661 329 mandamus
688 298 856 330 universis
881 300 912 329 et
938 297 1090 338 singulis,
1117 298 1158 328 ad
1185 306 1272 338 quos
1298 300 1428 338 spectat
1455 298 1505 329 vel
1533 300 1698 339 spectabit
1725 302 1881 332 executio
1900 311 1978 333 con-

166 361 330 390 tentorum
358 360 388 390 in
415 360 554 398 eisdem,
591 361 750 400 quatinus
777 360 850 392 illas
876 362 973 401 prout
999 360 1107 391 iacent
1144 360 1325 391 observent
1352 362 1382 391 et
1408 361 1598 392 executioni
1638 362 1805 400 mundent,
1832 372 1890 394 seu
1918 365 1978 393 ol>-

166 422 291 452 servari
318 423 348 452 et
373 423 564 453 executioni
593 423 741 454 mandari
768 422 891 454 faciant
917 423 988 454 sine
1015 422 1287 453 contradictione.
1316 422 1348 453 ln
1375 432 1516 462 quorum
1543 424 1768 455 testimonium
1804 428 1978 464 presentes

165 483 234 514 fieri
261 484 422 515 iussimus
448 487 479 516 et
505 485 683 525 registrari,
725 485 897 525 nostrique
922 484 1022 525 sigilli
1050 485 1230 515 munimine
1257 485 1416 516 roborari.
1455 484 1529 516 Dat.
1563 485 1760 522 Mediolani,
1797 487 1850 518 die
1888 488 1979 518 dcci-

166 554 311 577 monono
338 546 461 584 Martii,
488 544 617 578 mcccc⁰
643 547 749 583 tertio,
777 547 954 578 undecima
985 547 1175 578 indictione.

959 695 1184 735 CXLIII.

253 803 399 831 Lascito
435 803 704 831 testamentario
741 803 834 831 della
860 804 940 832 nob.
980 804 1187 832 Giacomina
1225 804 1281 832 dei
1309 804 1547 833 Confalonieri
1574 805 1609 833 di
1647 805 1781 834 Candia
1808 815 1827 834 a
1854 806 1975 834 favore

165 856 259 892 degli
284 856 478 884 Erernitani
505 855 539 884 di
566 856 600 884 S.
629 856 815 891 Agostino.

803 952 918 976 140:
924 953 957 982 ξ,
979 953 1233 984 ιιἋειρξείο,
1254 953 1344 977 28.

698 1039 774 1062 (Arcti.
792 1040 871 1060 Νοῐᾱι·Δ
889 1040 909 1060 di
935 1040 1003 1061 Pavia
1021 1052 1044 1054 —
1060 1041 1107 1061 Atti
1124 1041 1144 1061 di
1161 1041 1316 1062 Giacomazzo
1332 1041 1450 1064 Sedazzi).

180 1122 183 1261 Ι
241 1169 348 1285 Τ
401 1171 640 1214 ἷΕδΤΑΜΕΝΤΟ
665 1183 752 1215 della
776 1184 850 1215 nob.
879 1184 1075 1217 Giczcomina
1100 1185 1151 1217 de*
1177 1185 1400 1226 Confaloniet·l
1423 1187 1458 1218 cli
1476 1186 1613 1223 Catulla,
1636 1187 1759 1219 veclova
1777 1188 1811 1219 cli
1837 1188 1978 1220 Olz'vetto

399 1276 401 1309 ¹
428 1245 522 1282 Nasi,
550 1247 652 1278 incus
675 1247 704 1278 si
727 1246 842 1287 legge:
875 1258 887 1270 «
914 1247 990 1279 Item
1017 1248 1061 1278 do
1098 1251 1129 1279 et
1155 1248 1229 1289 lego
1263 1247 1454 1280 Conventui
1482 1249 1630 1281 Fratrum
1658 1248 1770 1282 Sancti
1798 1250 1977 1292 Augustini

180 1272 226 1343 *a
429 1307 543 1349 Papie,
570 1318 630 1349 pro
656 1310 769 1341 missis
795 1319 854 1350 per
878 1319 937 1341 eos
963 1320 1022 1350 pro
1059 1311 1170 1342 anima
1197 1320 1269 1342 mea
1306 1312 1529 1349 celebrandis,
1566 1313 1714 1344 florenos
1748 1313 1908 1353 quinque,
1935 1314 1976 1345 ad

163 1372 356 1410 computum
384 1371 568 1402 solidorum
594 1371 727 1411 triginta
753 1372 894 1403 duorum
921 1381 981 1412 pro
1007 1372 1144 1410 floreno,
1163 1372 1381 1404 solvendos...
1409 1383 1469 1414 pro
1496 1374 1672 1406 medietate
1712 1375 1793 1406 infra
1832 1376 1974 1415 primum

165 1433 197 1463 et
222 1441 281 1472 pro
307 1432 370 1464 alia
397 1432 573 1464 medietate
600 1433 682 1464 infra
708 1434 893 1464 secundum
920 1443 1027 1465 annos
1052 1443 1070 1465 a
1097 1435 1149 1465 die
1176 1435 1299 1475 obytus
1326 1444 1399 1476 mey
1427 1436 1457 1466 in
1484 1439 1580 1467 antea
1607 1437 1854 1477 computandos
1880 1452 1909 1468 ».

954 1582 1180 1622 CXLIV.

252 1688 524 1717 Deliberazione
538 1689 593 1717 del
609 1689 770 1726 Capitolo
785 1690 958 1718 Generale
972 1691 1007 1719 di
1021 1691 1202 1727 Lavingen
1216 1691 1441 1727 riguardante
1456 1692 1480 1720 il
1496 1692 1676 1721 Convento
1688 1693 1722 1721 di
1738 1693 1772 1721 S.
1790 1693 1975 1729 Agostino.

816 1786 871 1809 14
879 1786 970 1817 03,
999 1786 1234 1818 git1g1109
1264 1787 1315 1811 3.

738 1873 805 1897 (Eibl.
823 1874 930 1899 Angelica
946 1874 967 1894 di
985 1874 1055 1896 Roma
1071 1886 1095 1888 —
1111 1874 1168 1896 Cod,
1185 1881 1205 1895 n.
1222 1876 1268 1901 483,
1285 1875 1323 1896 fol.
1343 1876 1394 1898 175).

178 2032 179 2054 3
236 2003 343 2120 D
399 2011 647 2061 lIFFlNlTlONES
671 2017 807 2058 capituli
827 2018 992 2057 generalis
1017 2018 1047 2049 in
1074 2018 1332 2058 Laungfzinglzen
1358 2019 1519 2051 celebrati.

178 2103 179 2118 ,
399 2069 401 2076 ’
518 2079 581 2111 lste
607 2082 684 2111 sunt
710 2080 929 2111 diffinitiones
955 2080 1121 2120 generalis
1158 2081 1293 2121 capituli
1331 2082 1487 2113 celebrati
1515 2082 1780 2123 Laungliinglien
1820 2084 1849 2114 in
1889 2084 1975 2116 festo

183 2178 247 2181 —
397 2165 398 2169 ,
427 2141 662 2180 Pentecosten,
689 2142 775 2174 facte
802 2151 859 2182 per
886 2141 1214 2175 Reverendissimum
1242 2144 1272 2174 in
1299 2141 1435 2175 Christo
1471 2144 1603 2175 fratrem
1635 2147 1761 2185 patrem
1799 2146 1975 2177 Nicolaum

160 2204 202 2235 de
228 2203 349 2236 Cassia
374 2213 469 2236 sacre
495 2204 663 2245 theologie
701 2205 907 2245 magistrum,
941 2205 1082 2244 priorem
1121 2205 1308 2245 generalem
1334 2203 1394 2244 (1),
1421 2208 1452 2237 et
1479 2215 1537 2246 per
1572 2206 1771 2238 diffinitores
1808 2208 1886 2239 dicti
1918 2217 1973 2239 ca-

161 2266 256 2306 pituli
283 2265 420 2298 Ordinis
446 2267 678 2298 heremitarum
705 2267 811 2298 sancti
839 2265 1029 2307 Augustini,
1056 2267 1120 2298 sub
1145 2276 1233 2298 anno
1260 2266 1393 2298 Domini
1433 2268 1613 2299 millesimo
1639 2269 1973 2310 quadringentesimo

161 2329 267 2366 tertio,
294 2329 347 2360 die
372 2329 466 2360 tertia
493 2329 618 2361 mensis
645 2329 736 2360 iunii.

251 2391 328 2423 ltem
354 2392 444 2432 quod
472 2391 555 2423 infra
582 2393 736 2423 octavam
763 2392 850 2423 beati
878 2392 982 2432 patris
1009 2393 1112 2423 nostri
1151 2391 1329 2432 Augustini
1365 2393 1421 2424 fiat
1458 2393 1606 2424 officium
1645 2393 1784 2433 duplex.
1824 2394 1901 2426 Item
1945 2396 1975 2426 in

162 2454 278 2493 primis
303 2454 540 2486 confirmamus
566 2463 684 2486 omnes
711 2454 930 2485 diffinitiones
956 2454 1061 2485 factas
1089 2455 1119 2485 in
1146 2455 1294 2494 capitulo
1320 2455 1466 2495 generali
1493 2454 1615 2495 Aquile
1652 2456 1831 2494 celebrato,
1868 2461 1977 2497 preter

161 2518 315 2547 octavam
341 2525 406 2556 que
430 2519 480 2548 est
505 2517 545 2548 de
572 2516 677 2548 offitio
703 2516 850 2557 Virginis
875 2517 1018 2548 dicendo
1044 2516 1127 2548 infra
1154 2519 1306 2548 octavam
1346 2517 1432 2548 beati
1460 2517 1651 2558 Augustini,
1677 2520 1707 2549 et
1734 2519 1881 2550 ultimam
1912 2528 1976 2559 que

161 2580 211 2610 est
236 2578 277 2610 de
303 2579 458 2610 subsidio
483 2579 596 2611 dando
622 2589 681 2620 per
705 2578 866 2611 Ordinem
893 2579 1075 2610 conventui
1103 2579 1269 2619 papiensi.

218 2735 247 2760 (1)
263 2736 329 2756 Frate
345 2735 423 2756 Nicola
438 2735 545 2757 Saraceni
561 2736 589 2757 da
606 2736 695 2762 Cascia,
718 2736 754 2762 gia
777 2737 848 2757 eletto
871 2736 982 2757 Generale
1005 2736 1039 2756 nel
1095 2742 1106 2756 a
1124 2736 1225 2756 ferrara.
1243 2736 1283 2756 Ncl
1299 2738 1410 2761 seguente
1426 2736 1542 2763 Capitolo,
1566 2738 1667 2758 tenutosi
1684 2739 1705 2758 in
1722 2738 1792 2759 Roma
1809 2739 1843 2759 nel
1868 2739 1925 2763 1412,
1949 2738 1970 2759 ln

166 2779 274 2805 Capitolo
289 2780 426 2800 celebratosi
441 2780 471 2800 ad
486 2780 569 2806 Aquila
584 2781 620 2801 nel
642 2781 699 2806 1400,
716 2780 738 2801 fu
754 2781 897 2802 confermato
920 2781 940 2801 in
963 2781 1040 2806 quello
1095 2780 1167 2801 eletto
1182 2780 1240 2800 frate
1266 2780 1342 2801 pietro
1359 2780 1386 2801 de
1402 2781 1472 2802 Vena.
1498 2781 1570 2802 Narra
1586 2782 1599 2802 il
1616 2781 1728 2803 Cruseniu
1750 2782 1821 2805 (Pars
1838 2783 1876 2807 m,
1893 2783 1973 2803 Mona>

166 2823 188 2844 dl
205 2823 318 2849 Lavingen
333 2823 442 2849 (Svevia).
459 2824 506 2849 Egli
522 2826 599 2845 stesso
615 2825 703 2850 quindi,
718 2826 759 2846 che
770 2831 842 2846 aveva
859 2827 893 2846 tre
908 2826 959 2845 anni
972 2826 1043 2851 prima
1100 2825 1154 2845 stici
1169 2825 1340 2851 augustiniani,
1358 2826 1493 2851 Vallisnleti,
1512 2826 1569 2852 1890,
1591 2832 1643 2852 pag.
1664 2827 1698 2851 02)
1714 2828 1754 2848 clie
1770 2827 1828 2848 frate
1845 2828 1922 2848 Nicola
1944 2828 1970 2847 dn

165 2869 313 2894 propugnato
328 2868 341 2888 il
356 2869 458 2889 sussidio
473 2874 485 2889 a
500 2869 579 2890 favore
595 2869 630 2890 del
647 2869 767 2891 Convento
783 2872 863 2890 nostro
878 2870 938 2893 (vedi
954 2872 1008 2890 nola
1019 2870 1039 2890 al
1096 2869 1177 2890 Cascia
1193 2870 1264 2890 eletto
1280 2870 1385 2891 Vescovo
1401 2870 1421 2891 di
1439 2870 1556 2891 Macerata
1573 2877 1584 2891 e
1601 2871 1708 2892 Rea-anau
1725 2872 1761 2892 dal
1778 2871 1894 2892 Punic-nce
1920 2872 1971 2892 Glo-

165 2912 216 2932 doc.
242 2911 318 2938 CXX),
340 2913 400 2938 oggi,
425 2914 513 2934 mutate
529 2914 548 2934 le
564 2914 715 2939 circostanze,
731 2914 753 2935 lo
769 2914 789 2935 fa
814 2913 964 2940 sospendere.
982 2914 1038 2939 Egli,
1094 2914 1160 2934 vanni
1177 2914 1254 2939 XXlll,
1269 2915 1370 2935 avrebbe
1386 2915 1474 2935 dovnto
1490 2915 1607 2941 seguitare
1623 2916 1680 2936 nella
1697 2918 1772 2937 slessa
1789 2922 1901 2942 reggenzn
1927 2916 1972 2937 dcl>

165 2962 210 2977 non
226 2956 346 2977 essendosi
363 2958 446 2982 potuto
462 2958 578 2979 celebrare
593 2958 607 2978 il
623 2958 730 2984 Capitolo
746 2958 857 2979 Generale
873 2964 885 2979 a
901 2964 970 2979 causa
982 2959 1040 2979 delle
1096 2957 1206 2982 l'Ordine,
1222 2958 1284 2983 quod
1299 2959 1401 2984 regimen
1418 2959 1535 2985 Episcopi,
1552 2965 1601 2980 cum
1619 2965 1665 2980 non
1689 2960 1740 2980 simv
1762 2960 1848 2980 damno
1874 2960 1970 2981 Ordini.x

166 3001 302 3022 turbolenze
317 3000 377 3021 dello
393 3000 480 3022 Scisma
495 3002 652 3028 occidentale,
674 3003 784 3024 continuo
799 3009 812 3023 a
828 3008 921 3029 reggere
934 3003 1040 3023 l'Ordine
1093 3001 1188 3028 suisset,
1202 3003 1354 3028 postmodum
1370 3003 1487 3024 decretum
1500 3003 1548 3029 suit
1564 3006 1587 3024 11!
1604 3005 1686 3024 statim
1698 3011 1711 3024 ιι
1725 3005 1881 3030 promotione,
1901 3004 1972 3025 (Jem-

165 3045 216 3065 sino
231 3045 251 3065 al
269 3045 326 3069 1408,
349 3045 442 3071 quando
457 3045 480 3066 tu
496 3048 633 3068 novamente
655 3047 746 3068 rieletto
762 3047 796 3068 nel
812 3047 920 3073 Capitolo
936 3047 1037 3068 tenntosi
1094 3047 1157 3067 mles
1171 3047 1259 3072 aliique
1274 3046 1390 3073 Religion
1403 3048 1515 3073 promoti,
1532 3048 1561 3069 ab
1579 3048 1667 3069 Ordine
1683 3049 1823 3070 cxinninrur⁴
1850 3048 1918 3074 Dono
1942 3055 1969 3069 un
