2347 3444
295 236 359 268 360

1040 414 1379 456 DCXXXVI.

384 528 409 556 Il
435 527 587 564 Capitolo
613 527 645 555 di
670 527 704 555 S.
732 525 891 554 Mostiola
916 526 958 553 da
985 524 1187 552 investitura
1212 522 1243 551 di
1270 527 1358 550 terre
1384 521 1416 550 in
1442 523 1601 550 Mortara.

916 638 1069 665 lssot),
1102 636 1372 668 gelxnlzuio‚
1406 636 1495 660 25.

871 736 947 758 (Ascli.
967 735 1047 755 Notat.
1064 734 1085 754 di
1104 734 1173 754 Pax-ia
1191 744 1214 746 —
1231 733 1278 754 Atti
1296 734 1317 753 (11
1334 733 1428 759 Oiorgio
1445 732 1544 757 l‘orzio).

407 911 452 1025 Ι
545 941 566 966 N
593 935 741 975 capitulo
769 933 970 973 infrascripti
999 933 1225 963 monasterii...
1253 930 1468 972 Congregato
1506 929 1666 971 Capitulo
1704 932 1896 962 monasterii
1923 935 1953 962 et
1979 932 2119 963 ecclesie

567 1001 680 1028 sancte
708 996 868 1027 Mustiole
896 995 1032 1036 l'apie...
1059 995 1099 1026 de
1126 995 1317 1026 mandato...
1344 994 1517 1025 reverendi
1545 1002 1637 1025 sacre
1664 995 1785 1034 pagine
1819 994 2024 1034 professoris
2061 995 2121 1025 do-

567 1061 644 1091 mini
673 1060 821 1100 magistri
850 1058 943 1090 Pauli
971 1059 1011 1089 de
1039 1058 1132 1099 Ripa,
1160 1057 1285 1088 Prioris
1311 1058 1389 1088 dicti
1417 1057 1622 1093 monasterii,
1648 1060 1678 1088 et
1703 1066 1777 1088 cum
1803 1067 1843 1088 eo
1869 1060 1899 1088 et
1919 1067 2026 1098 penex
2045 1067 2119 1089 eum

301 1124 338 1155 D.
368 1124 477 1155 Frater
504 1123 715 1163 Augustinus
741 1123 781 1153 de
808 1122 836 1153 la
865 1122 1025 1159 Ecclesia,
1064 1120 1102 1152 D.
1130 1121 1229 1152 frater
1267 1120 1418 1161 Angelus
1444 1121 1484 1151 de
1512 1119 1619 1157 Petra,
1646 1120 1685 1151 D.
1712 1120 1810 1151 frater
1847 1121 2043 1152 Vincentius
2079 1121 2120 1152 de

301 1186 410 1220 lanua.
438 1186 476 1217 D.
503 1186 602 1216 frater
629 1185 825 1216 Laurentius
852 1185 892 1215 de
920 1184 1100 1221 Nliradolo,
1127 1183 1165 1214 D.
1192 1183 1291 1214 frater
1310 1183 1538 1214 Bernardinus
1557 1183 1597 1214 de
1615 1181 1811 1221 Castelatio,
1831 1183 1870 1214 D.
1889 1183 1988 1214 frater
2003 1183 2121 1215 Petrus

300 1250 340 1280 de
367 1248 604 1289 Carmagnola,
631 1247 670 1279 D.
697 1247 797 1278 frater
824 1246 951 1278 Paulus
977 1247 1017 1277 dc
1042 1245 1149 1283 Petra,
1176 1245 1215 1277 D.
1242 1245 1341 1277 frater
1368 1245 1513 1277 Miclrael
1542 1246 1581 1276 de
1609 1244 1716 1283 Petra,
1755 1245 1794 1277 D.
1820 1245 1919 1277 frater
1957 1246 2122 1278 lohannes

302 1311 453 1351 Baptista
481 1312 521 1342 de
548 1310 655 1347 Petra,
682 1319 800 1341 omnes
825 1309 945 1340 fratres
972 1308 1116 1349 professi
1145 1309 1222 1339 dicti
1251 1309 1455 1344 monasterii,
1482 1307 1644 1339 facientes
1669 1311 1699 1339 et
1718 1311 1988 1349 representantes
2017 1311 2121 1340 totum

301 1378 331 1405 et
358 1375 521 1415 integrum
548 1373 731 1414 capitulum
759 1373 836 1404 dicti
865 1372 1092 1402 monasterii...
1119 1371 1229 1402 <latino
1255 1371 1286 1402 1'11
1311 1371 1511 1406 itzveslimrcl,
1535 1379 1596 1411 per
1617 1379 1700 1401 nove
1725 1371 1813 1408 almi,
1832 1380 1851 1402 a
1872 1370 2058 1411 Guglic’lmo
2084 1371 2123 1403 de

302 1437 401 1472 Loxa,
427 1437 462 1467 <ii
486 1436 642 1471 Mortura,
669 1444 711 1466 1111
733 1437 830 1475 prato
855 1434 890 1465 cli
914 1436 980 1465 otto
1002 1433 1147 1474 pei‘IIclze
1172 1434 1204 1464 in
1230 1433 1377 1464 Monam
1404 1433 1458 1463 ubi
1487 1433 1607 1463 dicitur
1633 1433 1663 1463 in
1692 1432 1862 1471 Arbonia,
1895 1442 1958 1474 per
1989 1433 2046 1465 lire
2086 1433 2128 1465 17

302 1499 359 1530 ιι[Ι’
370 1507 465 1530 anno.

1033 1645 1398 1686 DCXXXVII.

398 1756 637 1784 Convenzioni
662 1760 717 1783 tra
744 1755 766 1783 il
794 1755 957 1791 Capitolo
984 1755 1018 1783 di
1045 1755 1080 1783 S.
1108 1755 1280 1790 Agostino
1307 1755 1349 1783 ed
1376 1755 1399 1782 il
1426 1754 1581 1782 Comune
1606 1754 1639 1782 di
1666 1754 1786 1782 Dorno
1811 1763 1872 1790 per
1896 1754 1929 1782 lo
1956 1762 2064 1783 scavo
2090 1754 2125 1782 di

304 1819 372 1838 una
398 1818 531 1846 roggia.

974 1886 1131 1918 1500,
1152 1893 1374 1918 111511⁴z()9
1400 1887 1475 1911 14.

813 1976 891 1998 (Arcti.
910 1976 990 1996 Notar.
1008 1976 1029 1996 di
1048 1976 1117 1996 Pavia
1134 1986 1158 1989 -
1174 1976 1223 1996 Atti
1240 1976 1261 1996 di
1279 1976 1336 1997 Gian
1353 1975 1465 1996 Giacomo
1481 1975 1611 2000 Canevari).

415 2161 463 2277 I
557 2180 580 2205 Ν
607 2174 810 2205 monasterio
837 2182 895 2205 seu
922 2176 1089 2205 conventu
1116 2174 1222 2205 sancti
1249 2173 1429 2215 Augustini
1457 2173 1571 2214 Papie,
1610 2174 1764 2205 videlicet
1791 2174 1822 2204 in
1850 2173 1923 2204 loco
1949 2173 2131 2213 capituli...

579 2236 664 2269 Cum
692 2237 753 2267 hoc
779 2237 821 2267 sit
847 2236 938 2276 quod
965 2234 1117 2268 Comune
1144 2238 1174 2267 et
1201 2237 1355 2267 homines
1374 2237 1435 2268 loci
1456 2236 1568 2268 Durne
1588 2236 1756 2267 Lomeline
1772 2237 1946 2277 papiensis
1961 2236 2133 2267 intendant

579 2302 610 2330 et
635 2300 772 2339 cupiant
798 2299 985 2330 conducere
1011 2301 1119 2330 certas
1144 2308 1252 2339 aquas
1271 2308 1311 2330 ex
1331 2300 1430 2339 aquis
1449 2298 1611 2330 Terdubii
1630 2301 1660 2330 et
1680 2299 1772 2339 ipsas
1799 2299 1909 2330 levare
1928 2307 1986 2330 seu
2012 2298 2133 2329 alciare

310 2371 411 2403 super
438 2362 602 2393 territorio
629 2360 806 2393 Garlasclii
834 2361 920 2391 dicte
948 2360 1116 2392 Lomeline
1143 2364 1173 2392 et
1198 2362 1267 2392 fieri
1294 2361 1403 2392 faeere
1429 2362 1557 2402 rugiam
1584 2370 1642 2392 seu
1668 2364 1902 2392 cavamentum
1929 2361 2015 2392 dicte
2042 2361 2134 2402 rugie

312 2435 412 2465 super
437 2425 536 2456 certis
562 2425 662 2455 bonis
687 2427 717 2455 et
744 2424 975 2455 iurisdictione
1002 2424 1244 2455 venerabilium
1272 2424 1484 2455 dominorum
1504 2423 1629 2454 Prioris
1655 2426 1685 2455 et
1711 2423 1847 2455 fratrum
1873 2432 1910 2454 ac
1937 2422 2135 2455 Conventus

313 2488 451 2527 predicti
478 2488 583 2518 sancti
611 2486 790 2527 Augustini
819 2485 933 2527 Papie,
959 2489 990 2517 et
1016 2487 1124 2527 ipsam
1151 2487 1279 2527 rugiam
1307 2496 1365 2518 seu
1392 2495 1514 2527 aquam
1553 2486 1739 2517 conducere
1773 2487 1814 2517 ad
1840 2487 2078 2517 comoditatem
2104 2488 2135 2517 et

315 2550 488 2580 utilitatem
515 2552 545 2580 et
573 2558 668 2580 usum
697 2550 847 2589 ipsorum
874 2548 1040 2581 Comunis
1066 2552 1096 2580 et
1123 2550 1295 2580 hominum
1323 2548 1435 2580 Durne
1461 2558 1498 2580 ac
1526 2549 1689 2580 bonorum
1727 2549 1877 2580 eiusdem
1916 2552 2009 2587 terre,
2034 2551 2065 2580 et
2092 2549 2135 2580 ibi

316 2622 417 2652 super
444 2613 528 2652 ipsis
554 2613 649 2643 terris
675 2612 752 2643 dicti
779 2615 968 2643 conventus
995 2612 1168 2643 intendant
1194 2613 1262 2644 fieri
1290 2612 1398 2643 facere
1423 2612 1550 2643 clusam
1578 2620 1676 2642 unam
1704 2621 1761 2652 per
1787 2614 2016 2643 transversum
2051 2612 2138 2643 dicte

315 2683 402 2714 aque
429 2674 590 2705 Terdubii
619 2683 675 2714 per
701 2675 796 2714 ipsos
822 2672 975 2706 Comune
1001 2678 1032 2705 et
1059 2675 1212 2706 homines
1250 2683 1351 2715 super
1389 2675 1487 2705 bonis
1512 2676 1542 2705 et
1569 2675 1790 2714 possessione
1823 2674 1901 2705 dieti
1928 2676 2137 2706 conventus:

321 2735 474 2776 Cumque
501 2737 598 2767 etiam
625 2737 667 2767 sit
693 2736 784 2776 quod
812 2736 938 2767 domini
967 2736 1061 2767 Prior
1087 2740 1117 2768 et
1145 2737 1275 2768 Fratres
1302 2746 1367 2768 non
1395 2737 1567 2768 intendant
1592 2737 1793 2773 consentire,
1813 2737 1875 2768 nisi
1897 2737 1959 2777 ipsi
1980 2737 2133 2768 homines

318 2798 522 2829 satistatiant
548 2798 588 2829 de
614 2801 645 2829 et
671 2807 730 2838 pro
757 2801 869 2829 tereno
895 2799 1095 2839 occupando
1120 2802 1152 2830 et
1177 2799 1334 2839 dampnis
1361 2798 1544 2830 inferendis
1571 2799 1601 2829 in
1628 2798 1774 2829 futurum
1802 2799 2073 2839 quibuscumque
2098 2807 2139 2830 ex

322 2862 406 2902 ipsis
432 2862 532 2901 aquis
557 2864 587 2892 et
615 2861 708 2901 rugia
734 2870 771 2892 ac
798 2861 965 2892 conductu
1004 2870 1179 2901 aquarum,
1216 2862 1402 2893 secundum
1440 2861 1580 2892 formam
1619 2861 1827 2892 decretorum
1865 2861 2047 2902 superinde
2072 2861 2142 2892 edi—

322 2927 441 2960 torum,
467 2926 497 2954 et
524 2924 587 2954 nisi
615 2923 678 2954 sub
704 2926 734 2954 et
761 2932 834 2954 cum
872 2924 972 2954 certis
1010 2925 1118 2964 pactis
1144 2926 1175 2955 et
1200 2924 1495 2961 conventionibus,
1522 2924 1564 2954 ad
1591 2924 1653 2955 lioc
1681 2933 1719 2954 ne
1747 2924 1810 2964 ipsi
1838 2924 1965 2955 domini
1992 2922 2086 2955 Prior
2109 2926 2140 2954 et

326 2985 455 3016 Fratres
482 2985 549 3016 ullo
577 2994 724 3025 unquam
752 2987 901 3025 tempore
927 2986 1020 3026 argui
1049 2986 1183 3026 possint
1208 2985 1248 3016 de
1274 2985 1386 3025 alique
1414 2985 1547 3016 lexione
1576 2985 1739 3016 bonorum
1765 2988 1796 3017 et
1823 2986 1942 3016 iurium
1968 2985 2046 3034 dicti
2065 2994 2144 3017 con-

325 3050 446 3078 ventus
471 3050 502 3078 et
527 3047 642 3087 aliquo
668 3047 762 3078 dollo
789 3047 899 3085 mallo,
926 3050 957 3079 et
983 3048 1075 3088 quod
1114 3047 1181 3078 ullo
1219 3056 1366 3087 unquam
1405 3050 1554 3088 tempore
1590 3048 1714 3089 alegari
1742 3049 1850 3088 possit
1877 3048 1968 3088 quod
1995 3048 2058 3088 ipsi
2085 3047 2144 3079 do-

327 3109 404 3139 mini
432 3108 525 3140 Prior
550 3112 580 3140 et
607 3109 737 3141 Fratres
763 3110 876 3150 potius
902 3110 1084 3150 dampnum
1112 3109 1281 3140 intulerint
1306 3112 1337 3141 et
1362 3110 1582 3149 preiudicium
1601 3111 1792 3148 conventui,
1811 3119 1911 3150 quam
1929 3110 2142 3141 commodum
