2347 3444
1940 231 2000 262 153

191 373 308 397 omnes
345 364 463 396 fratres
500 373 662 404 expresse
689 363 833 404 professi
860 364 1047 394 conventus
1073 364 1104 394 et
1129 362 1271 394 ecclesie
1299 363 1491 394 monasterii
1518 366 1634 394 sancte
1661 363 1833 395 Mustiolle
1853 364 2000 404 Μῶα...

191 427 353 458 facientes
391 427 466 467 plus
504 436 603 467 quam
640 427 726 458 duas
760 428 872 466 partes
898 435 939 457 ex
966 425 1116 456 tribus...
1155 424 1190 456 di
1224 433 1303 455 aver
1336 425 1477 456 riceviito
1514 425 1557 456 clu
1595 425 1759 465 Filippino
1796 426 1893 457 Busti
1928 436 2002 466 spe-

191 490 276 520 ziole
294 489 409 529 fiorini
436 489 477 520 16
495 497 556 529 per
578 488 685 529 offitio
722 488 757 519 o'i
792 488 853 519 dite
890 488 975 523 anni,
1003 487 1159 527 compititi
1193 486 1257 517 olle
1285 488 1424 526 pussate
1450 486 1585 517 colende
1622 487 1656 517 di
1692 487 1829 526 Agnitio,
1867 488 1901 518 di
1936 497 2001 519 uno

190 559 270 582 caso
295 551 325 582 in
343 550 449 582 Ριινία
474 551 506 582 in
530 550 729 582 Porrocclzio
753 550 788 581 di
812 549 844 582 S.
871 548 1079 581 Bartolomeo
1105 548 1138 579 ol
1162 547 1274 584 Ponte,
1301 547 1359 579 clze
1383 548 1450 587 egli
1473 549 1557 579 tiene
1582 549 1613 579 iri
1631 549 1820 580 investitura
1842 551 1999 589 perpetuu

191 613 249 644 dal
273 615 440 644 convento.

279 674 374 705 Nello
399 676 504 705 stesso
530 674 629 713 luogo
654 683 670 705 e
693 675 818 714 giorno.
842 673 893 713 gli
915 674 1014 705 stessi
1038 672 1201 713 Religiosi
1224 672 1457 703 costituiscono
1493 672 1561 703 loro
1597 673 1802 712 procuratori
1827 673 1998 713 predictos

192 735 348 766 dominos
374 736 569 775 magistrum
597 735 728 767 fratrem
756 735 992 776 Augustinum,
1020 734 1151 766 fratrem
1191 733 1324 765 Petrum
1352 736 1383 765 et
1407 734 1579 764 dominum
1619 734 1799 765 Antinum:
1827 735 1867 765 de
1894 733 2004 766 Cosso

190 797 410 834 causidicum,
436 797 666 837 specialmente
687 806 747 838 per
769 797 934 828 l'incusso
959 797 1013 828 dei
1036 796 1153 828 redditi
1177 805 1193 827 e
1218 796 1307 835 degli
1331 795 1431 836 offitti
1454 795 1508 827 (tel
1531 798 1698 827 convento.

983 971 1208 1012 CCCXL.

280 1080 384 1107 Frate
410 1079 574 1107 Nicolino
600 1079 758 1108 Grizzoli
785 1081 907 1109 Priore
926 1081 960 1109 di
979 1081 1013 1108 S.
1034 1080 1202 1108 Mostiola
1229 1080 1256 1107 s'
1274 1089 1409 1116 oppone
1435 1080 1506 1108 alla
1532 1079 1801 1108 scarcerazione
1828 1079 1882 1107 del
1902 1080 2001 1107 ladro

191 1132 225 1161 di
251 1141 295 1160 un
322 1132 479 1161 Messale
505 1132 598 1160 della
625 1142 688 1161 sua
715 1133 856 1162 Chiesa.

780 1220 934 1251 1460„
964 1221 1301 1251 settennuuffi,
1331 1221 1420 1244 223.

739 1317 816 1338 *Art-11.
835 1318 914 1338 Notas.
931 1318 952 1338 di
971 1317 1040 1338 Pavia
1057 1329 1079 1331 —
1097 1318 1145 1338 Atti
1161 1318 1182 1338 di
1201 1318 1320 1338 Lconardo
1337 1317 1448 1342 Ense-itit

297 1509 342 1624 I
434 1527 457 1552 N
482 1522 617 1553 civitate
643 1521 757 1562 Papie,
796 1523 949 1554 videlicet
985 1524 1026 1554 ad
1064 1524 1186 1555 ostium
1225 1533 1392 1555 carcerum
1420 1523 1583 1556 Comunis
1610 1523 1724 1564 Papie.
1765 1524 1795 1555 ln
1835 1525 2001 1564 presentia

455 1585 590 1616 Antonii
617 1586 657 1617 de
685 1586 714 1617 la
741 1585 891 1617 Ecclesia
917 1587 1070 1617 custodis
1095 1588 1215 1618 asserti
1254 1585 1433 1619 Carcerum
1473 1585 1636 1618 Comunis
1664 1586 1768 1627 Papie
1799 1588 2004 1618 constitutus

456 1648 660 1679 venerabilis
697 1648 853 1679 dominus
891 1648 990 1679 frater
1026 1648 1226 1680 Nicliolinus
1263 1649 1303 1680 de
1342 1647 1496 1687 Griwlis,
1535 1648 1629 1679 Prior
1665 1647 1863 1680 Conventus
1896 1652 1926 1679 et
1952 1658 2004 1680 ec—

189 1710 291 1743 clesie
316 1712 431 1742 sancte
457 1710 619 1741 Mustiole
657 1711 843 1750 papiensis,
869 1711 1053 1742 occaxione
1080 1711 1256 1743 cuiusdam
1293 1713 1421 1743 asserte
1458 1712 1674 1749 assercionis,
1710 1712 1947 1751 requisicionis
1973 1715 2004 1743 et

185 1774 447 1813 protestacionis
474 1775 508 1804 ut
533 1773 695 1804 asseritur
719 1773 805 1804 tacte
831 1782 889 1812 per
915 1774 1024 1813 ipsum
1052 1773 1232 1804 Antonium
1259 1774 1348 1804 dicto
1374 1774 1566 1811 conventui,
1593 1777 1748 1814 pretextu
1767 1777 1797 1805 et
1816 1775 2002 1805 occaxione

186 1835 362 1876 presbiteri
388 1835 563 1866 Nicodemi
590 1835 631 1866 de
658 1834 809 1866 Bononia
835 1835 958 1866 detenti
986 1836 1016 1866 in
1044 1836 1143 1867 dictis
1168 1836 1369 1873 carceribus,
1407 1845 1467 1876 pro
1493 1837 1564 1867 suis
1590 1836 1786 1867 criminibus
1816 1838 1846 1867 et
1871 1836 2002 1867 delictis

187 1900 218 1929 et
244 1898 328 1929 inter
352 1899 462 1929 cetera
488 1906 548 1938 pro
575 1906 641 1928 uno
667 1898 794 1929 missali
822 1907 880 1937 per
905 1907 979 1929 eum
1006 1898 1114 1929 furato
1140 1901 1170 1928 et
1196 1899 1369 1929 subtracto
1395 1899 1484 1929 dicto
1510 1900 1687 1929 conventui
1716 1902 1745 1929 et
1772 1908 1813 1929 ex
1841 1900 1872 1930 et
1889 1899 1930 1929 de
1949 1907 2002 1929 sa-

186 1961 299 1992 cristia
325 1960 411 1991 dicte
437 1960 591 1997 ecclesie,
618 1960 743 1991 valoris
769 1960 966 1991 ducatru‘uin
987 1961 1256 2000 vigintiquinque
1282 1961 1371 1998 auri;
1391 1963 1421 1992 et
1440 1961 1678 2001 respondendo
1696 1961 1783 1992 dicte
1802 1961 1856 1992 tali
1876 1963 2003 1992 asserte

185 2023 370 2055 assercioni
397 2026 428 2054 et
455 2023 694 2062 protestacioni
722 2024 753 2053 et
779 2023 842 2062 ipsi
870 2022 1026 2059 Antonio,
1041 2023 1121 2054 dicit
1140 2023 1247 2063 ipsam
1266 2024 1428 2054 assertam
1448 2023 1649 2063 peticionem
1669 2024 1700 2054 et
1718 2024 2000 2063 protestacionem

187 2085 293 2116 fuisse
319 2086 349 2116 et
375 2093 449 2116 esse
476 2084 597 2116 factam
625 2087 734 2124 preter
759 2086 790 2115 et
816 2087 926 2115 contra
957 2084 1093 2115 formam
1122 2085 1202 2116 iuris
1235 2086 1479 2124 cuiuscumque
1505 2087 1536 2116 et
1563 2094 1619 2124 per
1645 2085 1770 2115 dollum
1810 2084 1944 2115 mallum
1971 2088 2001 2116 et

187 2147 402 2179 coluxionem
428 2147 506 2178 dicti
533 2146 668 2178 Antonii
695 2156 768 2178 cuni
795 2147 885 2178 dicto
912 2147 1098 2187 presbitero
1124 2146 1319 2178 Nicodemo.
1347 2146 1423 2178 Item
1451 2147 1529 2186 quia
1548 2156 1612 2177 non
1633 2148 1765 2178 constat
1791 2147 1915 2178 dictum
1935 2146 2003 2177 An-

187 2210 314 2241 tonium
339 2209 461 2240 fecisse
487 2217 658 2249 expensas
684 2209 773 2240 dicto
800 2209 985 2249 presbitero
1012 2209 1208 2246 Nicodemo,
1236 2218 1296 2240 nec
1322 2209 1365 2240 ab
1390 2218 1429 2240 eo
1456 2209 1578 2240 habere
1603 2209 1727 2240 debere
1745 2217 1783 2240 ea
1810 2209 1850 2240 de
1876 2209 2001 2248 quibus

187 2274 218 2303 et
243 2273 341 2312 prout
367 2271 397 2302 in
423 2271 512 2302 dicta
538 2273 668 2302 asserta
695 2272 918 2311 requisicione
944 2271 977 2302 fit
1004 2271 1143 2302 mencio.
1181 2269 1269 2308 Quin
1297 2271 1362 2301 imo
1387 2271 1497 2302 dictus
1535 2271 1701 2311 presbiter
1737 2270 1945 2302 Nicodemus
1971 2273 2002 2302 et

187 2335 287 2366 ceteri
314 2334 509 2365 incarcerati
548 2334 705 2365 vixerunt
742 2336 772 2365 et
809 2334 927 2364 vivunt
964 2334 1005 2364 de
1042 2333 1228 2364 elimosinis
1253 2337 1285 2364 et
1310 2342 1351 2364 ex
1380 2333 1542 2364 reditibus
1569 2333 1752 2374 legatorum
1779 2333 1942 2365 factorum
1969 2336 1999 2365 et

187 2396 327 2428 aliorum
355 2383 543 2427 relictorum
570 2397 748 2427 carceratis
774 2405 944 2427 carcerum
971 2394 1135 2427 Coniunis
1161 2394 1264 2435 Papie
1291 2396 1340 2426 eis
1366 2395 1757 2435 superliabondantibus,
1784 2398 1817 2427 ut
1836 2396 2000 2427 notorium

187 2459 310 2490 existit.
338 2458 415 2489 Item
443 2459 532 2498 quia,
559 2458 663 2489 salvis
690 2458 861 2498 predictis,
887 2458 914 2489 si
941 2458 1051 2489 dictus
1078 2456 1244 2488 Antonius
1270 2457 1454 2497 quidquam
1474 2457 1515 2488 de
1533 2466 1595 2488 suo
1615 2457 1692 2488 fecit
1718 2466 1777 2488 seu
1805 2458 2000 2489 deditdicto

187 2521 374 2561 presbitero
399 2520 598 2558 Nicodemo,
624 2520 714 2560 quod
742 2530 806 2551 non
834 2520 964 2556 fatetur,
990 2519 1031 2550 ad
1059 2519 1089 2550 id
1117 2528 1182 2550 non
1209 2520 1386 2550 tenebatur
1411 2528 1470 2551 nec
1496 2522 1626 2551 tenetur
1644 2520 1716 2560 ipse
1736 2519 1913 2558 Antonius,
1940 2521 1999 2551 sed

187 2583 265 2614 fecit
291 2591 352 2614 sua
378 2585 500 2623 sponte
525 2585 556 2614 et
583 2583 683 2614 habet
709 2585 740 2614 et
765 2583 864 2614 debet
891 2582 954 2613 sibi
989 2582 1151 2622 imputare
1178 2584 1208 2612 et
1234 2582 1325 2612 nullo
1363 2582 1431 2613 iure
1470 2584 1609 2613 cavetur
1644 2582 1735 2622 quod
1773 2582 1884 2614 dictus
1922 2592 2002 2614 con-

189 2647 309 2676 ventus
335 2647 484 2677 teneatur
509 2645 550 2677 ad
578 2645 739 2685 requisita
777 2654 835 2685 per
872 2645 980 2685 ipsum
1020 2643 1212 2681 Antonium,
1251 2653 1325 2675 nam
1351 2653 1392 2675 ex
1419 2654 1487 2685 quo
1524 2645 1609 2677 iuste
1635 2645 1791 2676 detentus
1816 2645 1877 2676 fuit
1902 2648 1932 2677 et
1958 2654 1998 2677 cx

188 2708 311 2739 delicto
337 2716 409 2745 suo,
425 2708 488 2739 sibi
507 2708 607 2739 debet
623 2708 797 2748 imputare,
814 2716 877 2738 non
893 2708 1002 2738 autem
1023 2706 1204 2743 Fratribus,
1224 2715 1297 2737 nani
1317 2706 1402 2738 male
1421 2707 1546 2738 meritis
1565 2716 1629 2738 non
1649 2709 1699 2738 est
1718 2708 1998 2739 subveniendum.

189 2769 259 2801 Hoc
285 2771 375 2801 esset
400 2769 523 2801 addere
549 2770 737 2801 aflicionem
764 2770 853 2800 dicto
879 2769 1059 2800 conventui
1086 2768 1211 2799 afflicto
1237 2770 1267 2799 et
1293 2768 1531 2808 dampnificato
1558 2778 1616 2810 per
1633 2770 1756 2801 dictum
1777 2770 1998 2810 presbiterum

188 2831 408 2863 Nicodemum
435 2841 476 2863 ex
503 2832 591 2863 dicto
618 2832 745 2864 missali
773 2841 830 2872 per
855 2841 929 2862 eum
956 2831 1062 2861 furato
1088 2830 1177 2861 dicto
1196 2831 1387 2867 conventui,
1408 2833 1440 2862 ut
1459 2840 1571 2871 supra,
1598 2832 1722 2863 valoris
1741 2833 1782 2863 de
1801 2842 1868 2872 quo
1886 2841 1998 2872 supra,

187 2897 218 2925 et
243 2894 284 2925 ad
311 2895 407 2925 cuius
433 2895 581 2926 missalis
618 2903 677 2926 seu
716 2895 794 2926 dicti
833 2895 905 2925 eius
943 2893 1067 2924 valoris
1101 2893 1349 2924 restitucionem
1376 2895 1408 2924 et
1432 2893 1640 2925 solucionem
1667 2896 1796 2926 tenetur
1827 2895 1898 2934 ipse
1926 2903 2000 2934 pre-

187 2956 292 2988 sbiter
317 2956 523 2988 Nicodemus
549 2959 579 2988 et
606 2957 702 2988 etiam
729 2959 858 2988 tenetur
884 2959 914 2987 et
940 2956 1105 2987 tenebitur
1144 2955 1255 2986 dictus
1292 2954 1460 2987 Antonius
1485 2959 1610 2994 custos,
1638 2957 1668 2987 in
1695 2959 1856 2996 (manium
1885 2957 1999 2988 rellas-

193 3114 230 3135 del
245 3113 353 3139 Capitoli]
369 3114 390 3134 di
406 3113 428 3135 S.
445 3114 565 3139 Mostiola,
576 3113 599 3135 tn
611 3114 718 3135 ordinato
727 3114 848 3135 sacerdote
865 3114 1066 3138 posteriormcutc,
1123 3118 1187 3132 cuiue
1204 3112 1284 3132 risuua
1301 3112 1337 3132 dal
1353 3112 1493 3133 documento
1510 3112 1544 3133 del
1561 3113 1586 3133 22
1602 3113 1693 3138 maggio
1711 3113 1767 3133 1472.
