2347 3444
1911 223 1966 255 131

973 405 1155 446 CCCV.

252 514 465 544 Ordinazioni
489 523 583 544 sacre
607 514 639 543 di
663 514 772 543 alcuni
796 514 955 551 Religiosi
980 513 1200 550 Agostiniani.

807 610 886 634 14(
893 610 962 641 54,
991 616 1210 640 ιιιειΓΖο,
1231 608 1308 634 17.

713 697 789 720 (Arcu.
806 698 885 719 Notat.
902 698 923 718 di
941 698 1018 719 Pavia,
1035 709 1059 712 --
1079 698 1127 718 Atti
1142 697 1164 718 di
1180 697 1257 718 Pietro
1273 697 1406 717 Mombreto
1424 714 1427 717 .

176 850 178 877 'l

227 881 336 1000 Ο
402 898 580 927 RDINATIO
606 893 781 926 Generalis
800 897 889 926 tenta
908 904 966 935 per
984 895 1201 927 reverendum
1221 897 1251 927 in
1271 894 1406 928 Christo
1432 897 1557 936 patrem
1584 896 1755 927 dominum
1775 894 1968 928 Conradum

176 895 178 1017 J
423 957 463 988 de
483 956 691 988 Marcellinis
718 957 878 988 vicarium
898 960 928 988 et
947 958 1227 989 locumtenentem
1247 957 1518 990 reverendissimi
1546 957 1671 988 domini
1697 958 1823 989 domini
1851 956 1875 989 C
1882 958 1969 988 ardi-

175 1025 195 1055 ι
423 1019 508 1051 nalis
534 1020 717 1059 papiensis.

248 1081 298 1113 Ad
326 1083 464 1123 primam
492 1084 685 1113 tonsuram:

248 1143 360 1176 Frater
386 1144 536 1185 Angelus
562 1145 602 1175 de
630 1144 844 1177 Rusconibus
871 1146 938 1176 filio
965 1145 1153 1183 Rolandini,
1180 1144 1317 1176 Ordinis
1343 1146 1457 1175 sancte
1483 1144 1654 1175 Mustiole.

247 1206 359 1238 Frater
384 1206 548 1238 lohannes
574 1206 726 1247 Baptista
752 1208 792 1238 dc
820 1207 930 1245 lanua,
957 1207 1094 1239 Ordinis
1121 1209 1225 1239 sancti
1253 1207 1442 1247 Augustini.

246 1268 359 1300 Frater
384 1269 547 1300 Baldasar
572 1269 612 1300 de
639 1267 769 1307 Crema,
796 1268 933 1301 Ordinis
960 1270 1066 1301 sancti
1095 1269 1284 1310 Augustini.

245 1331 296 1362 Ad
323 1334 467 1372 quatuor
492 1332 637 1363 minores
666 1330 833 1363 Ordines:

245 1393 358 1426 Frater
384 1394 548 1426 lohannes
574 1393 726 1435 Baptista
752 1395 793 1426 de
821 1394 932 1433 lanua,
958 1394 1095 1426 Ordinis
1121 1395 1227 1426 sancti
1255 1394 1445 1435 Augustini.

247 1456 359 1488 Frater
384 1456 548 1488 Baldasar
573 1457 614 1488 de
640 1455 771 1494 Crema,
797 1456 935 1488 Ordinis
961 1457 1066 1488 sancti
1095 1456 1285 1498 Augustini.

958 1631 1166 1672 CCCVI.

247 1738 440 1775 Quietanza
466 1738 498 1766 d'
517 1739 628 1767 affitto
646 1739 829 1767 rilasciata
844 1739 887 1767 da
903 1740 991 1768 frate
1009 1739 1165 1768 Eusebio
1180 1740 1222 1768 de
1236 1740 1410 1776 Legieriis
1429 1740 1662 1768 Procuratore
1677 1739 1712 1768 di
1728 1740 1763 1769 S.
1779 1740 1964 1776 Agostino.

735 1853 890 1883 1464,
920 1855 1263 1885 llox·errll)1·e9
1292 1854 1369 1879 19.

683 1941 760 1964 (Arcti.
778 1941 857 1961 Nutar.
875 1941 896 1961 di
914 1940 983 1962 Pavia
1000 1952 1023 1954 —
1039 1941 1087 1962 Atti
1103 1941 1125 1962 di
1142 1941 1290 1963 Bartolomeo
1308 1941 1437 1966 Gandello).

257 2073 305 2188 I
398 2090 421 2116 N
446 2085 536 2116 curia
562 2085 687 2125 pallatii
725 2086 922 2126 spectabilis
959 2086 1083 2117 domini
1122 2085 1304 2118 Potestatis
1329 2089 1361 2118 et
1386 2085 1550 2118 Comunis
1576 2086 1726 2127 papie...
1755 2086 1964 2118 Venerabilis

391 2148 577 2193 ldominus
613 2147 713 2179 frater
750 2148 924 2179 Euxebius
950 2148 990 2179 de
1018 2148 1178 2189 Legieriis
1215 2148 1368 2180 sindicus
1405 2151 1436 2180 et
1472 2151 1712 2189 procurator....
1750 2149 1960 2180 dominorum

369 2246 385 2248 -
420 2209 556 2248 Prioris,
581 2210 717 2241 fratrum
743 2219 781 2241 ac
807 2209 953 2250 Capituli
973 2212 1159 2242 conventus
1185 2213 1217 2242 et
1242 2211 1382 2242 ecclesie
1408 2211 1514 2242 sancti
1542 2210 1721 2251 Augustini
1749 2210 1897 2251 papie...
1923 2211 1964 2241 ri—

151 2282 225 2305 ceve
249 2273 292 2305 cia
317 2274 510 2305 Melclziorre
535 2272 758 2313 Sangregorw
783 2272 871 2304 soleii
898 2273 938 2304 72
956 2281 1018 2313 per
1046 2272 1189 2312 l'afsitto
1214 2273 1249 2304 cli
1272 2274 1350 2304 anni
1374 2275 1419 2304 tre
1444 2274 1600 2313 compluti
1624 2273 1658 2304 al
1682 2272 1714 2305 S.
1741 2274 1882 2305 Μαι-ϋηο
1904 2282 1964 2313 per

150 2344 216 2367 rma
237 2337 361 2376 pertica
386 2336 421 2367 di
445 2338 569 2367 terreno
595 2336 626 2367 ἰη
657 2335 831 2366 Trivolzr'o.

239 2610 468 2639 Ordinazioni
495 2619 596 2639 sacre
622 2610 657 2639 di
682 2610 771 2639 frate
796 2610 979 2639 Albertino
1003 2610 1104 2638 Griffi
1129 2619 1147 2638 e
1172 2610 1207 2638 di
1233 2610 1322 2638 frate
1348 2610 1474 2639 Nicola
1500 2611 1545 2639 da
1570 2610 1818 2647 Carmagnola.

752 2724 898 2756 1464,
925 2724 1143 2749 (11001111
1150 2730 1239 2755 ›1·e‚
1266 2724 1356 2748 22.

715 2812 792 2835 (Archi
810 2811 889 2832 Notar.
907 2811 928 2831 di
946 2811 1024 2831 Pavin,
1042 2822 1063 2824 —
1082 2811 1129 2831 Atti
1146 2811 1167 2831 di
1185 2811 1301 2832 Lodovico
1319 2812 1405 2837 Leggii.

394 2960 598 2997 CCCCLxlllJ,
624 2958 677 2989 die
703 2956 791 2998 XXlJ
818 2957 1020 2994 decembris,
1047 2957 1126 2987 liora
1152 2957 1339 2988 terciarum.

166 2943 356 3060 M
385 2979 388 3054 Α
504 3019 708 3061 infrascripti
734 3021 812 3051 sunt
837 3020 892 3060 qui
920 3028 956 3051 se
981 3021 1261 3059 presentaverunt
1287 3027 1347 3059 pro
1373 3017 1559 3050 Ordinibus
1585 3019 1648 3051 sibi
1675 3019 1912 3051 conterendis:
