2347 3444
1951 161 1992 192 73

183 291 231 322 sic
257 291 366 330 legato
404 290 564 330 predictis
601 292 851 332 exponentibus
890 291 977 322 facto
1015 290 1107 321 locus
1134 291 1257 321 existit.
1285 289 1368 322 Cum
1396 292 1505 321 autern
1533 292 1717 322 secundum
1745 292 1881 323 tonnam
1910 294 1988 324 dieti

182 352 370 383 testamenti
410 352 557 392 predicta
598 353 720 384 domus
757 354 855 384 vendi
894 353 1014 384 debeat
1040 354 1070 383 et
1097 352 1245 382 nonnulli
1273 353 1364 383 cives
1392 352 1660 384 mediolanenses
1688 363 1758 384 eam
1787 364 1894 385 emere
1930 357 1990 385 di:-

182 413 296 453 bitent,
323 423 362 445 ne
389 415 419 445 in
447 414 591 446 futurum
618 416 743 455 opponi
770 418 886 455 posset
911 416 1046 446 domum
1073 415 1179 454 ipsam
1206 414 1365 454 predictis
1391 415 1640 454 exponentibus
1668 415 1776 455 legare
1796 417 1990 455 nequivisse

181 480 317 518 propter
353 478 511 509 nonnulla
548 480 681 513 statuta,
719 478 851 509 decreta
877 480 907 508 et
934 476 1079 508 Ordines
1118 476 1234 507 Vestre
1272 475 1525 507 Dominacionis
1551 479 1581 507 et
1607 475 1770 508 Comunis
1806 478 1988 508 Mediolani

181 540 365 580 presertim,
393 540 610 580 proliibencia
638 549 702 570 rem
730 539 931 570 immobilem
957 539 1098 570 alicuius
1125 538 1292 578 suppositi
1320 538 1540 569 iurisdictioni
1569 539 1694 569 domini
1716 538 1897 570 Potestatis
1919 540 1991 571 Me-

179 602 303 633 diolani
330 602 499 633 transferri
527 611 591 632 non
618 610 719 641 posse
747 602 777 632 in
804 611 868 632 non
896 601 1108 641 suppositum
1136 601 1199 640 ipsi
1227 600 1445 637 iurisdicioni,
1484 601 1547 631 snb
1585 601 1684 631 certis
1713 602 1808 640 penis
1835 605 1863 632 et
1892 605 1989 641 prout

181 664 211 694 in
238 664 287 695 eis
313 664 495 704 reperiatur
520 664 690 694 contineri.
717 662 879 703 Dignetur
906 666 1014 694 vestra
1041 663 1227 700 clementia,
1260 664 1385 693 attento
1423 663 1513 702 quod
1552 662 1711 702 predictis
1739 664 1990 703 exponentibus

179 726 268 757 dicta
294 726 416 757 domus
442 726 575 756 minime
602 734 771 756 remanere
798 725 896 756 debet
923 725 982 756 sed
1010 725 1108 756 vendi
1128 727 1156 755 et
1176 725 1206 755 in
1227 725 1301 764 pios
1322 732 1403 755 usus
1430 724 1577 764 precium
1605 725 1839 764 conve1·ti,per
1859 729 1990 756 vestras

181 790 333 828 patentes
359 788 484 819 litteras
510 787 689 818 decernere
728 787 919 818 huiusmodi
959 787 1101 827 legatum
1141 787 1292 827 potuisse
1325 787 1392 817 fieri
1419 788 1449 817 et
1476 786 1585 818 valere
1613 789 1643 817 et
1671 789 1780 818 tenere
1808 792 1837 818 ez
1865 789 1988 819 exinde

179 859 251 882 eam
279 850 422 881 vendere
448 851 479 880 et
504 849 659 886 alienare,
685 848 856 889 aliquibus
882 849 1026 882 statutis.
1052 849 1196 880 decretis
1222 851 1252 880 et
1278 849 1453 880 ordinibus
1479 849 1726 880 dominacionis
1753 852 1862 880 vestre
1889 854 1918 880 et
1937 859 1992 880 co-

179 912 289 943 munis
315 911 498 943 Mediolani
525 920 563 942 ac
589 911 664 942 aliis
690 911 721 942 in
748 912 947 942 contrarium
975 920 1039 942 non
1065 912 1209 945 attentis,
1248 911 1372 951 quibus
1399 911 1429 942 in
1456 913 1616 951 quantum
1657 911 1843 949 obviarent,
1871 912 1900 942 in
1929 913 1989 944 bac

178 976 282 1014 parte,
308 983 349 1005 ex
376 975 465 1005 certa
492 973 642 1010 scientia,
669 973 831 1014 derogare
857 973 1050 1013 dignemini.

245 1035 283 1066 Et
307 1036 442 1067 attentis
468 1036 625 1075 superius
651 1036 802 1073 narratis,
829 1036 972 1067 maxime
998 1036 1212 1067 considerato
1238 1036 1327 1075 quod
1355 1044 1417 1073 res,
1443 1036 1484 1067 de
1509 1045 1575 1075 qua
1601 1037 1719 1076 agitur,
1735 1037 1894 1068 tenditad
1916 1038 1988 1077 pias

176 1106 300 1130 causas
326 1101 356 1129 et
382 1098 472 1138 quod
500 1098 575 1129 licet
601 1098 699 1135 bona,
726 1098 766 1129 de
793 1098 917 1138 quibus
943 1098 1059 1138 agitur,
1089 1098 1197 1138 legata
1224 1100 1300 1129 sunt
1326 1098 1424 1129 dictis
1451 1098 1860 1138 supplicantibus,tamen
1878 1100 1907 1129 in
1928 1108 1985 1130 eos

176 1169 346 1192 remanere
373 1169 438 1191 non
464 1160 597 1198 debent,
624 1160 682 1191 sed
710 1160 808 1191 vendi
835 1163 865 1191 et
892 1161 1033 1201 pecunie
1060 1161 1208 1192 converti
1236 1161 1266 1191 in
1294 1160 1369 1200 pios
1396 1169 1489 1198 usus,
1516 1162 1613 1200 prout
1639 1169 1741 1201 supra
1768 1163 1928 1197 narratur,
1954 1164 1985 1192 et

177 1223 267 1263 quod
293 1223 391 1254 etiam
418 1231 636 1262 possessores
673 1231 786 1254 eorum
825 1223 999 1260 bonorum,
1036 1223 1091 1262 qui
1132 1223 1331 1262 pretendunt
1356 1222 1513 1263 aliqualle
1540 1224 1591 1254 ius
1618 1223 1740 1254 babere
1767 1224 1797 1254 in
1824 1224 1884 1261 eis,
1911 1233 1991 1255 con-
2029 1217 2044 1223 ”’

176 1285 255 1316 tenti
281 1287 358 1316 sunt
385 1287 417 1316 ut
444 1285 545 1325 petita
571 1284 809 1322 concedantur,
835 1285 1053 1316 concedimus
1081 1285 1195 1316 barum
1222 1285 1319 1322 serie,
1345 1294 1386 1316 ex
1414 1287 1501 1316 certa
1528 1286 1677 1323 scientia,
1703 1294 1741 1317 ac
1769 1286 1932 1317 edicimus
1958 1289 1989 1317 et

178 1338 377 1378 mandamus
415 1346 559 1387 legatum
597 1347 781 1386 predictum
818 1347 886 1378 fieri
925 1347 1077 1386 potuisse
1103 1348 1133 1378 et
1159 1346 1269 1378 valere
1295 1349 1326 1378 et
1352 1347 1506 1378 effectum
1544 1347 1653 1378 sortiri
1681 1347 1814 1385 debere,
1840 1350 1870 1379 et
1896 1349 1986 1388 quod

176 1409 316 1449 proinde
353 1408 511 1439 antedicti
550 1408 781 1448 supplicantes
806 1417 845 1440 ea
871 1408 958 1439 bona
997 1408 1143 1440 vendere
1181 1409 1313 1448 possint
1338 1417 1398 1440 seu
1437 1409 1626 1449 suppositis
1653 1409 1860 1440 iurisdicioni
1888 1409 1987 1441 Pote-

178 1470 274 1502 statis
301 1470 404 1501 nostri
431 1469 615 1501 Mediolani
642 1471 673 1501 et
698 1472 796 1510 prout
821 1478 923 1510 supra
950 1470 1137 1510 requiritur,
1163 1470 1364 1510 possintque
1390 1470 1531 1511 quilibet
1557 1471 1681 1512 idoney
1718 1472 1835 1502 notarii
1864 1472 1986 1503 instru-

176 1534 286 1564 menta
311 1532 492 1572 superinde
517 1532 664 1572 quelibet
690 1534 879 1572 opportuna
905 1532 1069 1563 conficere
1095 1541 1278 1572 eorumque
1304 1532 1502 1564 confectioni
1530 1533 1670 1564 secundi
1698 1534 1814 1564 notarii
1836 1536 1866 1565 et
1885 1538 1988 1566 testes

175 1595 306 1635 possint
332 1595 505 1626 interesse.
532 1593 571 1625 Et
597 1594 655 1626 hec
681 1594 792 1625 omnia
818 1596 849 1625 et
874 1594 1006 1635 singula
1026 1594 1128 1626 libere
1154 1596 1185 1626 et
1211 1595 1356 1635 impune,
1383 1595 1447 1626 liiis
1473 1595 1514 1626 de
1540 1595 1665 1635 quibus
1684 1604 1786 1636 supra
1806 1596 1839 1627 fit
1859 1597 1987 1627 mencio

174 1657 389 1688 obstantibus
415 1665 479 1687 non
505 1656 651 1694 attentis,
678 1656 775 1687 bonis
802 1659 910 1687 tamen
938 1657 1022 1697 ipsis
1048 1665 1122 1688 cum
1148 1666 1248 1688 onere
1275 1666 1337 1688 suo
1363 1658 1627 1695 transeuntibus,
1654 1659 1685 1689 et
1711 1659 1773 1689 boc
1800 1659 1897 1689 etiam
1913 1659 1985 1690 sine

176 1719 360 1759 preiudicio
387 1718 505 1749 iurium
531 1718 633 1756 tercii,
659 1718 784 1758 quibus
810 1719 841 1749 in
868 1718 958 1749 nullo
985 1719 1189 1750 intendimus
1215 1719 1376 1760 derogare
1403 1722 1433 1751 et
1460 1728 1518 1760 per
1543 1722 1732 1760 respectum
1763 1721 1804 1752 ad
1825 1721 1897 1761 ipsa
1918 1721 1987 1752 iura

174 1781 264 1812 tercii
292 1781 352 1812 hec
379 1782 491 1812 nostra
517 1781 694 1812 concessio
720 1780 844 1811 nullius
869 1781 911 1812 sit
937 1781 1061 1812 valoris
1086 1783 1118 1812 et
1143 1782 1311 1813 momenti.
1339 1781 1371 1813 In
1398 1791 1539 1822 quorum
1566 1782 1804 1821 testimonium,
1830 1785 1892 1814 etc.
1910 1782 1985 1815 Dat.

174 1842 369 1880 Mediolani,
395 1843 448 1873 die
474 1842 712 1874 terciodecimo
738 1842 832 1880 Iullii,
859 1840 1035 1875 MCCCC’
1062 1843 1324 1884 quadragesimo
1350 1844 1511 1883 secundo,
1538 1845 1653 1884 quinta
1680 1845 1860 1876 indicione.
1900 1845 1985 1877 Lan-

176 1906 319 1936 zarotus.
347 1904 379 1935 L.
407 1903 588 1936 Therunda
606 1902 666 1943 (l).

984 2062 1180 2102 CCXV.

262 2170 435 2199 Sentenza
460 2170 516 2198 del
542 2170 687 2199 Vicario
713 2171 903 2199 Vescovile
929 2180 948 2199 a
974 2171 1095 2199 favore
1121 2171 1177 2199 del
1203 2170 1383 2199 Convento
1409 2171 1443 2200 di
1470 2171 1504 2200 S.
1532 2171 1718 2207 Agostino.

819 2284 972 2315 1442,
998 2285 1217 2315 agost09
1248 2285 1338 2309 23.

589 2372 666 2394 (Arcu.
683 2372 719 2393 del
736 2371 822 2393 Rettor⁴
840 2372 962 2393 dell'Univ⁴
978 2372 999 2392 di
1021 2372 1090 2393 Pavia
1106 2383 1130 2385 —
1149 2372 1196 2393 Atti
1212 2372 1233 2392 di
1250 2372 1306 2393 Gian
1323 2372 1433 2394 Giacoino
1449 2373 1572 2398 Roverini).

249 2554 347 2671 13
417 2573 590 2600 ELLOTTO
615 2568 654 2600 de
682 2568 819 2601 Oltrona
844 2568 1062 2600 Arcidiacono
1088 2569 1122 2600 a'r'
1152 2568 1259 2600 Pavio
1292 2578 1308 2600 e
1347 2570 1472 2601 Vlcario
1512 2570 1676 2601 Vescovile
1707 2571 1889 2611 pronuncia
1914 2579 1987 2602 sen-

410 2639 411 2647 *
438 2633 531 2662 tenza
556 2640 576 2662 a
594 2631 713 2671 favore
738 2632 773 2663 cii
789 2631 878 2672 frate
903 2631 1046 2662 Eusebio
1072 2631 1111 2662 cle
1137 2631 1274 2671 LIgerit's
1295 2634 1504 2672 procuratore
1529 2632 1583 2663 ciel
1608 2631 1774 2664 Convento
1793 2633 1827 2664 cii
1845 2632 1877 2665 S.
1895 2633 1986 2672 Ago-

189 2691 191 2729 l
409 2715 410 2718 η
436 2695 520 2726 stmo
545 2696 655 2725 contro
681 2694 830 2727 Fermino
858 2693 1041 2726 Guarinoni
1064 2694 1098 2725 cii
1121 2694 1284 2734 Bergarno
1305 2702 1367 2734 per
1389 2693 1572 2733 obbligarlo
1598 2694 1632 2725 al
1651 2696 1853 2734 pagamento
1871 2694 1906 2726 di
1921 2703 1987 2725 ana

173 2754 323 2795 bIgoncia
342 2755 377 2788 di
400 2757 481 2793 vino,
508 2765 628 2797 oppare
652 2756 687 2788 di
710 2757 759 2788 sei
774 2756 896 2796 fiorini,
924 2756 1068 2787 all'anno
1089 2765 1151 2796 per
1172 2755 1396 2787 celebrazione
1420 2755 1456 2787 di
1478 2755 1584 2796 afficii
1607 2757 1823 2788 anniversarii
1837 2756 1940 2796 legati
1952 2757 1988 2787 a!

176 2815 340 2849 Convento
365 2826 424 2850 con
461 2820 653 2850 testamento
679 2818 732 2850 del
758 2819 850 2855 1406,
876 2818 922 2850 20
943 2826 1066 2856 marzo,
1104 2820 1219 2858 rogato
1245 2817 1288 2849 da
1312 2817 1476 2849 Andreolo
1515 2817 1747 2859 Gaargaaglia
1772 2818 1815 2850 da
1847 2819 1984 2850 Viant'no

176 2876 358 2911 Guarinoni
375 2880 479 2920 padre
503 2880 557 2912 del
579 2883 768 2912 convenam.

230 3036 260 3061 (1)
275 3036 330 3057 Vedi
346 3036 397 3058 doc.
414 3037 449 3058 dcl
467 3037 490 3058 16
504 3038 631 3059 settembre
649 3038 705 3063 1443,
722 3044 743 3059 ιιΔ
760 3037 856 3059 CCXVI.

1956 3088 1980 3107 ιι)
