2347 3444
1896 177 1932 207 41

129 309 193 349 ipsi
227 308 349 340 liabent
386 308 546 348 scripturn
584 317 685 339 unum
723 317 821 339 manu
859 307 966 348 ipsius
1003 307 1129 338 domini
1169 306 1278 338 fratris
1315 306 1445 338 Paulini
1487 307 1658 347 scripturn.
1697 307 1938 340 Renuntiantes

129 370 207 402 dieti
233 370 358 401 domini
385 370 579 410 prepositus
604 372 635 401 et
660 370 760 401 frater
785 369 947 401 Paulinus
973 369 1057 400 inter
1081 377 1117 400 se
1144 369 1304 407 vicissim,
1331 369 1464 409 singula
1489 369 1633 409 singulis
1659 369 1854 407 reficiendo,
1881 381 1939 401 ex-

129 432 273 472 ceptioni
300 441 365 463 non
391 431 476 463 facte
502 432 669 472 presentis
694 432 918 464 confessionis
944 432 975 463 et
1000 440 1065 462 non
1100 432 1309 471 receptorum
1349 431 1513 462 dictorum
1552 433 1788 471 quaternorum
1815 434 1843 463 et
1870 433 1939 463 dic-

128 495 235 525 torum
261 494 484 531 denariorum,
509 494 693 525 omissione
719 494 878 534 predicta,
906 493 1046 534 speique
1073 492 1180 524 future
1219 492 1431 532 receptionis,
1466 493 1730 533 probacionique
1757 495 1788 524 et
1815 494 1938 533 produ-

128 555 214 586 cioni
241 556 374 586 testium
412 556 527 587 contra
564 555 713 595 predicta
739 556 850 586 onmia
876 557 907 586 et
933 554 1075 596 singula.
1103 554 1141 586 Et
1167 554 1243 585 inde
1281 554 1359 585 dicti
1397 554 1523 585 domini
1562 555 1755 594 prepositus
1782 557 1812 586 et
1840 555 1939 586 frater

128 616 290 649 Paulinus
316 626 376 658 pro
402 617 561 658 predictis
598 608 756 649 oninibus
794 618 877 649 lianc
914 619 1037 649 cartam
1063 617 1130 648 fieri
1158 617 1327 648 iusserunt
1352 618 1383 648 et
1410 618 1611 657 rogaverunt
1637 617 1851 657 presentibus
1877 620 1937 649 etc.

128 679 205 710 inde
230 680 383 711 testibus.

892 827 1172 867 CLXXIV.

214 935 242 963 Il
269 934 431 970 Capitolo
457 934 491 963 di
518 935 553 963 S.
581 934 751 963 Mostiola
776 935 895 971 elegge
922 944 986 963 suo
1011 939 1238 972 procuratore
1263 935 1287 963 il
1314 935 1436 963 Priore
1463 935 1550 963 frate
1576 935 1737 964 Lorenzo
1764 936 1854 967 Biffi,

755 1049 905 1079 1426,
926 1049 1241 1081 (lieennu-e,
1262 1049 1310 1074 3.

670 1137 747 1160 (Areli.
765 1137 845 1158 Notar.
862 1137 883 1157 di
901 1137 971 1158 pavia
987 1148 1011 1151 —
1027 1137 1074 1158 Atti
1091 1137 1112 1157 di
1129 1137 1242 1163 Agostino
1258 1137 1385 1159 Baracum).

363 1285 364 1310 l

232 1321 278 1435 Ι
369 1339 392 1365 Ν
418 1334 564 1366 claustro
590 1335 736 1366 interiori
763 1335 955 1367 monasterii
982 1338 1013 1367 et
1038 1335 1181 1366 ecclesie
1207 1337 1321 1366 sancte
1348 1334 1521 1366 Mustiolle
1548 1334 1652 1375 Papie
1671 1334 1809 1367 Ordinis
1837 1335 1938 1367 Here-

392 1397 544 1428 initaruni
571 1398 676 1428 sancti
704 1396 894 1438 Augustini.
923 1397 1112 1430 Convocato
1137 1397 1161 1429 il
1184 1397 1327 1438 capitolo
1355 1406 1417 1437 per
1446 1397 1557 1428 orditze
1591 1397 1780 1429 Venerandi
1811 1398 1936 1429 domini

142 1478 165 1495 ,ἶ
189 1494 222 1495 ⁷7⁷
242 1494 328 1495 j?
362 1492 363 1495 Ἴ
391 1458 501 1490 fratris
521 1458 691 1490 Laurencii
718 1459 759 1490 de
785 1458 880 1490 Bittis
906 1460 1071 1491 dictorum
1110 1460 1314 1498 monasterii,
1351 1462 1540 1492 conventus
1566 1462 1597 1491 et
1622 1461 1766 1492 ecclesie
1800 1460 1936 1498 Primis,

124 1521 177 1552 nel
200 1521 297 1561 quale
321 1521 463 1562 capitolo
488 1530 587 1553 erano
613 1522 686 1562 ipse
711 1522 868 1553 dominus
894 1521 988 1553 Prior
1013 1524 1043 1553 et
1069 1531 1142 1553 cuin
1170 1523 1245 1562 ipso
1270 1526 1301 1554 et
1327 1531 1432 1563 penez
1458 1523 1567 1562 ipsum
1599 1523 1778 1554 venerandi
1812 1523 1938 1554 doniini

124 1582 225 1614 frater
249 1581 452 1615 Guillelinus
488 1583 529 1614 de
555 1583 702 1615 Novaria
727 1585 759 1615 et
784 1583 884 1615 frater
920 1582 1138 1615 Gualterinus
1171 1584 1212 1616 de
1250 1582 1351 1616 Curte
1389 1593 1506 1616 omnes
1542 1584 1660 1616 fratres
1697 1585 1938 1617 conventuales

125 1644 204 1676 dicti
231 1645 421 1676 monasterii
448 1647 478 1676 et
503 1645 678 1677 ecclesie...
716 1654 790 1676 curn
817 1645 896 1676 nulli
923 1645 977 1677 alii
1004 1646 1069 1677 sint
1094 1645 1212 1677 fratres
1239 1646 1269 1676 in
1296 1646 1386 1677 dicto
1412 1648 1591 1684 conventu,
1617 1647 1673 1686 qui
1701 1647 1833 1687 possint
1859 1656 1939 1678 con-

127 1707 239 1738 vocari
265 1716 324 1739 seu
350 1708 495 1739 debeant
520 1708 561 1739 ad
588 1708 804 1748 capitulum...
823 1705 874 1747 (l)
899 1708 1058 1748 eleggono
1094 1708 1220 1740 si'ndt'co
1245 1717 1262 1740 e
1282 1711 1492 1749 procuratore
1523 1709 1577 1740 del
1615 1708 1780 1741 Convento
1805 1709 1829 1741 il
1852 1710 1939 1741 detto

125 1768 238 1801 Prlore
256 1769 313 1810 fra
339 1769 484 1801 Lorenzo
510 1769 601 1810 Bt'ffi.

902 1918 1156 1959 CLXXV.

214 2037 409 2073 Quietanza
435 2036 466 2065 d'
485 2037 596 2065 affitto
622 2037 805 2065 rilaseiata
824 2037 868 2065 da
886 2037 974 2065 frate
1000 2036 1156 2065 Eusebio
1180 2036 1329 2072 Leggeri
1346 2036 1401 2073 pel
1420 2036 1601 2065 Convento
1627 2036 1659 2065 di
1687 2037 1722 2065 S.
1750 2037 1935 2072 Agostino.

744 2169 893 2199 1426,
914 2168 1131 2193 (licelrll
1139 2175 1226 2199 )1·e‚
1252 2168 1323 2192 14.

687 2257 751 2281 (Acii,
769 2257 848 2278 Notar.
865 2257 886 2277 di
904 2257 973 2278 i'avin
990 2268 1013 2271 -2
1029 2257 1076 2278 Atti
1093 2257 1114 2277 di
1131 2257 1227 2277 Antonio
1244 2256 1371 2281 ssaracciii).

142 2389 144 2420 l
181 2392 204 2393 7
270 2392 289 2393 7
349 2392 364 2426 'l

142 2457 143 2488 l
200 2439 337 2556 Ἢ
363 2430 587 2494 ῖΟΟΟΟΧΧνΓ,
607 2455 774 2486 indicione
801 2456 929 2494 quarta,
956 2455 1008 2485 die
1035 2455 1292 2494 quartodecimo
1319 2455 1444 2485 mensis
1470 2454 1671 2492 decembris,
1691 2454 1721 2485 in
1746 2453 1863 2494 Papia,
1890 2454 1939 2484 vi-

142 2500 143 2506 *
185 2495 220 2555 ‚L
363 2533 365 2565 i
392 2518 512 2549 delicet
539 2518 569 2549 in
596 2518 688 2549 curia
714 2516 878 2549 Comunis
904 2517 1049 2548 civitatis
1076 2517 1217 2556 ipsius...
1245 2516 1456 2548 Venerabilis
1483 2516 1532 2547 vir
1557 2516 1715 2547 dominus
1748 2515 1848 2547 frater
1874 2515 1939 2546 Eu-

142 2525 365 2616 }*jffljffli
393 2580 507 2612 sebius
533 2581 574 2612 de
601 2580 762 2621 Legieriis
787 2580 938 2611 sindicus
964 2582 995 2611 et
1021 2582 1216 2619 procurator
1241 2581 1429 2610 conventus
1454 2578 1589 2609 fratrum
1617 2578 1723 2609 sancti
1758 2577 1937 2618 Augustini

127 2637 241 2679 papie,
278 2641 430 2682 confessa
465 2643 500 2674 cii
533 2643 670 2674 rt'cevere
706 2642 749 2674 da
786 2641 935 2673 Paolello
968 2641 1055 2672 Erba
1089 2641 1204 2681 florini
1227 2643 1307 2672 scite
1331 2650 1347 2672 e
1372 2649 1486 2672 mezzo
1509 2649 1569 2681 pei·
1591 2639 1699 2680 affitto
1725 2640 1759 2671 di
1783 2648 1824 2671 tm
1850 2648 1935 2671 atino

126 2704 249 2744 spirata
275 2703 309 2734 al
333 2702 365 2736 S.
391 2704 533 2736 Martt'no
554 2706 703 2745 passuro,
731 2704 772 2735 de
799 2704 898 2735 certis
925 2703 1188 2743 proprietatibus
1213 2703 1287 2734 sitis
1313 2703 1344 2733 in
1372 2701 1555 2734 Siconiario
1593 2701 1708 2742 Papie,
1736 2702 1790 2733 ubi
1818 2702 1937 2732 dicitur

128 2766 158 2796 in
186 2765 369 2804 Valebona,
394 2775 480 2806 quas
505 2776 523 2798 a
549 2767 636 2798 dicta
662 2767 805 2798 ecclesia
831 2766 1007 2798 confitetur
1031 2762 1235 2803 (Paulellus)
1260 2767 1372 2796 tenere
1399 2765 1440 2796 ad
1467 2765 1590 2796 t'ictuni.

183 2922 212 2945 (lt
229 2921 413 2944 Probabilmenie
429 2923 443 2943 il
458 2923 579 2945 Convcnto
595 2923 616 2944 di
632 2923 655 2944 S.
672 2924 791 2949 Mosiiola,
808 2923 863 2943 dato
882 2923 894 2943 il
912 2923 1000 2948 piccolo
1056 2922 1098 2942 alla
1116 2922 1162 2942 vila
1179 2922 1199 2942 di
1217 2928 1245 2942 iiii
1262 2928 1357 2943 numero
1374 2922 1490 2947 inaggiore
1506 2921 1527 2942 di
1545 2921 1660 2947 Religiosi.
1673 2921 1762 2945 Qucsto
1774 2923 1836 2940 sinin
1848 2921 1868 2940 ‹li
1881 2926 1934 2940 cose

129 2972 225 2987 numero
240 2966 275 2987 dei
293 2966 358 2988 Padri
375 2966 509 2993 Capitoiari,
526 2968 635 2989 risentivn
659 2974 743 2989 ancora
760 2968 779 2988 le
795 2974 955 2993 Collchllcllhc
971 2968 1002 2987 di-
1058 2966 1113 2992 pero
1130 2967 1238 2987 vedreiiio
1255 2967 1349 2987 iuriiarsi
1367 2967 1387 2986 in
1404 2966 1486 2991 meglio
1503 2966 1565 2991 dopo
1581 2966 1677 2991 qualche
1689 2971 1756 2985 nunu,
1770 2965 1784 2985 ll
1797 2964 1853 2985 inite
1867 2965 1934 2985 (iu-il*

131 3011 235 3031 sastrosc
251 3010 308 3031 delle
323 3017 404 3036 guerre
419 3012 487 3037 civili,
509 3013 550 3033 elic
572 3013 693 3037 agiiarono
709 3013 722 3032 il
739 3012 812 3038 primo
832 3012 942 3033 decennio
966 3011 1001 3031 dcl
1058 3011 1115 3031 liero
1131 3010 1203 3035 Corii,
1220 3010 1258 3036 qui
1274 3016 1343 3036 sopra
1359 3012 1485 3031 nccennato
1501 3016 1565 3030 cuine
1581 3009 1800 3035 :ipparteiiciiteall.i
1811 3008 1931 3029 Cominium

131 3054 210 3075 secolo
225 3054 272 3080 XV,
287 3059 299 3075 c
314 3055 355 3076 che
370 3055 456 3077 tolsero
471 3057 514 3077 alla
539 3056 662 3078 Comunitii
678 3057 683 3077 i
700 3057 771 3077 mezzi
797 3062 837 3082 pei·
862 3056 1003 3081 provvedcie
1060 3055 1080 3075 di
1091 3054 1113 3075 S.
1130 3055 1249 3080 Mustium,
1265 3055 1286 3075 lo
1302 3054 1464 3080 troviiliuopii'l
1475 3054 1532 3075 tardi
1543 3054 1674 3075 illeilll)1'‹›di
1687 3053 1709 3074 S.
1723 3053 1745 3073 l‘,
1757 3052 1833 3073 iiiCicl
1850 3053 1872 3072 (1·
1883 3059 1932 3074 nm,

1918 3105 1930 3123 Ιῐ
