2347 3444
290 214 350 245 188

284 348 390 379 tribus
415 347 564 379 eiusdem
591 348 713 379 sachos
739 348 825 379 duos
851 347 1031 388 papienses
1056 345 1221 381 frumenti,
1247 345 1432 376 solvendos
1460 345 1549 376 omni
1576 353 1664 376 anno
1691 345 1721 375 in
1748 347 1942 385 perpetuum
1970 354 2027 385 per
2053 345 2100 376 in-

284 410 495 451 frascriptum
521 411 593 441 eius
619 410 744 441 domini
772 410 940 441 testatoris
967 409 1119 440 heredem
1147 408 1197 439 vel
1225 408 1374 444 heredes,
1401 416 1474 438 cum
1502 408 1563 438 lioc
1590 407 1681 446 quod
1708 407 1771 446 ipsi
1798 407 1923 437 domini
1951 405 2044 437 Prior
2069 409 2099 438 et

285 472 402 504 fratres
427 473 576 504 eiusdem
603 472 741 503 ecclesie
768 475 939 503 teneantur
963 474 993 501 et
1019 470 1161 501 debeant
1187 470 1276 500 omni
1303 469 1492 500 ebdomada
1519 469 1548 499 in
1577 470 1772 508 perpetuum
1809 468 1966 499 celebrari
1993 468 2100 499 tacere

286 535 408 566 missas
434 535 519 566 duas
545 544 604 575 pro
629 535 739 565 anima
767 534 873 574 ipsius
899 533 1023 563 domini
1051 531 1219 562 testatoris
1243 533 1274 561 et
1300 530 1531 562 defuncturum
1570 538 1705 561 suorum
1732 530 1774 560 ad
1802 530 1907 570 ipsam
1938 530 2100 570 capellam

287 598 391 628 sancti
418 597 582 637 Nicholay
609 597 648 628 de
675 595 864 627 Tolentino.

978 767 1419 808 CCCLXXXVII.

376 889 402 916 11
430 888 551 916 Priore
577 887 749 915 Generale
775 887 863 914 frate
890 886 1061 914 Giacomo
1087 886 1254 922 d'Aquila
1281 893 1437 922 approva
1462 885 1510 921 gli
1536 885 1599 913 atti
1625 885 1680 914 del
1699 885 1861 922 Capitolo
1880 885 2103 915 Provinciale

288 942 322 970 di
349 941 577 973 Lombaffiia,
605 940 784 968 celebrato
811 939 845 967 in
870 939 973 968 Lodi.

962 1043 1111 1073 1474,
1131 1043 1230 1074 giu
1237 1050 1368 1075 gru),
1389 1043 1440 1068 7.

802 1141 878 1162 (Aren.
896 1141 976 1161 Notar.
994 1140 1015 1161 di
1033 1140 1111 1161 Pavia.
1129 1152 1151 1154 -
1169 1141 1216 1161 Atti
1233 1141 1254 1161 di
1271 1140 1393 1161 Gunilorto
1409 1140 1585 1166 Strazzapanii.

375 1325 460 1442 F
535 1343 655 1372 RATER
681 1338 821 1370 lacobus
847 1338 887 1369 de
914 1338 1046 1378 Aquila,
1073 1347 1164 1370 sacre
1191 1338 1358 1379 theologie
1385 1337 1565 1378 professor,
1593 1337 1767 1370 Generalis
1793 1337 1930 1370 Ordinis
1971 1338 2106 1370 fratrum

558 1401 797 1433 Heremitarum
835 1401 939 1432 sancti
978 1400 1168 1441 Augustini,
1195 1400 1269 1432 licet
1295 1401 1488 1438 immeritus,
1526 1400 1775 1432 venerabilibus
1808 1401 1889 1432 viris
1915 1401 1945 1432 in
1972 1399 2108 1433 Christo

410 1500 523 1503 ἐι*
557 1464 656 1495 nobis
682 1464 813 1494 dilectis
840 1463 1024 1503 Magistris,
1052 1462 1224 1494 Prioribus
1250 1472 1287 1494 ac
1315 1462 1484 1494 Fratribus
1511 1463 1566 1503 qui
1593 1462 1725 1494 fuerunt
1743 1463 1783 1493 de
1802 1472 1940 1503 corpore
1959 1461 2106 1503 Capituli

294 1527 416 1563 Laude,
442 1536 530 1558 anno
557 1525 691 1558 Domini
723 1526 805 1556 1474
831 1526 936 1565 prima
963 1525 1043 1556 Maii
1082 1525 1248 1562 celebrati,
1286 1526 1435 1557 eiusdem
1473 1524 1611 1557 Ordinis
1636 1534 1673 1556 ac
1699 1525 1778 1563 voti,
1816 1525 1956 1556 salutem
1984 1525 2014 1556 in
2042 1524 2110 1556 Do-

292 1591 381 1622 mino
408 1590 656 1629 sempiternam.

381 1651 645 1683 Postulationem
674 1654 816 1681 vestram
845 1650 1033 1681 unanimem
1060 1650 1101 1681 ad
1129 1649 1396 1681 Provincialatus
1433 1650 1578 1681 officium
1607 1651 1637 1681 in
1665 1650 1888 1681 venerabilem
1916 1651 2109 1691 magistrum

293 1715 472 1746 loliannem
500 1713 654 1745 lacobum
682 1713 722 1744 de
748 1711 924 1753 Campixe,
962 1716 1131 1752 tamquam
1159 1713 1199 1743 de
1232 1713 1363 1753 ydonea
1402 1721 1544 1753 persona
1582 1713 1789 1744 admittimus
1814 1715 1844 1744 et
1870 1713 1910 1744 de
1937 1713 2011 1753 ipso
2039 1722 2114 1753 pro-

292 1779 394 1809 vinti:
433 1782 543 1807 nostre
583 1776 780 1807 Lombardie
819 1775 1047 1815 providemus.
1085 1774 1314 1806 Diffinitiones
1351 1784 1468 1806 omnes
1502 1784 1580 1806 vero
1606 1775 1758 1816 singulas
1783 1784 1820 1806 ac
1846 1775 2113 1815 supplicationes

293 1841 388 1871 datas
427 1849 483 1880 per
522 1839 650 1869 ludices
688 1837 876 1870 Causarum
902 1840 1127 1878 acceptamus,
1153 1837 1385 1878 approbamus
1421 1840 1452 1868 et
1489 1840 1601 1869 tenore
1635 1838 1837 1878 presentium
1864 1838 2110 1869 confirmamus.

293 1902 392 1940 Quod
419 1901 561 1932 otritnnn
589 1903 621 1932 ut
647 1900 868 1931 favorabilius
888 1901 959 1940 ipse
979 1901 1230 1940 prenominatus
1250 1901 1406 1941 magister
1433 1899 1596 1931 lohannes
1623 1899 1763 1931 lacobus
1790 1900 1989 1940 pleniusque
2015 1908 2108 1931 exer—

293 1974 365 1996 cere
393 1964 511 2004 possit,
550 1962 780 2003 infrascriptas
817 1963 880 1993 sibi
918 1961 1122 1993 conferimus
1160 1964 1354 2003 potestates,
1393 1962 1567 1994 videlicet:
1606 1961 1738 2003 Septies
1763 1971 1836 1993 cum
1871 1963 1942 1993 suis
1968 1962 2114 1993 subditis

294 2036 394 2067 super
420 2026 549 2057 macula
576 2025 827 2065 irregularitatis
854 2025 883 2055 in
910 2025 1047 2056 casibus
1072 2024 1113 2055 ad
1141 2033 1203 2056 nos
1229 2024 1472 2065 pertinentibus
1491 2025 1687 2065 dispensare
1713 2025 1843 2063 valeat;
1869 2023 1987 2055 fratres
2012 2032 2115 2064 quos—

293 2097 436 2128 cumque
462 2088 525 2119 sibi
553 2087 720 2125 subditos,
747 2087 818 2118 sive
846 2086 978 2118 Priores
1015 2087 1086 2118 sive
1123 2087 1364 2127 cuiuscumque
1401 2087 1538 2118 alterius
1574 2087 1709 2127 gradus,
1735 2087 1761 2117 si
1789 2095 1876 2126 opus
1901 2085 2008 2123 fuerit,
2036 2086 2115 2117 visi-

294 2155 372 2188 tare,
398 2151 586 2187 emendare,
612 2150 840 2190 penitentiare,
868 2150 1079 2185 incarcerare,
1105 2150 1405 2186 excommunicare,
1424 2149 1601 2180 absolvere
1619 2149 1716 2180 etiam
1735 2158 1752 2180 a
1771 2149 1906 2180 crimine
1931 2149 2113 2189 apostasie,

295 2216 421 2254 septem
448 2214 623 2253 apostatas
648 2213 804 2252 recipere,
832 2212 1014 2242 iuramenta
1041 2214 1198 2252 prestare,
1226 2212 1384 2243 vicarium
1412 2221 1512 2243 unum
1540 2212 1590 2243 vel
1618 2211 1740 2252 plures,
1767 2212 1793 2243 si
1821 2220 1908 2252 opus
1932 2210 2040 2248 fuerit,
2068 2211 2115 2241 in-

296 2277 441 2313 stituere,
468 2274 600 2306 Priores
626 2283 858 2314 quoscumque
884 2274 1053 2305 demeritis
1079 2274 1336 2314 precedentibus
1362 2275 1492 2314 privare
1518 2276 1548 2305 et
1575 2274 1615 2305 de
1634 2283 1722 2305 novo
1742 2274 1921 2311 instituere,
1949 2273 2113 2304 licentiam

297 2347 412 2369 sacros
439 2336 584 2369 Ordines
610 2337 816 2377 suscipiendi
845 2344 1077 2376 quoscumque
1103 2336 1263 2367 conferre.
1290 2336 1328 2367 Et
1354 2337 1486 2368 tandem
1525 2337 1588 2368 sibi
1614 2336 1830 2368 concedimus
1856 2337 1967 2367 omnia
1993 2337 2023 2367 et
2048 2336 2116 2367 sin-

296 2401 373 2441 gula
399 2409 463 2440 que
489 2400 553 2431 sibi
580 2408 668 2431 anno
694 2401 814 2430 exacto
840 2402 870 2430 et
896 2399 1154 2439 predecessores
1180 2399 1242 2436 sui,
1269 2399 1352 2430 ultra
1378 2399 1442 2430 sibi
1469 2400 1624 2440 superius
1649 2407 1820 2433 concessa,
1851 2399 1938 2430 soliti
1966 2400 2042 2430 sunt
2067 2397 2116 2429 fa—

296 2472 368 2493 cere
393 2465 423 2493 et
450 2462 582 2498 babere,
609 2462 639 2492 in
667 2461 810 2492 Nomine
837 2460 944 2492 Patris
970 2464 1000 2492 et
1027 2461 1098 2492 Filii
1125 2464 1156 2492 et
1182 2460 1326 2502 Spiritus
1352 2460 1474 2499 Sancti,
1502 2461 1616 2493 Amen.
1644 2460 1869 2502 Precipientes
1901 2461 2059 2492 omnibus
2083 2462 2114 2491 et

297 2524 439 2565 singulis
467 2523 646 2561 Fratribus,
674 2523 847 2554 Prioribus
872 2525 903 2554 et
929 2532 994 2554 non
1023 2522 1205 2561 Prioribus,
1231 2524 1404 2563 graduatis
1429 2526 1459 2554 et
1485 2533 1550 2554 non
1577 2523 1758 2564 graduatis,
1775 2524 1805 2554 in
1825 2524 1975 2554 meritum
2002 2524 2114 2554 sancte

297 2586 486 2617 obedientie
512 2589 542 2616 et
568 2586 631 2616 sub
658 2594 742 2626 pena
781 2588 892 2617 nostre
930 2585 1132 2623 rebellionis,
1172 2588 1338 2626 quatenus
1376 2586 1607 2626 prenominato
1645 2586 1804 2626 magistro
1831 2585 1967 2616 Iohanni
1995 2584 2114 2616 Iacobo

298 2652 466 2688 tamquam
495 2648 592 2678 nobis
618 2648 787 2679 obediant.
815 2647 1048 2679 lnobedientes
1074 2657 1153 2678 vero
1179 2650 1209 2679 et
1235 2648 1375 2679 rebelles
1402 2649 1432 2679 in
1459 2648 1766 2688 supranominatam
1805 2657 1923 2688 penam
1958 2647 2114 2678 volumus

298 2714 327 2742 et
354 2711 562 2742 declaramus
600 2711 674 2750 ipso
711 2710 797 2741 tacto
836 2711 1024 2742 incurrisse.
1063 2710 1241 2742 Hortantes
1277 2711 1445 2742 caritatem
1483 2719 1576 2742 suam
1604 2712 1637 2741 ut
1662 2711 1784 2742 cultum
1812 2711 1973 2747 divinum,
2000 2718 2113 2750 pacem

299 2773 458 2809 Fratrum,
483 2773 772 2803 conservationem
799 2773 994 2813 ampliorem
1015 2773 1178 2804 bonorum
1198 2773 1430 2813 temporalium
1449 2776 1480 2804 et
1499 2782 1555 2813 pre
1573 2773 1690 2804 ceteris
1710 2773 1872 2804 bonorum
1892 2772 2113 2813 spiritualium

299 2838 329 2866 et
355 2844 482 2866 morum
508 2835 786 2875 compositionem
814 2835 928 2866 maiori
956 2844 1021 2875 qua
1048 2835 1157 2866 valeat
1183 2835 1355 2876 diligentia
1381 2835 1513 2867 studeat
1539 2844 1725 2875 procurare.
1753 2835 1890 2876 Insuper
1907 2835 2113 2866 ellectionem

301 2898 488 2928 unaminem
527 2896 727 2928 Dittinitoris
768 2896 866 2927 futuri
909 2895 1055 2937 Capituli
1094 2896 1269 2929 Generalis
1307 2898 1337 2929 in
1376 2897 1598 2929 venerabilem
1640 2899 1833 2939 magistrum
1876 2898 2032 2929 Lazarum
2074 2896 2114 2928 de

303 3054 356 3075 ditio
373 3055 399 3075 ⁴le
416 3054 495 3078 Surso.
512 3054 571 3075 dalla
583 3054 618 3075 cui
630 3054 710 3075 scuola
727 3054 834 3074 uscirono
851 3053 1077 3079 Angeloe'l'ihunio
1090 3054 1176 3079 Maino,
1233 3054 1294 3076 Coro
1310 3055 1346 3076 del
1362 3057 1443 3076 nostro
1459 3054 1481 3076 S.
1498 3056 1619 3081 Agostino,
1636 3056 1649 3076 il
1666 3055 1795 3077 Cristoforo
1819 3056 1910 3080 Recclii,
1927 3056 1940 3076 il
1957 3056 2062 3081 Fugazza
2082 3056 2110 3077 ed

305 3098 418 3122 Aeostino
435 3098 549 3123 Bigarelli,
565 3099 606 3119 che
622 3098 731 3118 vedrcino
747 3098 781 3118 nel
800 3097 850 3118 1506
872 3098 991 3122 intagliare
1008 3098 1020 3118 il
1038 3098 1180 3119 riecliissiiuo
1235 3100 1286 3120 altri
1302 3099 1386 3125 artisti,
1402 3105 1467 3120 come
1476 3100 1582 3125 apparira
1595 3101 1629 3121 nel
1639 3101 1710 3121 citato
1721 3100 1806 3122 Codice
1823 3101 1936 3121 Artisssco
1945 3101 1970 3121 di
1981 3100 2060 3121 Paria.
