2347 3444
1879 180 1922 212 23

109 308 220 339 omnia
246 310 384 348 peccata
410 315 482 345 sua,
508 316 595 347 quae
621 316 680 347 per
705 316 838 338 omnem
864 309 1005 338 aetatem
1032 307 1254 345 commiserat;
1279 308 1404 348 quibus
1430 309 1607 350 diligenter
1624 310 1791 342 confessis
1810 320 1923 343 sacra-

111 361 299 401 mentisque
326 360 497 392 Ecclesiae
524 360 743 392 devotissime
769 360 950 400 susceptis,
977 360 1135 392 membris
1161 361 1319 392 omnibus
1344 362 1395 392 sui
1415 363 1567 402 corporis
1586 363 1774 401 incolumis,
1794 365 1922 405 integro

109 425 249 463 aspectu
276 424 377 462 atque
403 422 530 459 auditu⁷
557 431 639 454 sana
665 424 785 460 mente,
811 431 964 462 sanoque
990 422 1142 458 consilio,
1169 424 1352 454 extremam
1391 424 1505 455 horam
1544 425 1683 456 veniens
1708 425 1922 457 adstantibus

111 486 182 517 suis
208 487 238 516 et
263 483 363 516 Clero
400 484 635 524 psallentibus,
674 484 821 516 ultimam
860 493 986 522 vocem,
1013 484 1139 516 scilicet
1165 485 1196 515 in
1221 493 1339 516 manus
1364 487 1438 516 tuas
1463 486 1604 517 Domine
1638 487 1828 518 commendo
1857 488 1925 528 spi-

110 548 204 578 rttum
230 555 346 583 meum,
372 555 446 577 cum
474 546 591 586 spiritu
619 545 768 578 Creatori
796 555 858 578 suo
884 546 1040 584 reddidit,
1066 555 1084 577 a
1109 555 1177 586 quo
1202 549 1390 587 acceperat,
1416 548 1457 578 ad
1485 548 1586 579 sedes
1616 549 1776 588 pacificas
1815 549 1927 589 Ange-

113 608 228 645 lorum,
249 610 281 639 ut
300 608 353 648 pie
372 608 550 645 credimus,
577 608 639 639 iam
667 608 840 648 perlatum,
868 609 922 639 ubi
950 607 1010 639 Dei
1038 608 1301 639 misericordiam
1328 611 1359 640 et
1384 608 1526 640 salutem
1552 610 1683 641 animae
1709 619 1790 642 suae
1810 611 1927 642 inven-

112 672 177 701 tam
205 670 307 701 multo
332 670 432 700 ditior
456 669 607 707 effectus,
633 679 733 709 quam
760 671 939 710 quisquam
967 669 1092 711 Regum
1120 679 1194 701 cum
1233 671 1368 710 pompis
1405 671 1476 701 suis
1514 672 1683 709 omnibus,
1721 673 1804 703 inter
1841 681 1926 712 quas

112 732 203 763 coeci
230 731 440 771 superbiunt,
473 732 594 771 suique
628 731 779 763 Ducatus
806 732 956 763 habenas
994 732 1224 763 nobilissimae
1251 732 1334 772 proli
1370 741 1462 770 suae,
1500 734 1801 773 strenuissimoque
1840 743 1927 765 nunc

112 793 195 825 Duci
224 793 530 824 Mediolanensium
557 794 722 834 regendas
748 802 785 825 ac
812 794 1035 825 moderandas
1063 794 1200 825 feliciter
1225 794 1367 834 reliquit,
1394 804 1482 826 nunc
1507 797 1628 826 cuncta
1654 805 1695 827 ex
1715 796 1782 827 alto
1815 796 1929 836 despi-

112 857 215 888 ciens.
243 855 336 887 Patet
363 856 462 896 igitur
487 864 565 895 pars
592 858 705 887 nostra
732 857 839 887 minor
864 857 1015 896 probata,
1043 856 1208 895 videlicet,
1246 857 1336 896 quod
1371 856 1449 888 Dux
1488 859 1600 888 noster
1637 858 1781 898 inclytus
1819 860 1927 890 mente

112 918 207 949 coelo
233 917 368 948 deditus
394 918 519 948 aeterni
547 916 652 948 Ducis
679 918 775 957 signa
802 918 938 950 mirifice
963 920 1013 950 est
1039 920 1214 958 sequutus.
1246 918 1333 960 Ergo
1359 919 1443 950 bene
1481 919 1701 957 concluditur,
1738 920 1828 960 quod
1869 929 1930 960 po—

112 979 178 1011 suit
204 988 290 1015 eum,
317 978 447 1010 scilicet
473 978 578 1015 Deus,
605 978 732 1010 Ducem
761 979 925 1011 Virtutum
954 981 1196 1018 universarum,
1223 981 1314 1020 quod
1341 980 1401 1012 fuit
1431 981 1653 1020 probandum.
1676 980 1806 1013 Corona
1829 982 1929 1021 igitur

113 1050 213 1072 aurea
239 1049 337 1081 super
359 1043 458 1081 caput
481 1041 551 1072 eius
576 1050 731 1081 expressa
757 1042 854 1081 signo
879 1043 1072 1077 sanctitatis,
1100 1042 1232 1083 gloriae,
1260 1042 1393 1074 lionoris
1418 1044 1449 1074 et
1472 1051 1555 1083 opus
1584 1042 1809 1083 fortitudinis,
1849 1044 1932 1075 scri-

114 1103 202 1134 bitur
228 1103 458 1134 Ecclesiastici
486 1102 551 1134 Xll.
579 1102 664 1134 Duci
691 1112 770 1144 ergo
797 1106 911 1135 nostro
938 1105 1173 1144 persolvamus
1200 1105 1279 1136 illud
1307 1105 1528 1136 Maroneum:

247 1165 281 1196 ln
300 1165 389 1206 freta
415 1165 490 1196 aium
510 1165 608 1205 fluvii
631 1168 763 1202 current,
791 1166 867 1197 dum
892 1167 1056 1198 montibus
1080 1167 1213 1198 umbrae

249 1227 453 1263 Lustrabunt,
481 1236 627 1258 convexa
649 1228 748 1268 polus
772 1228 848 1259 a'um
873 1228 981 1260 sidera
1003 1231 1126 1269 pascet,

249 1288 385 1329 Semper
406 1289 511 1320 nonos
535 1288 674 1330 (inclyte
700 1288 794 1329 Dux)
819 1299 999 1330 nomenque
1024 1293 1121 1327 tuum,
1149 1291 1328 1331 laudesque
1353 1290 1538 1322 manebunt.

181 1350 300 1383 Gaude
327 1360 416 1392 ergO,
444 1351 625 1392 Magnifice
651 1351 741 1390 Dux,
769 1352 891 1393 dignus
917 1355 1050 1384 aeterna
1079 1353 1255 1384 memoria:
1284 1354 1400 1384 iterum
1427 1353 1504 1384 dico
1530 1353 1640 1394 gaude
1666 1354 1707 1385 de
1733 1354 1863 1385 caduco
1900 1356 1930 1385 te

115 1414 292 1455 fragilique
319 1415 468 1445 dominio
494 1414 535 1445 ad
563 1415 719 1452 coeleste,
747 1417 781 1446 ut
807 1416 860 1455 pie
886 1416 1065 1453 credimus,
1092 1415 1299 1453 translatum,
1341 1424 1471 1456 nosque
1499 1425 1563 1447 una
1590 1417 1699 1447 tecum
1726 1416 1766 1447 ad
1794 1416 1930 1448 easdem

115 1476 227 1514 sedes,
254 1476 331 1507 dum
360 1478 493 1516 tempus
518 1477 634 1515 aderit,
660 1477 725 1508 duc
751 1477 978 1515 felicissimas,
1005 1478 1046 1509 ad
1073 1486 1159 1518 quas
1184 1478 1340 1518 dignetur
1377 1477 1573 1509 Altissimus
1599 1486 1661 1509 nos
1687 1487 1806 1509 omnes
1844 1480 1933 1510 tran-

116 1537 230 1576 sferre,
256 1539 312 1578 qui
339 1540 390 1570 est
416 1539 614 1570 benedictus
641 1539 672 1569 in
699 1539 814 1570 secula
840 1539 1041 1577 seculorum,
1068 1538 1184 1571 Amen.

944 1712 1117 1752 CXLI.

204 1829 444 1865 Disposizioni
480 1829 748 1857 testamentarie
786 1829 820 1857 di
858 1829 999 1858 Pierina
1036 1830 1129 1858 della
1167 1830 1302 1858 Gionca
1328 1839 1347 1858 a
1373 1830 1495 1859 favore
1532 1830 1626 1866 degli
1663 1830 1858 1858 Eremitani
1896 1830 1930 1858 di

116 1882 150 1915 S.
175 1882 362 1918 Agostino.

767 1979 842 2002 14(
849 1978 918 2009 )3‚
950 1984 1055 2002 nmo
1062 1985 1170 2007 rzo,
1201 1979 1220 2002 1
1227 1979 1279 2003 O.

633 2075 733 2099 (Archiv.
750 2075 830 2096 Notas.
847 2075 868 2095 di
886 2075 955 2096 Pavia
970 2086 995 2088 ῌ
1011 2075 1058 2096 Atti
1074 2075 1095 2095 di
1112 2075 1221 2095 Anselmo
1237 2075 1265 2095 da
1281 2075 1421 2099 Toredano).

131 2279 133 2309 3
189 2268 298 2383 T
354 2286 594 2328 QESTAMENTO
619 2281 705 2312 della
731 2281 866 2311 domina
892 2279 1035 2311 Pedrina
1073 2280 1113 2311 de
1151 2279 1325 2311 Lazoncha
1362 2280 1429 2311 filia
1467 2280 1637 2320 quondam
1674 2280 1800 2311 domini
1840 2280 1931 2311 Mar-

131 2328 133 2360 Ι
352 2329 355 2376 Ι
382 2344 440 2375 tini
466 2345 497 2375 et
523 2343 635 2375 relicta
661 2342 831 2383 quondam
858 2342 985 2373 Batiste
1011 2342 1052 2373 de
1078 2342 1279 2383 Verungola‚
1305 2342 1450 2373 abitante
1475 2343 1508 2373 in
1541 2341 1649 2373 Pavia
1667 2342 1698 2373 in
1731 2341 1931 2374 Parrocctzia

131 2391 133 2443 Ι
300 2387 354 2443 „J
382 2406 416 2437 a'i
441 2405 474 2438 S.
500 2406 642 2437 Maltino
680 2405 761 2436 foris
800 2406 940 2445 portam.
967 2404 1031 2435 Fra
1056 2404 1084 2435 le
1109 2404 1189 2436 altre
1225 2405 1443 2445 ‹iisposizioni
1478 2404 1583 2436 [ascia
1609 2413 1629 2435 a
1662 2404 1834 2436 Venturina
1870 2414 1931 2436 sua

114 2471 257 2500 servante
283 2470 384 2500 trenta
403 2467 525 2508 fiorini,
554 2467 750 2502 bianclzeria,
778 2476 794 2498 e
819 2466 1044 2497 l'abiiazione
1068 2466 1155 2497 nella
1179 2475 1241 2497 sua
1266 2475 1346 2497 casa
1372 2467 1403 2498 [n
1429 2465 1627 2497 Parroccln'a
1653 2465 1688 2497 cli
1712 2465 1744 2498 S.
1772 2466 1929 2507 Epifanio

115 2540 174 2563 con
200 2531 271 2562 tutli
294 2531 370 2570 quei
392 2529 507 2561 mobili
541 2529 599 2561 clze
635 2529 698 2560 sibi
739 2528 920 2560 necessarii
959 2528 1180 2559 decernentur
1216 2537 1275 2568 per
1313 2528 1560 2568 infrascriptum
1599 2528 1771 2559 dominum
1798 2528 1931 2559 fratrem

116 2592 294 2624 Petrum...
321 2592 399 2623 ltem
425 2591 517 2623 dedit
542 2593 574 2622 et
600 2591 765 2631 legavit...
793 2590 855 2630 ipsi
882 2590 1019 2621 domino
1056 2589 1146 2620 fratri
1184 2589 1283 2621 Petro
1309 2590 1350 2621 de
1375 2588 1568 2621 Cerredano
1606 2588 1744 2621 Ordinis
1783 2589 1933 2621 Heremi-

115 2657 233 2693 tarum,
260 2655 381 2686 lectum
408 2662 509 2684 unum
536 2653 577 2684 de
603 2653 689 2684 tellis
717 2654 857 2692 septem,
884 2653 991 2692 ipsius
1018 2652 1208 2690 testatricis,
1223 2661 1298 2683 cum
1319 2651 1491 2692 plumatio,
1511 2651 1770 2683 lenteanimibus
1789 2654 1932 2692 quatuor

114 2717 157 2748 ab
183 2717 258 2757 ipso
284 2716 379 2754 lecto,
406 2716 594 2756 copertorio
620 2724 686 2746 uno
712 2714 797 2750 telle,
825 2714 1014 2754 copertorio
1040 2723 1106 2745 uno
1133 2715 1233 2754 panni
1262 2714 1346 2753 lane,
1373 2714 1561 2754 copertorio
1589 2723 1655 2745 uno
1681 2714 1829 2754 pellium,
1855 2723 1930 2745 cum

114 2779 259 2817 lecteria,
285 2778 419 2810 testeria
445 2780 476 2809 et
503 2778 656 2815 banchis,
682 2777 907 2809 existentibus
933 2776 973 2807 ad
1000 2776 1123 2807 dictam
1150 2776 1318 2808 lecteriam
1345 2778 1376 2808 et
1402 2777 1464 2808 hoc
1491 2785 1552 2816 pro
1577 2778 1647 2807 toto
1686 2778 1837 2816 tempore
1863 2777 1929 2808 vite

114 2841 222 2881 ipsius
260 2840 385 2871 domini
424 2839 535 2872 fratris
573 2839 660 2871 Petri
698 2840 839 2876 tantum,
865 2840 896 2869 et
921 2847 983 2878 pro
1009 2838 1118 2878 ipsius
1145 2838 1408 2870 necessitatibus
1434 2839 1465 2870 et
1491 2838 1755 2876 infirmitatibus,
1782 2840 1813 2869 et
1839 2838 1930 2878 quod

114 2904 191 2943 post
218 2902 326 2942 ipsius
351 2902 477 2933 domini
514 2901 625 2932 fratris
662 2900 749 2932 Petri
787 2900 979 2937 decessum,
1013 2900 1124 2931 omnia
1149 2902 1179 2931 et
1206 2900 1340 2941 singula
1365 2900 1457 2932 dedit
1483 2901 1513 2931 et
1539 2899 1707 2940 legavit...‚
1734 2909 1795 2940 pro
1820 2900 1930 2931 anima

114 2966 145 2996 et
171 2964 202 2995 in
230 2963 425 2995 remissione
451 2964 666 3004 peccatorum
692 2962 801 3003 ipsius
827 2962 1006 2993 testatricis
1032 2963 1063 2993 et
1088 2961 1259 3001 quondam
1297 2962 1403 2993 mariti
1430 2962 1493 2999 sui,
1520 2961 1697 2992 infirmarie
1735 2961 1822 2992 idest
1856 2960 1930 2992 loco

115 3026 277 3066 deputato
302 3034 362 3066 pro
388 3025 527 3057 infirmis
553 3025 584 3056 in
610 3024 754 3056 ecclesia
780 3032 841 3055 seu
869 3024 899 3055 in
926 3023 1085 3055 domibus
1111 3023 1219 3063 ipsius
1249 3023 1391 3055 ecclesie
1429 3023 1615 3055 beatissimi
1641 3022 1822 3063 Augustini
1849 3022 1931 3053 civi-
