2347 3444
297 229 362 260 302

1119 440 1299 480 DLIII.

382 549 433 577 La
459 548 645 577 Comunita
672 550 705 578 di
733 550 767 578 S.
796 549 906 577 Paolo
931 549 1050 584 elegge
1077 549 1086 576 i
1113 548 1191 576 suoi
1219 549 1458 577 Procuratori.

965 671 1106 701 1401,
1135 670 1345 701 opt-110,
1374 671 1434 696 7.

793 759 869 779 1ΑτςΙι4
887 759 966 779 Notat.
983 758 1005 778 di
1023 758 1101 778 Pavia,
1118 769 1142 772 -
1159 758 1206 779 Atti
1223 758 1244 778 di
1261 758 1374 781 Giovanni
1392 760 1469 781 Pietro
1486 760 1587 781 lntodelli
1606 778 1608 781 ,

394 943 439 1057 Ι
536 962 557 987 Ν
585 957 788 987 monasterio
814 957 918 987 sancti
947 955 1052 993 Pauli,
1078 955 1217 988 Ordinis
1244 957 1530 988 Heremitanoruin
1569 958 1674 988 sancti
1709 956 1887 998 Augustini
1915 958 1955 988 de
1981 956 2106 989 Obser-

559 1019 686 1053 vancia.
714 1019 868 1050 videlicet
896 1020 925 1049 in
953 1020 1104 1050 sacristia
1142 1020 1360 1060 suprascripti
1401 1020 1638 1051 monasterii...
1675 1018 1919 1052 Convocato....
1955 1021 2104 1061 capitulo

557 1081 633 1112 dicti
662 1082 898 1113 monasterii...
926 1082 966 1113 (16
993 1082 1194 1113 mandato...
1222 1082 1425 1114 venerabilis
1451 1083 1576 1113 doinini
1604 1082 1714 1114 fratris
1741 1082 1905 1114 Francisci
1933 1084 1973 1114 (16
2000 1082 2103 1124 Papia

289 1141 347 1172 Dei
374 1144 483 1181 gracia
512 1142 636 1174 Prioris
663 1145 882 1184 suprascripti
910 1145 1115 1181 monasterii,
1143 1146 1173 1175 in
1201 1154 1268 1184 quo
1293 1145 1442 1185 capitulo
1467 1144 1691 1176 adfuerunt...
1719 1145 1791 1185 ipse
1822 1145 1979 1177 dominus
2010 1145 2103 1177 Prior

287 1208 317 1234 ct
344 1214 406 1235 una
433 1214 506 1236 cuin
534 1215 573 1236 eo
601 1206 801 1246 infrascripti
840 1207 965 1237 domini
1006 1207 1216 1238 venerabiles
1253 1207 1371 1238 fratres
1409 1208 1563 1238 videlicet
1600 1207 1699 1238 frater
1724 1206 1903 1239 Cornelius
1930 1209 1969 1239 de
1996 1208 2099 1240 Biella

289 1267 443 1303 vicarius,
470 1267 569 1299 frater
597 1268 791 1300 Leonai·dus
817 1269 857 1300 de
884 1268 1003 1307 Coun),
1018 1269 1117 1300 frater
1133 1269 1297 1300 loliannes
1324 1269 1442 1301 Petrus
1468 1270 1508 1301 (16
1535 1269 1650 1310 Papia,
1677 1269 2037 1303 traterConstantinus
2062 1271 2102 1303 de

287 1329 535 1371 Martincnglto,
562 1330 659 1361 fratcr
678 1330 917 1371 Siinplicianus
936 1332 976 1363 de
995 1331 1193 1369 Garlascho,
1213 1332 1311 1364 frater
1330 1332 1561 1373 Arcliangclus
1591 1333 1630 1364 de
1661 1332 1813 1371 Trivilio‚
1839 1333 1938 1364 frater
1966 1332 2101 1365 Gabriel

286 1391 326 1421 de
354 1391 463 1427 lanua,
490 1392 589 1424 frater
616 1393 759 1424 Micliael
787 1394 827 1424 dc
855 1394 1005 1429 Mantua,
1032 1394 1130 1425 frater
1149 1394 1371 1426 Sebastianus
1398 1395 1438 1426 de
1464 1394 1632 1431 Terdona,
1652 1395 1750 1426 frater
1769 1395 1904 1426 Marcus
1923 1396 1962 1426 de
1982 1395 2102 1431 Axola,

286 1453 383 1484 frater
410 1454 612 1486 Theodorus
639 1456 678 1486 (16
706 1455 820 1496 Papia,
848 1455 946 1487 trater
973 1456 1144 1497 Eugenius
1169 1458 1209 1488 de
1238 1456 1352 1497 Papia,
1379 1457 1477 1488 frater
1504 1457 1739 1488 Bonaventura
1767 1458 1806 1489 (16
1833 1457 1985 1495 Τ11ν1110,
2004 1457 2103 1489 frater

285 1516 487 1548 Fortunatus
513 1517 552 1548 (16
580 1517 695 1555 ssiclla,
722 1518 821 1549 frater
847 1518 1023 1549 Dionisius
1042 1519 1082 1550 (16
1101 1518 1220 1555 Conio,
1247 1519 1346 1550 frater
1365 1519 1530 1560 Agabitus
1549 1520 1589 1550 (16
1608 1520 1778 1555 Vercellis,
1798 1519 1896 1551 frater
1916 1519 2103 1560 Perpetuus

284 1579 324 1610 de
352 1578 456 1619 Papia
482 1582 512 1610 61
538 1579 637 1611 frater
664 1580 830 1611 lohannes
857 1580 972 1612 Bonus
999 1582 1039 1612 (16
1066 1581 1226 1619 Taurino,
1253 1590 1370 1613 ornnes
1397 1581 1515 1613 fratres
1542 1582 1685 1622 professi
1713 1583 1790 1613 dicti
1827 1583 2030 1620 monasterii,
2056 1581 2104 1613 fa-

283 1643 409 1673 cientes
434 1645 464 1673 et
491 1645 760 1682 representantcs
786 1646 890 1674 totuin
918 1645 948 1674 et
975 1645 1138 1684 integrum
1165 1643 1404 1684 Capituluin....
1431 1644 1592 1685 eleggono
1615 1645 1822 1684 procuratori
1844 1644 1898 1676 ciel
1924 1643 2100 1681 Convento,

286 1704 448 1744 prefatum
476 1705 648 1736 doininuin
676 1704 835 1743 Priorem,
862 1706 1033 1737 dominum
1061 1706 1192 1737 fratrem
1220 1705 1425 1745 Cornelium,
1444 1707 1616 1738 dominum
1636 1706 1768 1738 fratrem
1796 1707 2015 1745 Leonarduin,
2041 1707 2102 1738 do-

285 1767 408 1798 ininuin
435 1767 567 1798 fratrem
595 1767 774 1799 loliannern
803 1767 934 1799 Petrum
962 1769 1002 1799 de
1030 1768 1134 1809 Papia
1160 1771 1191 1800 et
1217 1769 1389 1800 dominum
1416 1768 1549 1800 fratrem
1577 1767 1831 1809 Simplicianuin
1859 1769 1899 1800 de
1914 1768 2102 1801 Garlasclio

280 1837 342 1869 per
363 1829 395 1860 la
423 1829 589 1861 ordinaria
617 1831 920 1862 ‹iirzirziizi'str02i0ne
945 1831 999 1862 del
1025 1830 1202 1863 Conventa.

1106 1976 1286 2046 nLIV.

376 2113 403 2141 Il
429 2112 580 2149 Capitolo
606 2113 638 2141 di
663 2114 697 2142 S.
725 2113 890 2150 Agostino
916 2114 957 2142 dia
982 2114 1014 2143 in
1039 2114 1240 2144 investitura
1265 2115 1274 2143 i
1299 2115 1375 2144 beni
1400 2115 1432 2144 di
1456 2117 1651 2145 Parasacco.

949 2237 1097 2268 1491,
1127 2238 1333 2270 1t1g1109
1361 2238 1439 2263 1¹7.

849 2335 925 2359 (Arcti,
944 2335 1024 2356 Notar.
1042 2335 1063 2356 di
1081 2335 1160 2356 Ρε1111’;1Δ
1178 2346 1201 2349 -
1218 2335 1266 2356 Atti
1282 2335 1304 2356 di
1320 2335 1425 2361 Gaspare
1441 2335 1558 2357 Tacconir

392 2527 439 2641 I
534 2546 556 2571 Ν
584 2541 656 2572 loco
683 2540 865 2582 Capituli...
892 2543 1083 2574 monasterii
1111 2544 1215 2574 sancti
1243 2543 1433 2584 Augustini,
1459 2543 1512 2574 siti
1540 2543 1570 2574 in
1598 2543 1755 2574 domibus
1771 2543 1847 2575 dicti
1875 2545 2101 2576 monasterii...

557 2604 586 2634 in
614 2602 778 2635 Citadella
807 2604 941 2645 papie„
979 2604 1210 2637 Convocato...
1236 2606 1416 2646 capitulo...
1454 2606 1494 2636 de
1521 2606 1710 2636 mandam...
1749 2607 1950 2638 venerabilis
1987 2609 2017 2638 et
2050 2616 2103 2639 sa—

558 2667 679 2705 pic-ntis
705 2676 796 2698 sacre
823 2668 991 2708 theologie
1017 2668 1221 2708 professoris
1248 2669 1372 2699 domini
1400 2668 1510 2699 fratris
1537 2667 1692 2699 loliannis
1719 2668 1917 2700 Bertolainei
1952 2670 1992 2701 de
2026 2669 2102 2701 Val-

290 2727 416 2763 rnaclia,
445 2726 569 2758 l'rioris
597 2728 731 2768 prcfacti
760 2731 984 2761 monasterii...
1013 2731 1042 2761 in
1070 2740 1137 2770 quo
1164 2731 1298 2771 quidem
1325 2731 1505 2771 capitulo...
1532 2733 1607 2761 sunt
1646 2731 1717 2771 ipse
1755 2731 1912 2763 dominus
1950 2731 2043 2763 Prior
2071 2735 2101 2764 et

288 2797 360 2818 cuin
388 2798 460 2820 eo...
489 2791 698 2821 venerabiles
725 2791 849 2822 doinini
878 2793 1034 2832 magister
1061 2793 1226 2824 loliannes
1253 2793 1292 2824 (16
1319 2792 1441 2825 Sancto
1469 2792 1618 2833 Angelo,
1658 2792 1756 2824 frater
1794 2793 2023 2825 Bcrtolarneus
2060 2795 2100 2826 de

289 2848 479 2882 Castelacio
507 2852 660 2887 biblicus,
688 2852 785 2884 frater
811 2854 1020 2885 Octavianus
1046 2856 1086 2886 de
1113 2854 1230 2886 Genua
1258 2855 1368 2892 lector,
1395 2855 1492 2886 frater
1519 2854 1713 2886 Vincentius
1739 2856 1778 2886 (16
1805 2856 1955 2887 Valentia
1990 2857 2100 2894 lector,

289 2912 387 2943 frater
414 2912 624 2953 Augustinus
650 2915 689 2945 (16
716 2915 862 2946 Novaria
889 2917 1056 2956 subprior,
1094 2917 1193 2948 frater
1219 2916 1345 2948 Paulus
1371 2917 1411 2948 de
1438 2916 1552 2957 Papia,
1590 2916 1688 2948 frater
1725 2917 1881 2949 Didirnus
1918 2919 1958 2949 de
1985 2917 2099 2959 Papia,

290 2973 388 3005 irater
413 2974 592 3007 Zacharias
618 2977 658 3007 de
686 2977 881 3008 Mediolano
907 2988 1032 3015 cursor,
1059 2979 1158 3010 frater
1184 2979 1367 3010 leroniinus
1393 2979 1432 3010 de
1459 2978 1610 3010 Valentia
1629 2988 1754 3016 cursor,
1773 2980 1871 3012 trater
1904 2980 2101 3013 Desiderius

289 3036 329 3066 (16
356 3035 474 3068 Genua
500 3047 625 3076 cursor,
652 3038 750 3070 frater
775 3039 935 3071 Silvester
961 3042 1001 3072 (16
1028 3041 1189 3079 Valentia,
1227 3041 1326 3072 frater
1361 3041 1546 3072 Nieholaus
1583 3042 1623 3072 (16
1662 3041 1776 3082 Papia,
1814 3042 1913 3074 trater
1949 3043 2101 3075 Andreas

289 3098 330 3131 (16
359 3099 652 3140 MontepesulanO,
690 3101 788 3133 frater
815 3101 1054 3143 Simplicianus
1079 3104 1120 3135 de
1147 3104 1261 3135 Monte
1288 3102 1426 3141 Ortono,
1464 3103 1562 3134 frater
1600 3103 1727 3144 Pilipus
1764 3105 1804 3136 dc
1842 3105 1964 3143 Laude,
2001 3105 2100 3137 frater
