2347 3444
1955 204 2019 237 343

296 501 323 529 11
349 500 511 537 Capitolo
537 501 570 528 di
597 501 632 529 S.
659 500 827 528 Mostiola
853 499 970 528 riceve
996 499 1020 527 il
1044 503 1254 535 pagamento
1279 497 1427 526 d'affitto
1453 497 1487 526 di
1514 501 1606 525 terre
1632 497 1666 525 in
1693 497 1786 525 Sale.

804 604 964 635 1406,
994 605 1341 635 110ve11117)1·e‚
1374 603 1425 628 :3-

755 692 832 715 (Arcu.
850 692 930 712 Notat.
947 692 968 712 di
986 692 1056 713 [ἠνία
1073 703 1096 705 ξ
1113 692 1160 713 Atti
1176 692 1198 712 di
1214 692 1271 713 Gian
1287 691 1382 717 Giorgio
1398 690 1471 711 Sisti).

308 878 356 993 Ι
454 894 476 920 Ν
503 890 706 921 monasterio
733 898 790 921 seu
817 892 984 921 conventu
1012 892 1125 921 sancte
1153 890 1325 921 Mustiolle
1352 888 1488 929 Papio...
1515 887 1730 929 Congregato
1756 886 1948 927 Capitulo...
1986 886 2026 917 dc

446 942 448 947 ’
476 953 667 983 mandato..
694 952 896 983 venerabilis
923 953 1048 983 domini
1077 952 1187 983 fratris
1213 952 1404 983 Tliimotliei
1424 952 1464 982 de
1484 951 1690 987 Mediolanm
1710 949 1835 981 Prioris
1853 950 1930 980 dicti
1949 958 2029 980 con-

477 1017 607 1053 ventus,
634 1015 664 1045 in
692 1024 759 1054 quo
785 1015 920 1054 quidem
947 1015 1095 1055 capitulo
1122 1015 1254 1046 fuerunt
1279 1017 1309 1046 et
1336 1017 1412 1045 sunt
1438 1014 1589 1055 prefatus
1615 1014 1773 1045 dominus
1793 1012 1886 1044 Prior
1904 1015 2026 1043 etcum

211 1087 284 1109 eo...
311 1078 521 1109 venerabiles
547 1077 672 1108 domini
700 1077 799 1108 frater
826 1077 995 1108 Melcliion
1022 1077 1062 1108 de
1091 1077 1225 1112 Lucino,
1252 1077 1351 1108 frater
1377 1077 1587 1117 Augustinus
1613 1077 1653 1107 de
1681 1076 1709 1107 la
1736 1076 1902 1112 Ecclesia,
1929 1074 2028 1105 frater

213 1140 422 1181 Augustinus
447 1140 487 1171 de
514 1139 694 1174 Placentia.
720 1139 820 1170 frater
846 1138 964 1170 Petrus
991 1139 1030 1170 de
1056 1138 1203 1172 Canelis.
1230 1139 1330 1170 frater
1357 1139 1513 1170 Albertus
1539 1139 1579 1169 de
1607 1138 1722 1178 Papia,
1763 1137 1863 1169 frater
1901 1136 2027 1167 Paulus

212 1203 252 1234 de
280 1202 386 1237 Petra.
412 1201 512 1233 frater
539 1202 682 1233 Michael
710 1201 860 1242 Angelus
886 1201 926 1232 de
953 1200 1060 1238 Petra,
1087 1210 1204 1232 omncs
1230 1201 1348 1232 fratres
1375 1200 1518 1241 professi
1546 1201 1623 1232 dicti
1650 1202 1881 1235 conventus..,.
1920 1207 2029 1239 repre-

212 1267 383 1296 sentantes
410 1265 567 1295 maiorem
593 1266 624 1295 et
650 1264 816 1295 saniorem
844 1266 970 1304 partem
997 1263 1134 1303 capituli
1162 1264 1239 1294 dicti
1259 1266 1479 1294 conventus...
1498 1264 1647 1294 riceuono
1665 1262 1760 1302 dagli
1776 1262 1863 1293 credi
1879 1261 1932 1292 u'el
1959 1269 2029 1292 ma-

212 1329 296 1358 estro
321 1327 504 1358 Francesco
529 1326 568 1357 cle
600 1326 718 1358 Vaclzis
742 1326 856 1357 sacelli
878 1334 960 1357 nove
985 1325 1020 1357 cli
1037 1325 1214 1366 frumento,
1237 1334 1297 1365 per
1320 1325 1427 1365 uffltto
1453 1325 1488 1356 dr
1511 1325 1572 1356 due
1598 1325 1677 1356 (inni
1700 1324 1734 1355 cli
1758 1324 1833 1355 beni
1856 1323 1908 1354 nel
1943 1323 2030 1354 terri-

212 1390 293 1420 t0r1'0
319 1389 353 1421 cli
377 1388 454 1421 Sale
478 1389 554 1420 nell'
570 1388 713 1429 Oltrepd.

1042 1580 1192 1621 DCX.

304 1692 395 1720 Gian
421 1692 540 1720 Pietro
566 1692 680 1720 Maria
706 1692 740 1720 di
767 1691 999 1720 Port'Albera
1025 1691 1115 1719 dona
1139 1691 1220 1719 tutti
1246 1691 1255 1718 i
1282 1689 1359 1718 suoi
1384 1690 1464 1718 beni
1490 1689 1523 1717 al
1554 1689 1732 1718 Convento
1759 1688 1793 1717 di
1821 1689 1854 1716 S.
1881 1688 2004 1716 Paolo.

835 1796 997 1828 1497,
1027 1797 1309 1829 gen11aio‚
1338 1796 1413 1821 16.

750 1895 826 1919 (Arch.
846 1895 926 1916 Notat.
944 1895 965 1915 di
983 1895 1053 1916 Pavia
1068 1906 1093 1908 —
1109 1894 1156 1915 Atti
1173 1894 1194 1914 di
1211 1894 1324 1920 Agostiuo
1340 1894 1495 1919 Gravanagol,

320 2079 370 2195 Ι
457 2098 487 2142 ῚΝ
512 2094 646 2124 civitate
672 2093 775 2134 Papie
802 2094 832 2124 in
859 2102 989 2124 camera
1016 2093 1214 2124 ressidentie
1241 2092 1441 2132 infrascripti
1469 2091 1594 2122 domini
1623 2090 1794 2130 Episcopi,
1821 2090 1884 2120 sita
1911 2090 1941 2120 in
1969 2087 2034 2120 Ca-

457 2147 458 2161 *
486 2156 605 2187 nonica
631 2156 770 2187 ecclesie
808 2156 943 2187 maioris
970 2154 1117 2196 Papie....
1144 2155 1176 2186 ln
1204 2144 1371 2195 presentia
1398 2154 1523 2187 Revmi
1552 2155 1582 2184 in
1609 2152 1745 2185 Christo
1773 2152 1881 2183 Patris
1907 2154 1937 2183 et
1972 2152 2031 2182 do-

456 2219 563 2249 *mini
602 2219 728 2249 domini
767 2218 925 2249 Iohannis
967 2219 1092 2249 Mathei
1120 2218 1160 2249 de
1186 2217 1331 2248 Privolis
1368 2217 1519 2257 episcopi
1560 2216 1761 2247 almurensis
1786 2217 1817 2246 et
1843 2215 1964 2246 iudicis
2001 2217 2031 2245 et

213 2281 463 2311 conservatoris
488 2280 666 2320 apostolici
694 2280 843 2320 deputati
871 2280 1092 2320 infrascriptis
1119 2280 1265 2311 dominis
1284 2279 1388 2310 Priori
1408 2281 1437 2310 et
1455 2278 1615 2309 fratribus
1634 2278 1738 2309 sancti
1756 2276 1861 2314 Pauli,
1881 2277 2030 2308 median-

215 2341 306 2373 tibus
332 2342 448 2373 litteris
474 2344 504 2373 et
531 2342 631 2374 bullis
656 2342 854 2383 apostolicis
891 2344 951 2373 etc.
989 2351 1047 2373 nec
1085 2351 1150 2372 non
1177 2344 1207 2373 et
1234 2342 1264 2372 in
1292 2341 1465 2382 presencia
1503 2340 1698 2380 spectabilis
1723 2341 1754 2370 et
1790 2339 1913 2379 egregii
1942 2339 2022 2370 iuris

216 2405 390 2444 utriusque
417 2404 564 2436 doctoris
590 2405 716 2435 domini
744 2404 830 2436 Petri
858 2404 1024 2435 Dominici
1044 2405 1084 2435 de
1110 2403 1251 2445 Scagnis
1278 2404 1390 2435 vicarii
1418 2403 1583 2444 generalis
1603 2402 1769 2443 magnifici
1789 2402 1914 2432 domini
1936 2400 2034 2432 Pote-

215 2467 312 2497 statis
338 2465 485 2506 Papio...
511 2467 715 2498 constitutus
741 2467 899 2498 dominus
926 2466 1091 2497 lohannes
1118 2465 1236 2497 Petrus
1263 2466 1371 2497 Maria
1398 2465 1437 2496 de
1464 2464 1565 2496 Portu
1594 2463 1724 2501 Albere,
1744 2463 1833 2494 filius
1860 2464 2030 2503 quondam

216 2527 409 2566 Guiniforti‚
436 2529 603 2560 habitator
628 2530 774 2561 civitatis
812 2528 926 2570 Papie,
964 2532 1094 2569 sponte,
1133 2529 1320 2560 voluntarie
1346 2530 1377 2559 et
1402 2537 1443 2559 ex
1470 2530 1558 2558 certa
1585 2527 1767 2558 scientia...
1805 2526 1901 2557 titulo
1927 2526 2032 2557 dona-

216 2590 319 2621 tionis
344 2599 435 2630 pure,
461 2600 548 2622 mere
573 2593 603 2622 et
630 2591 859 2623 irrevocabilis
886 2592 967 2622 inter
993 2592 1135 2622 vivos...
1161 2590 1326 2627 transfert,
1351 2590 1460 2626 tradit,
1487 2589 1599 2627 donat,
1625 2588 1681 2619 dat
1706 2590 1736 2619 et
1762 2588 1858 2628 quasi
1887 2596 2024 2619 venera-

217 2652 273 2683 bili
300 2652 438 2683 domino
463 2652 553 2684 fratri
580 2653 716 2684 Iohanni
744 2653 842 2685 Petro
868 2654 908 2684 dc
935 2653 1039 2693 Papia
1065 2652 1204 2684 Ordinis
1229 2652 1365 2683 fratrum
1394 2651 1633 2682 Heremitarum
1661 2651 1766 2682 sancti
1786 2649 1964 2691 Augustini
1992 2650 2032 2681 de

216 2714 447 2746 Observancia
474 2714 587 2756 Papie,
613 2716 744 2747 sindico
770 2718 800 2747 et
827 2716 1076 2756 procuratori...
1097 2714 1337 2746 venerabilium
1364 2714 1576 2745 dominorum
1604 2712 1729 2744 Prioris
1754 2715 1785 2744 et
1804 2712 1939 2743 fratrum
1960 2721 2030 2743 mo—

218 2777 352 2808 nasterii
379 2778 483 2808 sancti
510 2776 604 2809 Pauli
630 2780 724 2809 extra
749 2783 780 2809 et
806 2787 910 2818 prope
935 2778 1103 2809 civitatem
1131 2776 1234 2817 Papie
1260 2775 1399 2808 Ordinis
1424 2775 1560 2806 fratrum
1580 2775 1821 2806 Heremitarum
1841 2774 1946 2805 sancti
1966 2773 2033 2805 Au-

217 2839 342 2880 gustini
368 2839 408 2870 de
434 2838 710 2872 Observancia....
736 2841 848 2871 omnia
873 2842 903 2871 et
929 2840 1062 2881 singula
1087 2842 1118 2870 et
1143 2839 1300 2870 universa
1327 2838 1435 2878 ipsius
1461 2837 1619 2869 donantis
1646 2837 1733 2868 bona
1753 2836 1890 2867 mobilia
1916 2838 1947 2867 et
1973 2836 2032 2866 im-

217 2900 364 2938 mobilia,
390 2902 557 2941 presentia
582 2904 613 2933 et
637 2901 747 2934 futura
773 2904 803 2933 et
830 2903 900 2933 iura
925 2904 956 2933 et
981 2902 1131 2933 actiones
1156 2910 1193 2932 ac
1220 2901 1354 2932 nomina
1380 2900 1568 2931 debitorum
1595 2901 1625 2930 et
1651 2901 1715 2930 tam
1743 2898 1908 2938 acquisita
1928 2906 2026 2937 quam

216 2963 430 3003 acquirenda,
456 2964 552 2995 salvo
578 2973 710 3005 semper
735 2967 765 2996 et
790 2966 961 2996 reservato
987 2963 1160 2995 usufructu
1199 2964 1362 2994 dictorum
1400 2963 1548 2993 omnium
1583 2961 1758 2998 bonorum,
1785 2962 1854 2991 toto
1881 2962 2029 3000 tempore

217 3025 284 3056 vite
309 3033 368 3056 sue
393 3027 428 3056 et
448 3027 519 3057 toto
544 3028 693 3067 tempore
719 3027 853 3058 domine
880 3026 1008 3058 lsabete
1027 3026 1067 3057 de
1085 3024 1186 3058 Cario
1205 3034 1246 3056 ex
1266 3025 1438 3056 nobilibus
1455 3024 1496 3055 de
1515 3023 1710 3055 Frascarolo
1735 3023 1808 3054 eius
1827 3022 1943 3053 uxoris
1968 3024 2029 3053 etc.
