2347 3444
294 176 354 206 178

291 318 409 348 penam
437 310 594 341 volumus
621 314 651 342 et
676 312 888 343 declaramus
916 313 990 352 ipso
1016 312 1102 343 facto
1141 312 1332 343 incurrisse.
1373 311 1551 342 Hortantes
1588 312 1758 343 caritatem
1798 314 1886 344 tuam
1914 315 1947 344 ut
1973 313 2098 345 cultum

290 371 452 408 divinum,
479 381 594 412 pacem
623 373 768 409 fratrum.
807 375 1097 406 conservationem
1136 374 1331 413 ampliorem
1371 373 1534 404 bonorum
1572 374 1804 413 tezziporalium
1831 377 1862 406 et
1888 384 1945 415 pre
1982 376 2101 407 ceteris

291 433 453 465 bonorum
480 436 702 475 spiritualium
730 440 759 467 et
787 446 913 467 morum
941 436 1233 475 compositionem,
1261 435 1374 466 maiori
1402 444 1468 475 qua
1495 435 1608 467 valeas
1634 435 1818 476 diligentia,
1860 437 1998 468 studeas
2025 446 2102 478 pro-

289 504 414 527 curare.
443 495 563 528 Datum
592 497 704 531 Rome.
732 498 760 528 in
790 503 903 529 nostro
930 498 1075 537 generali
1103 500 1271 528 conventu
1310 497 1416 528 sancti
1455 496 1646 537 Augustini,
1673 498 1726 529 die
1751 499 1771 530 9
1798 498 1878 530 lunii
1910 500 2002 535 1473,
2036 498 2103 532 Ge-

290 559 459 591 neralatus
487 561 588 591 nostri
616 560 717 591 oflicii
746 561 809 591 suli
836 561 957 599 sigillo.
986 559 1098 590 Frater
1125 559 1266 590 lacobus
1293 559 1333 590 de
1361 558 1493 599 Aquila.

1002 732 1390 773 CCCLXXVII.

380 844 418 871 L'
437 844 640 871 Eremitano
668 843 756 870 frate
784 842 938 870 Nazario
965 842 1093 870 Sti-ada
1120 842 1236 870 riceve
1263 842 1410 878 speciali
1435 843 1599 879 privilegi
1626 843 1683 871 dal
1711 843 1845 879 Legato
1872 844 2069 873 Pontificio.

900 957 950 979 lfn
960 955 1050 985 73,
1071 957 1307 980 sottonn
1318 963 1410 985 ›re-9
1432 956 1503 980 21.

825 1043 901 1063 1Α1ς114
919 1043 940 1063 di
958 1042 1024 1063 Statu
1041 1043 1061 1063 di
1079 1043 1173 1063 Milano.
1192 1054 1214 1056 —
1234 1043 1338 1068 l‘ergani.
1357 1044 1377 1063 di
1395 1043 1416 1064 S.
1435 1044 1565 1069 Agostino).

369 1228 466 1343 P
537 1246 665 1277 ETRUS,
693 1242 905 1272 miseratione
931 1242 1056 1278 divina,
1083 1242 1166 1273 tituli
1194 1242 1300 1273 sancti
1328 1241 1412 1273 Sixti
1440 1244 1635 1273 sacrosante
1663 1241 1810 1275 Romane
1826 1242 1976 1274 Ecclesie
1991 1241 2109 1275 Cardi-

560 1304 655 1341 nalis,
693 1303 884 1335 l'atriarclia
911 1302 1298 1344 Costantinopotitamis,
1326 1314 1454 1336 necnon
1490 1304 1632 1341 Perusii‚
1663 1304 1784 1341 Tuxie,
1812 1305 2020 1342 Lombardie‚
2046 1307 2107 1337 etc.

560 1365 659 1398 Sedis
698 1366 894 1406 Apostolice
933 1366 1078 1407 Legatus
1105 1370 1165 1398 etc.
1196 1366 1329 1399 Dilecto
1360 1368 1459 1399 nobis
1490 1368 1520 1398 in
1552 1366 1688 1399 Christo
1721 1368 1809 1399 tratri
1838 1368 1980 1399 Nazario
2009 1369 2050 1399 de
2080 1368 2109 1400 la

289 1427 408 1459 Strada
426 1427 486 1467 (1),
514 1428 652 1459 Ordinis
680 1428 922 1460 Heremitarum
950 1429 1056 1460 sancti
1085 1429 1276 1469 Augustini,
1303 1431 1445 1462 salutem
1473 1433 1503 1462 et
1530 1431 1742 1462 sinceramin
1758 1429 1904 1461 Domino
1927 1431 2108 1462 caritatem.

291 1490 475 1531 Religionis
502 1491 605 1527 zelus,
633 1492 698 1522 vite
725 1501 763 1522 ae
792 1501 919 1522 morum
947 1492 1118 1529 honestas,
1145 1493 1278 1532 aliaque
1306 1492 1490 1524 laudabilia
1523 1493 1700 1533 probitatis
1734 1495 1764 1524 et
1799 1493 1956 1524 virtutum
1984 1493 2109 1530 merita,

293 1554 418 1593 quibus
455 1554 545 1593 apud
586 1562 647 1585 nos
685 1554 858 1594 t'idedigno
895 1554 1143 1585 commendaris
1181 1555 1383 1592 testimoniO,
1422 1564 1483 1586 nos
1518 1556 1680 1586 inducunt
1706 1558 1740 1586 ut
1765 1555 1823 1586 tibi
1863 1555 2042 1586 reddamur
2067 1556 2108 1587 ad

291 1617 429 1656 gratiam
457 1616 612 1647 liberales
638 1625 675 1647 ac
702 1619 731 1647 te
757 1616 991 1656 spiritualibus
1017 1618 1177 1657 prosequi
1206 1617 1391 1649 favoribus.
1411 1617 1495 1649 Hinc
1514 1620 1565 1649 est
1583 1618 1672 1658 quod
1701 1627 1763 1649 nos
1789 1618 1942 1649 volentes
1967 1620 2008 1655 te,
2036 1627 2111 1658 pre-

291 1679 690 1710 missorummeritorum
725 1682 856 1710 tuorum
896 1680 1026 1717 intuitu,
1064 1679 1178 1711 favore
1217 1681 1376 1720 prosequi
1414 1681 1573 1721 gratioso,
1612 1681 1678 1712 tuis
1704 1681 1735 1711 in
1763 1681 1824 1712 hac
1850 1683 1942 1721 parte
1979 1681 2110 1721 suppli-

290 1742 480 1773 cationibus
523 1742 682 1779 inclinati,
721 1744 829 1773 tecum
870 1745 902 1773 ut
940 1742 1179 1782 quodcumque
1218 1743 1417 1774 beneficium
1456 1743 1724 1774 ecclesiasticum
1763 1745 1912 1774 curatum
1955 1743 2107 1774 seculare

291 1804 342 1835 vel
371 1804 524 1835 cuiusvis
551 1803 688 1835 Ordinis
716 1805 888 1845 regularis,
926 1805 1024 1836 etiam
1062 1805 1089 1836 si
1128 1806 1333 1845 parochialis
1371 1805 1526 1843 ecclesia,
1565 1805 1617 1837 vel
1655 1806 1729 1837 eius
1767 1808 1929 1846 perpetua
1971 1806 2107 1843 vicaria,

290 1867 390 1897 etiam
418 1867 444 1897 si
472 1866 512 1897 de
539 1867 608 1898 iure
647 1869 844 1907 patronatus
883 1867 1052 1908 laycorum
1090 1867 1199 1904 fuerit,
1232 1867 1316 1899 alias
1342 1868 1503 1899 canonice
1540 1868 1740 1905 conferatur,
1778 1867 1830 1899 vel
1869 1867 2016 1909 elligaris
2053 1870 2108 1899 ant

290 1929 492 1965 assuinariS‚
530 1929 581 1960 vel
617 1930 689 1960 sive
729 1930 934 1969 presenteris
971 1930 1012 1960 ad
1051 1930 1143 1968 illud,
1181 1931 1340 1970 recipere,
1378 1933 1409 1961 et
1446 1930 1559 1970 quoad
1598 1931 1724 1961 vixeris
1762 1930 1913 1961 retinere.
1956 1929 2107 1970 llludque

291 1991 490 2031 simpliciter
515 1991 567 2022 vel
594 2000 635 2022 ex
663 2000 766 2022 causa
793 1992 1050 2031 permutationis
1076 1993 1211 2032 quoties
1245 1992 1306 2023 tibi
1346 1992 1508 2032 placuerit
1545 1992 1721 2030 dimittere,
1748 1994 1779 2023 et
1805 1992 1877 2023 eius
1915 1992 1990 2023 loco
2015 1992 2104 2023 aliud

290 2053 410 2084 simille
437 2053 630 2084 benefitium
665 2053 935 2085 ecclesiasticum
974 2054 1127 2085 similiter
1168 2055 1315 2094 recipere
1341 2057 1372 2086 et
1398 2054 1511 2094 quoad
1540 2055 1666 2086 vixeris
1693 2056 1726 2085 ut
1752 2054 1917 2094 prefertur
1942 2055 2104 2091 retinere;

292 2124 420 2146 necnon
447 2116 474 2146 si
502 2115 649 2147 volueris
676 2116 706 2146 in
732 2116 823 2147 dicto
851 2116 1008 2147 benefitio
1034 2116 1256 2156 personaliter
1282 2117 1438 2153 residere,
1466 2125 1504 2148 ac
1532 2116 1575 2147 illi
1603 2116 1782 2152 deservire,
1803 2124 1861 2147 seu
1881 2116 2041 2147 deserviri
2060 2116 2109 2148 fa-

291 2186 375 2214 cere,
401 2181 601 2218 cunctaque,
628 2179 655 2209 si
683 2187 747 2218 que
774 2178 817 2209 illi
847 2179 1050 2216 immineant,
1077 2188 1190 2220 regere
1216 2181 1247 2210 et
1273 2179 1460 2219 gubernare
1487 2179 1609 2219 pariter
1633 2181 1665 2210 et
1690 2179 1830 2210 retinere
1851 2178 1952 2210 libere
1971 2182 2002 2210 et
2021 2178 2107 2210 licite

291 2240 406 2280 possis
432 2243 462 2272 et
489 2240 605 2272 valeas
631 2242 692 2272 etc.

381 2301 465 2333 Data
492 2302 606 2343 Papie,
632 2303 697 2334 sub
723 2312 845 2343 magno
882 2305 997 2335 nostro
1034 2304 1156 2344 sigillo,
1190 2313 1279 2335 anno
1316 2303 1450 2335 Domini
1489 2301 1790 2341 MCCCCLXXlll,
1833 2303 2015 2335 lndictione
2056 2302 2107 2341 Vl,

291 2365 344 2396 die
372 2364 443 2395 XXI
472 2366 598 2396 mensis
624 2366 839 2405 septembris,
866 2365 1087 2397 pontificatus
1113 2367 1318 2398 sanctissimi
1347 2367 1377 2397 in
1404 2365 1540 2398 Christo
1566 2365 1674 2397 Patris
1700 2368 1731 2397 et
1757 2366 1882 2397 domini
1918 2367 2020 2397 nostri
2047 2366 2108 2397 do-

293 2428 369 2457 mini
398 2426 481 2458 Sixti
509 2428 623 2459 divina
650 2429 862 2468 providentia
889 2428 980 2468 Pape
1007 2429 1128 2468 quartiy
1154 2438 1243 2459 anno
1269 2429 1375 2460 tertio.

348 2592 377 2615 ‹1›
393 2592 497 2612 Sciunt-nc
513 2594 548 2613 uel
563 2593 703 2614 documento
720 2600 763 2614 nou
780 2595 796 2614 si
813 2595 927 2615 asserisca
944 2601 1022 2615 essere
1045 2594 1102 2615 irate
1128 2595 1171 2615 Nn-
1227 2600 1319 2620 pavesc.
1338 2595 1359 2614 lu
1376 2595 1427 2619 ogni
1445 2594 1514 2614 modo
1531 2596 1596 2614 torna
1611 2594 1641 2614 ad
1657 2600 1728 2614 onore
1740 2594 1799 2619 degli
1811 2594 1954 2619 Agostiuiani
1965 2595 1978 2614 il
1989 2594 2102 2615 Rescritto

297 2642 359 2656 tarn»
375 2636 456 2656 Suada
474 2643 567 2662 pitu-se,
591 2644 646 2663 pure
663 2639 739 2659 l'an'r
757 2641 848 2659 trovato
865 2640 884 2659 lit
902 2645 1039 2665 pergamena
1052 2639 1084 2659 ira
1097 2640 1171 2665 quelle
1227 2639 1262 2659 del
1279 2639 1400 2660 Cardiualc
1427 2639 1520 2663 Legata,
1544 2639 1557 2658 il
1582 2639 1649 2664 quale
1665 2639 1686 2658 in
1704 2639 1772 2659 inodo
1788 2639 1805 2659 si
1827 2639 1949 2664 splendido
1971 2640 2057 2659 attesta
2073 2639 2102 2664 gli

297 2681 318 2700 di
335 2681 349 2700 S
375 2681 494 2705 ligustium
512 2682 612 2702 l'essere
635 2683 713 2702 datum
738 2683 765 2702 ila
791 2683 868 2706 Paria,
886 2691 896 2703 e
913 2684 1014 2704 l'cssere
1030 2684 1051 2703 di
1070 2684 1138 2704 Paria
1155 2684 1174 2704 la
1231 2684 1269 2704 alti
1287 2684 1360 2704 meriti
1377 2683 1397 2703 di
1415 2682 1472 2703 {rate
1489 2683 1587 2703 Nazario
1603 2682 1685 2703 Sirium

298 2725 396 2749 ramirum
414 2725 505 2748 strada,
522 2732 579 2746 sono
595 2727 671 2746 illdllll
688 2727 810 2747 >mummi
829 2734 867 2752 per
884 2728 981 2748 riteuere
998 2728 1056 2748 truie
1074 2729 1172 2748 Nazario
