2347 3444
311 198 375 230 174

312 331 525 364 Conventum
552 333 757 366 Alexandrie
784 344 896 366 verum
924 335 1142 375 principalem
1169 335 1353 365 debitorem
1369 336 1399 365 et
1414 335 1466 365 cui
1482 342 1568 365 onus
1587 334 1741 366 solvendi
1762 336 1976 368 incumbebat
1993 339 2024 368 et
2042 337 2127 369 obli-

309 396 410 435 gandi
437 396 562 427 dictum
590 396 722 428 fratrem
750 395 970 428 Ouiliermum
997 397 1037 427 ad
1066 397 1096 426 id
1123 396 1164 427 ad
1191 396 1282 435 quod
1321 404 1385 426 non
1424 396 1598 427 tenebatur
1631 406 1690 428 nec
1718 400 1856 435 tenetur,
1883 398 2039 430 videlicet
2065 408 2124 439 pro

309 458 449 490 colectis
476 461 553 490 tunc
579 459 755 490 solvendis
781 459 918 489 domino
945 463 1021 489 tunc
1043 457 1245 489 l’rovinciali
1262 458 1340 488 dicti
1360 456 1499 489 Ordinis
1517 460 1548 489 et
1563 459 1614 489 cui
1630 460 1812 491 conventui
1840 459 2042 492 Alexandrie
2062 470 2124 493 vos

307 530 443 560 quoque
471 521 624 552 tenemini
652 525 821 561 tamquam
850 527 925 551 tunc
954 520 1052 551 frater
1077 520 1155 550 dicti
1183 517 1392 556 Conventus,
1419 529 1479 560 pro
1505 523 1598 560 parte
1625 524 1747 556 vestra.v
1774 522 1814 553 de
1841 523 1946 563 gestis
1984 523 2122 555 reddere

306 583 479 614 rationem.
507 582 630 614 Petens
656 583 744 623 elligi
771 583 893 613 debere
919 582 1063 612 arbitros
1089 582 1180 618 iuris,
1207 581 1263 621 qui
1291 581 1332 612 de
1359 582 1520 622 predictis
1538 585 1569 613 et
1587 582 1662 614 aliis
1688 583 1886 624 allegandis,
1906 584 1993 616 dicte
2012 586 2125 625 suspi-

306 645 412 676 cionis
438 646 562 682 causis,
589 645 660 675 suis
688 645 760 675 loco
786 648 815 675 et
843 647 991 683 ternpore
1017 644 1152 680 debitis,
1190 646 1399 683 cognoscant
1425 647 1455 675 et
1481 645 1649 680 decidant,
1687 645 1830 677 offerens
1858 655 1918 686 pro
1944 650 2036 686 parte
2062 656 2123 679 sua

305 707 455 738 deveniri
483 707 524 738 ad
551 707 759 738 ellectionem
797 706 962 736 dictorum
999 706 1210 742 arbitrorum,
1248 708 1451 746 protestans,
1489 709 1550 738 etc.
1590 706 1628 738 Et
1653 707 1680 738 si
1708 716 1766 747 per
1793 716 1854 739 vos
1880 708 1987 740 alliter
2013 709 2067 740 fiet
2093 711 2124 741 et

307 769 445 800 ulterius
472 769 682 809 procedatur,
709 771 914 808 protestatur
939 768 980 799 de
1006 776 1119 798 eorum
1147 768 1296 799 omnium
1324 768 1474 800 nullitate
1500 771 1531 800 et
1556 769 1598 800 de
1624 770 1721 809 penis
1748 770 1839 801 iuris.
1878 769 1955 801 Item
1983 771 2061 811 quia
2087 771 2118 802 in

304 835 465 872 quantum
493 832 519 862 si
548 831 695 871 predicta
724 840 788 861 non
815 831 998 866 obstarent,
1024 840 1089 870 que
1114 832 1224 861 tanien
1262 831 1408 867 obstant,
1435 834 1465 862 et
1491 834 1628 871 apareat
1654 832 1694 863 de
1721 832 1894 872 apodissa,
1928 833 1968 864 de
1995 842 2061 873 qua
2088 834 2119 864 in

303 895 402 925 dictis
428 894 567 925 assertis
595 893 711 924 litteris
739 893 859 923 vestris
885 892 918 923 fit
945 893 1080 930 mentio,
1105 893 1185 924 dicit
1212 893 1302 933 quod
1330 902 1368 924 ea
1395 893 1455 924 fuit
1480 895 1511 925 et
1537 896 1587 925 est
1605 894 1646 925 de
1666 895 1735 926 iure
1763 894 1851 925 nulla
1878 897 1907 926 et
1935 894 2022 926 facta
2047 896 2120 927 sine

303 965 416 990 causa,
443 956 554 995 quoad
583 956 692 995 ipsum
721 954 852 986 fratrem
880 953 1113 992 Gulliermum,
1139 955 1198 986 sed
1227 955 1346 995 pocius
1372 965 1413 986 ex
1440 964 1542 987 causa
1561 956 1638 987 dicti
1659 959 1846 988 conventus
1865 956 2070 989 Alexandrie
2088 960 2119 990 et

304 1018 457 1049 solvendi
485 1026 571 1049 orius
597 1018 689 1057 quod
710 1018 773 1057 ipsi
790 1018 970 1048 conventui
991 1017 1207 1049 incumbebat
1226 1027 1286 1058 pro
1305 1018 1442 1049 colectis
1468 1021 1546 1050 tunc
1573 1019 1744 1059 requisitis
1770 1028 1828 1060 per
1853 1020 2024 1051 dominum
2044 1023 2121 1052 tunc

303 1080 561 1115 Provincialem,
588 1082 685 1120 prout
711 1080 759 1110 sic
788 1089 900 1111 verum
928 1079 998 1111 fore
1024 1080 1122 1111 etiam
1149 1082 1290 1120 apparet
1316 1089 1375 1120 per
1401 1080 1526 1112 litteras
1564 1084 1717 1121 patentes
1744 1084 1775 1113 et
1801 1082 2044 1114 testimoniales
2071 1091 2121 1114 re-

303 1143 438 1174 verendi
466 1143 592 1173 domini
620 1142 779 1173 loliannis
805 1140 899 1174 Cnoa
926 1142 967 1174 de
994 1142 1133 1183 Bugiela
1160 1145 1237 1174 tunc
1265 1142 1489 1174 Provincialis
1514 1144 1593 1175 dicti
1621 1142 1770 1181 Ordinis,
1808 1144 1905 1176 datas
1931 1144 1984 1176 die
2011 1145 2118 1185 primo

302 1206 434 1245 augusti
461 1206 537 1236 anni
565 1205 742 1245 presentis,
758 1214 843 1245 quas
858 1205 1039 1245 originales
1067 1206 1118 1236 liic
1137 1206 1275 1237 exbibet
1294 1208 1324 1236 et
1343 1206 1497 1246 producit
1517 1207 1548 1237 in
1567 1207 1739 1246 passibus,
1758 1208 1819 1238 etc.
1840 1209 2041 1247 protestans,
2060 1209 2121 1239 etc.

304 1267 420 1304 salvis,
447 1269 508 1298 etc.

390 1328 680 1370 MCCCCLXXIJ,
707 1330 876 1361 indicione
902 1330 1028 1370 quinta,
1055 1330 1108 1361 die
1135 1330 1250 1361 ultimo
1288 1331 1415 1362 mensis
1453 1329 1609 1371 Augusti,
1637 1331 1716 1362 liora
1744 1340 1840 1362 none.
1868 1330 1900 1361 ln
1927 1329 2044 1371 Papia,
2071 1331 2120 1362 vi-

301 1392 421 1423 delicet
447 1392 478 1422 in
504 1392 652 1423 claustro
679 1392 871 1423 monasterii
899 1392 1043 1424 ecclesie
1069 1394 1184 1424 sancte
1211 1392 1372 1424 Mustiole
1399 1393 1586 1433 papiensis,
1604 1392 1703 1424 Porte
1723 1392 2121 1431 Pallacensis,Parochie

301 1453 333 1486 S.
360 1454 514 1494 Nicnolaj
542 1454 583 1486 de
609 1453 776 1485 Verzario.
804 1452 926 1486 Coram
954 1455 1147 1486 reverendis
1174 1454 1320 1486 dominis
1347 1455 1507 1495 magistro
1533 1454 1725 1496 Augustino
1743 1455 1784 1486 de
1803 1454 1970 1486 Marliano
1996 1455 2122 1487 vicario

302 1517 475 1548 reverendi
502 1517 628 1547 domini
656 1515 891 1554 Provincialis,
918 1515 1017 1548 Petro
1042 1517 1083 1548 de
1109 1515 1226 1548 Calvis
1253 1516 1367 1548 Priore
1393 1519 1508 1548 sancte
1534 1517 1696 1548 Mustiole
1722 1519 1753 1549 et
1779 1517 1972 1549 Melcbione
1999 1517 2040 1549 de
2058 1517 2122 1549 Lu-

302 1579 378 1611 cino
402 1579 501 1611 fratre
527 1579 605 1610 dicti
633 1577 782 1617 Ordinis,
809 1581 870 1611 etc.

1054 1727 1362 1768 CCCLXXI.

392 1836 444 1864 La
470 1836 656 1865 Comunita
681 1836 716 1865 di
742 1836 777 1865 S.
804 1836 979 1872 Agostino
1005 1837 1049 1865 da
1075 1836 1286 1865 investitura
1311 1841 1478 1873 perpetua
1504 1837 1560 1866 dei
1586 1837 1665 1866 beni
1691 1837 1725 1866 di
1751 1838 1965 1867 Parasacco.

903 1958 1059 1991 1472,
1088 1960 1424 1991 sette112bre‚
1453 1960 1530 1984 15.

871 2057 948 2080 (Arcti⁴
966 2057 1047 2078 Notar.
1064 2057 1086 2077 di
1103 2056 1174 2078 Pavia
1191 2068 1215 2070 —
1230 2057 1278 2078 Atti
1294 2057 1316 2077 di
1332 2057 1460 2078 Francesco
1476 2057 1548 2082 Sisti).

542 2333 543 2351 l
571 2319 774 2350 venerabilis
800 2319 958 2350 dominus
984 2318 1078 2350 Prior
1092 2321 1122 2350 et
1138 2318 1269 2350 Fratres
1285 2317 1478 2349 monasterii
1495 2317 1600 2348 sancti
1617 2315 1795 2357 Augustini
1812 2315 1951 2347 Ordinis
1970 2315 2119 2348 Fratrum

573 2381 815 2412 l-leremitarum
854 2381 1000 2412 civitatis
1038 2380 1142 2421 Papie
1179 2381 1395 2412 tractaverint
1419 2381 1450 2411 et
1475 2379 1736 2410 deliberaverint
1772 2378 1881 2410 facere
1909 2378 2122 2419 infrascripto

305 2442 441 2473 lolianni
469 2443 575 2474 Marie
602 2444 832 2474 investituram
875 2444 1070 2483 perpetuam
1096 2443 1138 2474 de
1165 2443 1428 2483 proprietatibus
1454 2443 1483 2473 et
1511 2441 1609 2472 bonis
1635 2441 1676 2472 de
1703 2441 1828 2481 quibus
1854 2444 1884 2472 et
1911 2442 2009 2481 prout
2035 2440 2117 2472 infra

303 2505 486 2547 ὡραῖαι-ν...
513 2508 543 2536 et
569 2515 643 2536 cum
672 2506 735 2545 ipsi
761 2506 886 2536 domini
926 2505 1020 2537 Prior
1045 2507 1076 2537 et
1103 2505 1234 2537 Fratres
1261 2514 1321 2545 pro
1347 2503 1539 2535 huiusmodi
1581 2503 1777 2534 investitura
1814 2503 1925 2534 fienda
1963 2504 2120 2543 impetra-

305 2567 411 2598 verint
437 2571 467 2598 et
493 2568 695 2599 obtinuerint
721 2577 739 2599 a
766 2568 951 2599 reverendo
977 2568 1114 2599 domino
1139 2567 1238 2599 fratre
1266 2566 1466 2598 Herculiano
1492 2566 1533 2597 de
1560 2564 1701 2597 Perusio
1727 2574 1821 2597 sacre
1848 2565 1969 2606 pagine
1989 2564 2120 2605 profes-

304 2637 379 2660 sore
406 2628 539 2660 Vicario
565 2628 719 2661 Generali
758 2630 892 2660 fratrum
932 2629 1174 2661 Herernitarum
1213 2629 1318 2661 sancti
1357 2628 1536 2669 Augustini
1564 2628 1736 2659 licenciam
1765 2628 1957 2659 huiusmodi
1985 2627 2122 2659 investi-

304 2693 410 2722 turam
437 2690 579 2722 faciendi
607 2694 637 2722 et
663 2694 760 2731 prout
786 2692 975 2723 continetur
1001 2692 1031 2722 in
1059 2692 1176 2723 litteris
1213 2691 1338 2723 tenoris
1375 2690 1590 2730 infrascripti,
1628 2689 1805 2721 videlicet:
1846 2687 1966 2729 (segue
1991 2689 2015 2720 il
2038 2691 2120 2721 testo

304 2753 358 2785 del
382 2753 453 2785 doc.
478 2753 499 2784 4
524 2753 660 2792 moggIo
689 2751 799 2792 1472).

394 2815 441 2847 Ac
468 2815 566 2846 etiarn
594 2815 710 2855 prefati
738 2815 862 2846 domini
890 2815 984 2846 Prior
1010 2818 1040 2846 et
1067 2815 1198 2846 Fratres
1224 2816 1255 2846 et
1281 2814 1515 2854 infrascriptus
1542 2812 1707 2844 lohannes
1734 2813 1842 2845 Maria
1868 2822 1928 2854 pro
1955 2813 2029 2853 ipsa
2047 2821 2122 2853 pre—

410 2243 457 2358 Ι
549 2260 571 2286 Ν
597 2256 751 2287 sacristia
777 2255 920 2287 ecclesie
946 2255 1159 2295 infrascripte
1185 2255 1292 2287 sancti
1320 2254 1499 2296 Augustini
1526 2255 1700 2295 papiensis
1705 2280 1755 2286 .....
1782 2253 1866 2287 Cum
1887 2255 1949 2286 boc
1968 2255 2010 2286 sit
2028 2255 2119 2295 quod

304 2878 390 2909 senti
417 2877 613 2908 investitura
638 2877 748 2908 fienda
774 2877 1024 2917 impetraverint
1049 2879 1079 2908 et
1105 2877 1308 2908 obtinuerint
1334 2876 1459 2908 litteras
1496 2875 1634 2907 ducales
1671 2877 1835 2915 patentes,
1861 2875 1973 2916 sigillo
1999 2883 2120 2915 magno
2168 2908 2171 2911 ,

305 2940 416 2972 ducali
443 2938 619 2980 sigillatas,
646 2939 771 2970 tenoris
798 2938 1012 2978 infrascripti,
1040 2939 1218 2970 videlicet:
1244 2935 1363 2979 (segue
1388 2937 1412 2969 il
1435 2939 1516 2969 testo
1542 2937 1595 2968 del
1619 2937 1689 2968 doc.
1714 2937 1761 2968 20
1783 2939 1902 2977 agosto
1931 2934 2042 2976 1472).

394 3002 511 3039 Modo,
538 3002 569 3032 in
596 3010 669 3042 mey
696 3000 863 3032 Francisci
891 3001 931 3032 de
958 3000 1068 3041 Systis
1095 3001 1213 3032 notarii
1241 3000 1443 3040 infrascripti
1463 2999 1643 3039 presentia,
1662 3001 1850 3030 convocato
1869 3001 1899 3030 et
1917 3000 2121 3039 congregato

306 3063 465 3105 capitulo
490 3066 521 3096 et
547 3061 724 3096 Conventu
750 3063 838 3094 dicte
864 3063 1005 3094 ecclesie
1031 3062 1136 3094 sancti
1163 3061 1354 3103 Augustini,
1380 3061 1421 3093 de
1448 3061 1606 3093 mandato
1624 3062 1655 3092 et
1673 3061 1895 3101 imposicione
1915 3060 2120 3092 venerabilis
