2347 3444
1943 217 2007 249 269

197 351 343 389 dinatus,
369 359 433 382 una
458 359 532 382 cum
560 350 736 392 magnifico
763 350 899 381 domino
926 349 1056 381 Aluisio
1082 349 1122 381 de
1148 348 1384 386 Arcimboldis‚
1410 349 1450 380 de
1477 358 1544 389 quo
1572 349 1791 380 instrumento
1810 352 1840 380 et
1858 350 2005 390 capitulo

200 413 317 453 ipsius,
344 413 375 444 in
402 422 469 453 quo
495 412 643 454 prefatus
669 413 826 444 dominus
851 411 976 445 Comes
1002 411 1156 443 Albricus
1182 412 1291 452 ipsum
1319 411 1490 442 dominum
1517 410 1648 442 fratrem
1676 410 1867 443 Cornelium
1894 414 1925 442 et
1950 412 2009 443 do-

199 475 323 505 minum
351 474 515 507 Aiuisium
541 477 768 515 exequutores
793 477 823 506 et
848 475 1066 506 comissarios
1092 474 1169 505 dicti
1196 474 1246 505 sui
1273 473 1460 504 testamenti
1487 473 1665 510 ordinavit,
1692 473 1778 504 idem
1806 472 1902 504 frater
1928 472 2011 505 Cor-

200 536 308 568 nelius
334 537 418 568 dixit
443 539 474 568 et
500 538 578 568 dicit
603 546 638 569 se
665 537 795 578 plenam
823 537 978 568 noticiam
1005 538 1035 568 et
1061 536 1233 568 scientiam
1253 535 1413 567 habuisse
1431 537 1462 566 et
1481 535 1624 573 habere;
1651 535 1691 566 de
1718 544 1784 574 quo
1811 537 2009 566 testamento

201 599 323 630 ibidem
349 599 501 630 exhibito
527 600 568 630 ad
595 600 751 630 maiorem
788 600 1058 631 certioracionem
1096 600 1247 639 rogatum
1284 598 1345 629 fuit
1383 598 1636 628 instrumentum
1673 606 1761 628 anno
1787 599 1817 628 et
1844 598 2010 628 indicione

199 661 422 701 presentibus,
442 661 494 692 die
513 662 697 701 penultimo
717 662 842 693 mensis
868 661 1020 697 Ianuarii,
1047 670 1104 701 per
1130 660 1316 701 Baptistam
1343 659 1513 700 quondam
1534 658 1619 690 Petri
1647 659 1687 690 de
1714 657 1881 699 Prignano
1900 659 2005 690 civem

200 725 231 754 et
256 723 419 754 notarium
447 723 690 761 mutinensem;
716 732 789 754 cum
817 723 994 763 presentia,
1022 723 1163 761 licentia,
1188 730 1356 754 consensu
1383 724 1413 753 et
1438 722 1633 753 auctoritate
1653 721 1855 752 venerabilis
1875 721 1934 751 viri
1954 721 2013 752 do-

200 785 278 816 mini
305 784 415 816 fratris
441 784 582 825 Thadey
609 785 648 816 de
676 784 830 816 Pinerolo
858 784 982 817 Prioris
1007 786 1084 817 dicti
1112 785 1308 817 Monasterii
1335 786 1395 816 etc.
1415 785 1499 815 dixit
1517 786 1547 815 et
1566 786 1771 824 protestatus
1790 783 1851 814 fuit
1876 792 1913 814 ac
1933 784 2011 814 dicit

199 850 230 879 et
255 849 458 888 protestatur
483 847 586 887 quod,
613 850 747 888 propter
773 849 884 879 varias
909 851 939 879 et
966 848 1118 879 diversas
1144 848 1400 888 occupacioneS,
1426 855 1512 887 quas
1538 847 1610 887 ipse
1636 845 1906 877 dominusfrater
1931 844 2014 878 Cor-

200 910 308 942 nelius
334 910 450 940 habuit
475 911 506 940 et
532 910 631 940 habet
656 910 766 941 circha
793 910 906 941 divina
932 910 1043 942 officia
1069 913 1099 942 et
1124 911 1189 942 alia
1215 910 1354 951 negocia
1380 909 1457 940 dicti
1485 909 1689 946 monasterii,
1715 917 1781 939 non
1816 908 1924 948 potuit
1951 916 2009 939 nec

201 974 311 1013 potest
336 980 373 1003 ac
400 980 458 1002 nec
484 972 554 1002 vult
581 972 740 1003 interesse
766 973 989 1012 exequucioni
1017 973 1094 1004 dicti
1129 972 1328 1009 testamenti,
1356 972 1420 1002 imo
1448 971 1510 1011 ipsi
1526 970 1750 1011 exequucioni
1777 978 1939 1010 expresse
1966 979 2014 1000 re-

199 1035 369 1066 nunciavit
394 1036 425 1065 et
450 1034 622 1065 renunciat
648 1042 767 1065 versus
793 1043 842 1065 me
869 1035 1044 1072 notarium,
1071 1037 1130 1066 etc.
1157 1036 1187 1066 et
1214 1034 1300 1071 inde,
1327 1035 1386 1065 etc.
1414 1032 1641 1071 Presentibus,
1668 1034 1728 1064 etc.

1030 1211 1193 1249 DVII.

288 1331 423 1366 Legato
451 1329 718 1357 testamentario
744 1329 837 1357 della
863 1329 943 1358 nob.
971 1329 1119 1357 Pavieta
1145 1328 1379 1364 Sangregorio
1405 1328 1491 1356 Cani
1517 1336 1536 1356 a
1563 1327 1680 1356 favore
1706 1327 1740 1356 di
1767 1327 1802 1356 S.
1831 1326 1953 1355 Paolo.

838 1442 996 1472 1483,
1025 1442 1260 1474 {Situ-⁷:110,
1291 1442 1380 1466 22.

715 1540 791 1563 (Arcli.
809 1540 888 1560 Notat.
914 1540 935 1560 di
953 1539 1022 1560 Pavia
1039 1550 1062 1552 4
1078 1539 1125 1560 Atti
1142 1539 1164 1559 di
1180 1539 1269 1560 Giovan
1286 1539 1363 1559 Pietro
1380 1539 1499 1563 lniodelli).

218 1697 219 1727 l
441 1715 442 1726 i

218 1738 219 1758 ³
449 1753 537 1779 ELLA
563 1747 756 1779 cancelleriss
782 1746 1038 1787 dell'Ospeu'ule
1063 1746 1098 1777 a'i
1121 1745 1153 1777 S.
1180 1745 1314 1777 Mntfeo.
1341 1745 1474 1776 Nobilis
1500 1745 1635 1776 domina
1663 1744 1799 1776 Pavieta
1825 1745 1865 1776 de
1892 1744 2014 1776 Sancto

271 1737 390 1853 N
441 1833 443 1856 5
471 1810 645 1851 Gregorio,
672 1810 738 1841 filia
764 1809 933 1849 quondam
961 1809 1086 1839 domini
1114 1807 1232 1839 Aluisii
1259 1810 1289 1839 et
1315 1808 1425 1839 relicta
1452 1807 1622 1847 quondam
1638 1807 1761 1838 nobilis
1779 1807 1939 1838 causidici
1959 1816 2017 1847 pa-

375 1870 443 1911 Ῑγῖἰ
471 1875 599 1914 piensis
625 1873 734 1904 lacobi
761 1873 800 1903 de
827 1871 990 1909 Canibus,
1015 1872 1100 1903 civis
1126 1873 1156 1902 et
1182 1871 1361 1902 habitatrix
1389 1870 1525 1911 Papie...
1552 1879 1648 1901 suum
1669 1871 1818 1901 ultimum
1838 1872 2016 1901 testamen-

200 1941 302 1969 tum...
329 1938 360 1968 in
388 1938 474 1967 hunc
500 1936 670 1967 modum...
708 1935 910 1975 disposuit...
948 1934 1024 1965 item
1052 1934 1124 1974 ipsa
1151 1933 1276 1964 domini
1314 1933 1464 1964 testatrix
1503 1933 1558 1963 dat
1583 1934 1613 1963 et
1640 1932 1725 1973 legat
1763 1932 2014 1963 venerabilibus

200 2000 347 2031 dominis
373 1998 478 2030 Priori
515 2002 546 2030 et
583 1998 754 2029 Fratribus
779 1998 884 2028 sancti
913 1996 1018 2033 Pauli,
1058 1998 1151 2027 extra
1176 1998 1207 2027 et
1233 2004 1337 2036 prope
1379 1994 1529 2035 Papiam,
1562 1995 1709 2026 florenos
1735 1995 2013 2035 quinquaginta...

200 2062 446 2102 expendendos
472 2062 502 2092 in
529 2061 655 2092 fabrica
682 2060 732 2091 sui
753 2059 990 2091 monasterii....

1013 2233 1202 2273 DVIII.

289 2357 339 2385 La
362 2355 472 2384 nobile
496 2354 669 2384 Bertolina
693 2353 875 2382 Malacrida
900 2353 1016 2388 elegge
1041 2353 1072 2380 la
1095 2360 1157 2380 sua
1185 2351 1357 2387 sepoltura
1381 2350 1414 2378 in
1438 2350 1472 2378 S.
1500 2349 1676 2385 Agostino.

850 2466 1011 2495 1483,
1040 2465 1243 2496 ltugli09
1272 2464 1362 2488 25.

747 2565 824 2589 (Aren.
841 2564 921 2585 Notar⁴
938 2563 959 2583 di
977 2562 1046 2583 Pavia
1062 2573 1086 2575 —
1103 2562 1149 2583 Atti
1166 2561 1187 2581 di
1204 2561 1308 2582 Nicolino
1330 2560 1426 2581 Siclerii.

219 2724 220 2801 Σ
438 2729 469 2815 ΪΝ
493 2781 573 2804 casa
597 2772 650 2803 del
673 2772 785 2803 ηοΐιιῐο
810 2771 952 2802 Antonio
979 2768 1181 2809 Lumpetglii,
1208 2768 1239 2798 in
1265 2766 1463 2798 Parrocclu'a
1489 2766 1523 2797 cii
1547 2764 1579 2797 S.
1609 2764 1772 2797 Giustitia.
1804 2764 2010 2795 Testamenta

300 2760 348 2875 Ι
438 2822 439 2829 ¹
467 2834 553 2866 della
578 2834 702 2865 nobilis
728 2833 863 2864 domina
891 2831 1058 2863 Bertolina
1085 2831 1124 2861 de
1151 2829 1314 2866 Bononia,
1341 2828 1407 2859 filia
1434 2827 1604 2868 quondam
1631 2827 1757 2857 domini
1789 2825 1953 2856 Laurentii
1981 2827 2010 2855 et

266 2933 288 2934 φ
307 2933 314 2934 .
363 2933 396 2934 ψ
438 2888 439 2930 ἶ
466 2897 577 2928 relicta
603 2896 774 2936 quondam
801 2895 926 2926 domini
954 2893 1115 2925 Vincentii
1143 2892 1182 2923 de
1210 2891 1427 2927 Mallacridis‚
1452 2891 1505 2922 nel
1528 2890 1625 2930 quale
1650 2890 1786 2929 dispone
1810 2897 1933 2928 corpus
1952 2897 2008 2919 seu

203 2960 347 2991 cadaver
370 2968 467 2990 suum
493 2959 626 2999 sepeliri
653 2958 774 2989 debere
799 2957 841 2988 ad
867 2957 1041 2988 ecclesiam
1069 2955 1173 2986 sancti
1201 2953 1379 2994 Augustini
1418 2951 1532 2993 Papie,
1559 2952 1767 2983 ...mandans
1793 2952 1823 2981 et
1849 2950 2010 2981 ordinans

202 3024 233 3053 et
258 3021 443 3062 disponens
469 3021 560 3061 quod
587 3021 617 3051 in
643 3022 674 3051 et
699 3029 759 3060 pro
785 3019 905 3050 fiendis
931 3017 1138 3049 funeralibus
1164 3016 1235 3047 suis
1262 3024 1327 3046 non
1347 3015 1519 3055 pulsentur
1537 3016 1567 3045 et
1586 3022 1643 3045 seu
1679 3022 1743 3044 non
1778 3013 1833 3043 fiat
1858 3020 2008 3051 expensa

202 3093 303 3116 causa
326 3083 469 3115 faciendi
496 3083 629 3124 pulsare
654 3090 839 3123 cumpanas
858 3081 993 3112 maioris
1011 3079 1149 3111 ecclesie
1168 3078 1351 3118 papiensis,
1378 3077 1436 3108 sed
1454 3079 1592 3116 agravat
1611 3075 1841 3115 infrascriptos
1859 3082 1940 3105 suos
1955 3074 2011 3104 he-
