2347 3444
1960 211 2019 242 251

211 347 243 377 et
267 345 453 377 solvendos
477 345 567 376 omni
592 353 692 383 ann0,
718 344 816 376 dictis
843 344 1012 376 Fratribus
1036 345 1067 375 et
1091 342 1282 379 conventui,
1309 351 1366 383 per
1392 341 1635 382 infrascriptam
1658 343 1730 373 eius
1756 343 1924 374 testatoris
1943 352 2026 374 uxo—

213 416 291 446 rem,
316 416 390 439 cum
417 408 479 438 hoc
505 416 604 438 onere
630 407 721 447 quod
748 407 825 438 dicti
852 405 969 437 fratres
994 406 1099 437 sancti
1126 404 1304 446 Augustini
1331 406 1504 435 teneantur
1529 406 1559 435 et
1577 404 1715 445 obligati
1735 405 1810 441 sint,
1829 405 1917 435 omni
1937 413 2025 435 anno

213 469 320 501 facere
345 469 493 500 officium
519 478 620 500 unum
658 470 884 506 mortuorum,
923 469 953 499 in
981 468 1054 508 ipsa
1079 467 1230 505 ecclesia,
1257 475 1317 507 pro
1343 466 1452 497 anima
1480 466 1587 506 ipsius
1613 467 1792 503 testatoris,
1818 468 1849 497 et
1876 466 1937 496 hoe
1966 466 2026 497 du-

212 533 303 562 rante
329 531 508 562 uxufructu
535 530 743 571 infrascripte
769 531 841 562 eius
867 530 993 561 uxoris.
1020 529 1058 561 Et
1084 529 1176 560 finito
1202 529 1291 559 dicto
1317 527 1514 565 uxufructo,
1540 529 1617 558 tunc
1642 530 1672 558 et
1698 536 1737 558 eo
1762 536 1853 565 casu,
1880 527 1970 558 dedit
1995 530 2025 558 et

212 593 336 633 legavit
360 602 397 624 ac
422 593 479 624 dat
514 595 545 624 et
571 594 678 634 legat,
717 594 750 624 ut
776 601 899 633 supra,
936 592 1095 632 predictis
1132 591 1278 622 dominis
1314 590 1473 621 tratribus
1509 592 1540 621 et
1576 588 1767 622 Conventui
1797 589 1883 620 alios
1909 589 2026 620 soldos

212 655 358 687 sedecim
385 655 595 696 imperiales,
634 656 677 686 ita
703 655 794 695 quod
821 655 852 685 in
879 656 982 686 totuin
1010 655 1075 685 sint
1100 653 1247 685 floremus
1280 661 1388 689 unus,
1418 652 1552 683 dandus
1577 654 1607 683 et
1633 652 1819 683 solvendus
1845 660 1902 691 per
1929 651 2028 682 intra-

213 718 358 757 scriptos
382 718 455 749 eius
480 718 620 749 heredes
646 717 743 748 dictis
769 717 915 748 dominis
940 716 1099 747 fratribus
1124 718 1154 747 et
1178 715 1380 747 conventui:
1417 716 1447 745 et
1473 714 1564 754 quod
1599 714 1662 754 ipsi
1689 713 1807 745 fratres
1832 716 2026 751 teneantur,

213 780 302 810 omni
329 788 428 817 anno,
455 780 486 810 in
512 780 599 810 dieta
625 779 776 816 eeclesia,
802 779 968 810 celebrare
994 787 1051 809 seu
1078 778 1236 809 celebrari
1263 777 1370 808 facere
1397 786 1456 817 pro
1482 777 1592 808 anima
1619 777 1727 816 ipsius
1753 776 1922 807 testatoris
1955 775 2026 806 offi-

212 842 299 872 cium
326 851 427 872 unum
454 843 670 879 mortuorum,
697 841 858 881 expensis
884 841 961 872 dicti
988 843 1186 872 conventus.

300 903 365 934 Fra
389 903 401 934 ι’
424 903 521 934 testi:
559 902 754 936 Reverendo
780 911 872 933 sacre
899 902 1067 943 theologie
1105 901 1296 943 professore
1333 901 1470 932 domino
1508 901 1668 941 magistro
1706 899 1852 931 Antonio
1890 899 1929 930 de
1967 898 2027 930 Ast

212 963 352 996 Ordinis
377 965 482 996 sancti
510 964 688 1005 Augustini
716 963 829 1005 Papie.

951 1138 1305 1179 CDLXXXII.

301 1249 352 1276 La
379 1248 565 1276 Comunita
590 1248 626 1276 di
651 1249 686 1277 S.
715 1249 885 1277 Mostiola
911 1248 1020 1276 affitta
1045 1248 1068 1276 il
1095 1248 1194 1276 forno
1221 1247 1276 1275 del
1303 1247 1483 1275 Convento
1509 1255 1528 1274 a
1554 1246 1643 1274 frate
1670 1245 1839 1274 Tolomeo
1865 1246 2005 1281 Sarego.

868 1360 1021 1391 1483,
1053 1360 1249 1392 «aprile,
1280 1360 1355 1384 17.

759 1448 835 1470 (Aren.
851 1449 931 1469 Notar.
947 1448 969 1469 di
986 1448 1063 1469 Pavia.
1080 1459 1105 1462 —
1120 1448 1168 1469 Atti
1183 1448 1205 1468 di
1222 1447 1363 1469 Bernardino
1379 1447 1474 1473 Georgi).

316 1643 363 1758 I
451 1640 481 1700 ΞΝ
507 1654 666 1696 Capitulo
692 1654 891 1687 Conventus
916 1657 1029 1686 sancte
1056 1654 1229 1686 Mustiolle
1256 1653 1404 1685 Fratrum
1432 1654 1672 1685 Heremitaruin
1699 1653 1803 1684 sancti
1839 1652 2028 1693 Augustini,

451 1703 452 1743 ἶ
481 1718 705 1758 respondente
731 1726 850 1749 versus
876 1719 1005 1757 pratum
1032 1717 1109 1748 dicti
1135 1718 1367 1748 conventus...
1398 1715 1600 1747 venerabilis
1637 1715 1794 1746 dominus
1830 1714 1929 1745 frater
1967 1714 2031 1745 Eu-

347 1816 444 1818 -ὶ
481 1780 631 1812 staeliius
657 1780 697 1811 de
722 1779 883 1810 Beeliaria
910 1779 1065 1816 vicarius,
1092 1778 1191 1810 frater
1216 1778 1334 1810 Petrus
1360 1779 1400 1809 de
1426 1776 1554 1815 Calvis‚
1579 1777 1679 1808 frater
1705 1776 1874 1808 Nleleliion
1902 1776 1942 1807 de
1969 1776 2031 1807 Lu—

209 1844 296 1881 cino,
321 1843 421 1874 frater
447 1841 673 1875 Gulielminus
699 1842 738 1872 de
766 1841 982 1881 Arigonihus,
1008 1841 1107 1872 frater
1134 1841 1330 1872 Laurentius
1356 1841 1396 1871 de
1423 1840 1539 1877 Biella‚
1576 1839 1675 1870 frater
1712 1838 1874 1879 Angelius
1900 1838 1939 1869 de
1967 1837 2031 1870 Ru-

211 1905 383 1943 sconibus⁷
409 1905 509 1936 frater
535 1904 712 1936 Nieolinus
738 1904 778 1934 de
804 1903 950 1934 Trotis...
977 1912 1094 1934 omnes
1112 1903 1230 1935 tratres
1249 1902 1427 1943 professi...
1447 1904 1714 1942 representantes
1734 1902 1810 1942 plus
1828 1910 1927 1941 quam
1944 1900 2029 1931 duas

212 1970 358 2008 partes...
385 1967 521 1998 fratrum
549 1967 765 1997 residentium
772 1991 822 1996 .....
848 1965 957 1996 chilim)
983 1966 1171 1996 investitura
1197 1965 1284 1996 dalle
1320 1964 1455 1996 colende
1480 1964 1515 1995 cii
1538 1964 1678 2003 Maggio
1697 1963 1769 2003 sino
1796 1972 1815 1994 a
1841 1971 1922 1993 nove
1948 1963 2026 1993 anni

204 2029 312 2070 futuri
336 2038 355 2060 a
381 2029 514 2060 fratrem
541 2029 764 2059 Tholomeum
792 2028 832 2059 de
866 2027 1039 2059 Saratielio
1065 2037 1105 2058 ex
1135 2027 1304 2058 Fratribus
1341 2027 1417 2058 dieti
1455 2028 1675 2057 conventus...
1702 2026 1741 2056 de
1768 2025 1869 2056 domo
1896 2033 1960 2055 una
1997 2027 2027 2055 et

210 2092 308 2123 furno
335 2092 432 2123 simul
460 2100 495 2123 se
521 2093 685 2122 tenente...
713 2091 743 2121 in
771 2089 874 2130 Papia
902 2091 932 2121 in
960 2089 1058 2121 Porta
1086 2089 1267 2121 Palacense
1294 2090 1324 2120 in
1352 2088 1514 2120 Parocliia
1534 2087 1565 2120 S.
1585 2086 1798 2125 Columbani,
1817 2088 1868 2118 cni
1896 2088 2028 2118 eolieret

210 2155 253 2186 ab
279 2163 343 2185 una
370 2156 462 2195 parte
489 2154 612 2185 dictum
641 2154 890 2190 monasterium,
916 2153 958 2184 ab
983 2153 1047 2183 alia
1073 2151 1280 2184 Cimiterium
1308 2152 1384 2182 dicti
1411 2154 1608 2188 conventus,
1627 2151 1669 2181 ab
1687 2151 1751 2181 alia
1779 2150 1823 2180 illi
1854 2150 1894 2180 de
1925 2148 2030 2181 Scias-

211 2216 333 2248 fenatis
358 2219 389 2247 et
414 2217 456 2248 ab
482 2217 547 2247 alia
574 2218 667 2247 ortus
693 2216 770 2246 dieti
799 2215 990 2246 monasterii
1018 2216 1131 2245 sancte
1158 2214 1342 2251 Mustiolle,
1365 2222 1425 2254 per
1454 2212 1596 2253 l'uffi'tto
1622 2221 1731 2244 annuo
1764 2212 1796 2243 ci*
1813 2221 1854 2243 1111
1890 2212 1970 2252 palo
1996 2211 2030 2242 (li

211 2279 353 2319 capponi
375 2278 463 2310 nella
481 2278 574 2319 festa
599 2278 634 2309 di
658 2277 690 2310 S.
717 2278 870 2309 Mamilio.
896 2276 980 2309 Cum
1009 2279 1106 2317 paeto
1132 2277 1223 2316 quod
1261 2276 1370 2307 dictus
1406 2275 1505 2306 frater
1542 2275 1750 2305 Tlioloineus
1786 2276 1935 2305 teneatur
1973 2274 2031 2304 im—

211 2341 335 2381 pastari
362 2340 480 2377 facere,
505 2349 680 2380 cocquere,
707 2340 866 2370 mundare
892 2341 921 2370 et
949 2340 1101 2369 buratare
1121 2347 1239 2378 panem
1258 2340 1289 2369 et
1306 2338 1370 2369 alia
1390 2337 1496 2368 facere
1524 2339 1619 2377 prout
1646 2336 1789 2367 faciebat
1816 2336 1962 2367 lulianus
1988 2336 2028 2366 de

210 2402 318 2433 Zaziis
345 2403 400 2442 qui
427 2402 561 2433 tenebat
587 2402 710 2433 dictum
737 2401 868 2432 furnum
896 2410 913 2432 a
941 2401 1028 2431 dieto
1056 2400 1258 2431 monasterio
1283 2396 1355 2438 (1),
1389 2399 1547 2429 omnibus
1584 2398 1745 2438 expensis
1786 2398 1862 2428 dieti
1901 2397 2026 2428 domini

210 2464 321 2495 fratris
348 2464 525 2495 Tholomei
544 2461 605 2503 (2).

271 2623 301 2646 vl)
317 2622 372 2642 Vedi
389 2621 402 2642 il
418 2621 559 2642 documento
575 2621 611 2642 del
626 2622 648 2642 31
667 2621 737 2645 luglio
755 2621 811 2641 1475.
1147 2620 1196 2639 tuto
1213 2624 1253 2643 per
1268 2624 1326 2638 nove
1342 2619 1393 2638 anni
1410 2624 1422 2638 ;ι
1439 2618 1581 2638 Bernardino
1597 2618 1686 2643 Sncelii,
1703 2624 1743 2643 per
1759 2618 1798 2638 lire
1815 2619 1909 2643 qnattro
1921 2622 1932 2637 e
1945 2623 2024 2637 mezzo

269 2666 298 2690 (2)
316 2666 424 2687 Noli-anio
439 2667 480 2687 elie
496 2672 538 2687 con
555 2668 605 2687 atto
628 2666 648 2686 di
667 2665 787 2686 Leonnrdo
804 2665 897 2685 ssusmn
915 2664 950 2685 del
970 2665 995 2684 311
1017 2664 1089 2689 aprile
1144 2663 1244 2683 all'annu
1260 2669 1271 2682 e
1287 2663 1437 2686 coll'nbliligo
1453 2662 1474 2682 di
1491 2668 1588 2682 cnoeerc
1605 2662 1617 2682 il
1635 2668 1693 2687 pane
1710 2662 1746 2687 pel
1762 2663 1885 2684 convento.
1902 2661 1962 2681 dalla
1983 2662 2025 2681 Co-

214 2711 274 2732 dello
289 2713 368 2731 stesso
378 2716 438 2732 anno
456 2711 506 2731 1483
521 2711 534 2731 il
552 2711 630 2731 l'riore
646 2711 666 2730 di
683 2710 705 2731 S.
723 2710 834 2730 Musti-na
851 2710 967 2730 (hile-nmo
979 2709 1007 2729 dn
1020 2708 1088 2728 l'avin
1130 2706 1232 2727 -inmiitli
1249 2707 1269 2727 di
1286 2707 1308 2727 S*
1326 2707 1446 2731 Mustium,
1463 2707 1503 2727 elie
1519 2707 1590 2726 allorn
1607 2706 1772 2731 componemsi
1789 2706 1825 2726 del
1843 2705 1920 2726 Priore
1941 2705 2025 2726 Cheru—

213 2755 241 2776 ed
257 2756 262 2776 i
278 2755 330 2776 frati
342 2755 480 2776 Melcliiorre
493 2755 718 2780 Lucini,(juglieimo
730 2754 844 2779 Arrigoni,
869 2753 993 2773 liiislacliio
1005 2753 1032 2773 tle
1050 2753 1093 2772 No-
1149 2752 1202 2772 hino
1217 2752 1245 2772 da
1262 2751 1335 2772 Corn«)
1351 2758 1362 2772 e
1378 2751 1413 2772 dei
1430 2751 1481 2771 frati
1499 2751 1636 2771 Melchiorre
1658 2751 1751 2775 Lucini,
1775 2750 1898 2771 Gerulum«)
1916 2750 2025 2773 ssastmii,

213 2803 258 2825 cte,
269 2800 372 2820 Lorenzo
381 2799 498 2824 daBiella,
515 2799 627 2820 Tolomeo
636 2799 732 2823 Sarego,
749 2799 836 2823 Ange-lo
849 2798 946 2818 Rus-coni
963 2804 974 2817 e
992 2797 1091 2817 natust..
1149 2796 1262 2820 Aigostino
1279 2796 1337 2816 uena
1354 2796 1445 2820 chiesa,
1463 2796 1539 2816 l‘ictm
1555 2796 1583 2815 dn
1600 2796 1762 2821 Cnrmngnoln,
1785 2795 1896 2815 (jiovnnni
1914 2794 2027 2814 d’Aleninu

215 2844 316 2869 Zagani,
340 2844 447 2864 ricevono
463 2843 499 2864 dal
515 2843 604 2863 tornaio
627 2843 734 2864 Crinliano
759 2842 826 2863 Zazzi
843 2843 882 2862 lire
901 2843 923 2861 15
939 2848 950 2861 e
966 2841 1024 2861 soldi
1044 2841 1065 2860 11
1081 2846 1092 2860 n
1149 2846 1201 2864 gna.
1218 2840 1312 2864 Oiorgio
1323 2839 1382 2860 dens·
1394 2840 1471 2863 l‘lelie,
1484 2839 1612 2860 Benedetto
1623 2839 1651 2859 dn
1665 2838 1766 2863 l'ndom,
1779 2838 1878 2859 Ballista
1891 2838 1919 2857 da
1931 2838 2026 2860 Milann,

214 2888 280 2908 saldo
296 2888 412 2913 completo
428 2887 480 2908 dell'
491 2887 568 2908 aflitto
584 2888 605 2907 di
621 2888 633 2908 7
648 2887 700 2908 anni
717 2893 728 2907 e
744 2887 788 2907 dne
814 2886 869 2907 mesi
892 2886 951 2906 dell-'1
967 2891 1035 2909 casa,
1058 2885 1094 2905 ‹lt-l
1151 2885 1221 2905 Panlo
1238 2884 1329 2908 l'ietra,
1353 2884 1521 2909 Miclielangclo
1544 2883 1635 2907 l‘ietrn,
1661 2884 1755 2903 Alliertn
1771 2883 1799 2903 da
1817 2882 1885 2902 l'avin
1899 2899 1903 2905 ,
1927 2882 2027 2902 Battism

215 2931 281 2952 forno
306 2938 317 2952 e
337 2931 396 2952 della
411 2933 473 2952 torre
489 2931 525 2952 del
550 2931 687 2955 Convento,
710 2931 739 2951 da
755 2931 784 2951 lni
802 2930 837 2955 gia
859 2930 930 2950 tenuti
953 2930 972 2949 in
994 2929 1093 2954 pigione.
1152 2929 1227 2949 l‘ietra
1243 2934 1254 2949 e
1271 2928 1402 2949 Cherubim)
1418 2928 1446 2948 da
1464 2928 1575 2951 ssissnnc,
1600 2928 1786 2953 rappresenlunti
1804 2926 1841 2952 pili
1859 2927 1879 2946 di
1901 2926 1944 2946 due
1968 2926 2026 2950 parti

216 2976 233 2996 Ε
249 2981 288 3001 per
304 2976 391 2996 evitare
407 2975 536 3001 ripetizioni
554 2975 630 2995 diaino
646 2975 684 3001 qui
701 2975 721 2995 la
738 2975 823 2995 notizia
839 2975 880 2995 elie
896 2974 917 2994 lo
929 2975 1007 2993 stesso
1019 2973 1092 2997 forno,
1149 2973 1207 2993 delle
1225 2974 1258 2993 tre
1274 2972 1309 2992 del
1325 2972 1441 2997 Capitolo.

215 3024 259 3040 con
274 3021 324 3040 atto
342 3019 365 3040 13
381 3024 459 3039 marzo
477 3019 527 3040 1493
542 3019 577 3040 del
594 3019 673 3040 notaio
690 3019 858 3040 Franceschino
874 3017 970 3041 Sacclii,
995 3017 1016 3037 lu
1040 3017 1100 3037 ultit-
