2347 3444
1170 372 1339 412 CCXI.

435 479 540 508 Frate
566 480 722 508 Eusebio
748 480 921 516 Leggieri,
951 481 1184 509 Procuratore
1210 480 1244 508 di
1272 480 1303 511 S.
1331 480 1517 515 Agostino,
1555 480 1672 508 riceve
1698 480 1721 508 il
1746 486 1957 517 pagamento
1983 481 2017 510 di
2042 491 2087 510 un
2112 482 2160 510 le-

347 537 427 569 gato
453 533 735 562 testamentario.

1016 630 1070 652 1-’5
1079 628 1131 651 4(
1140 629 1169 659 )‚
1199 629 1437 659 ottobre,
1459 628 1497 653 1.

821 716 897 739 (Aren.
917 716 996 736 Notas.
1014 715 1035 735 di
1060 715 1129 736 l‘nvia
1148 726 1169 729 —
1187 715 1234 736 Atti
1252 715 1273 735 di
1290 715 1347 736 Gian
1365 715 1481 736 Lodovieo
1497 715 1673 742 Sti-azzapattii.

421 812 527 929 C
589 831 767 857 ONFESSIO
793 825 880 856 facta
907 834 965 865 per
991 825 1123 856 fratrem
1151 825 1340 857 Euxebium
1360 826 1401 857 de
1421 826 1580 867 Legieriis
1599 827 1766 858 sindicum
1785 830 1816 858 et
1835 830 2084 867 procuratorem
2105 837 2161 860 ve-

611 888 828 919 nerahilicum
855 888 1066 918 dominorum
1094 887 1230 925 Prioris,
1256 887 1392 919 fratrum
1412 890 1443 919 et
1461 886 1659 920 Conventus
1678 888 1820 920 ecclesie
1846 890 1952 921 sancti
1979 889 2159 931 Augustini

610 951 794 990 papiensis,
832 958 950 981 versus
977 949 1016 981 D.
1043 950 1279 991 Thomaynum
1306 951 1347 982 de
1374 950 1575 991 Viqueria....
1609 951 1651 982 ad
1679 951 1864 982 utillitatem
1904 951 2104 984 Iohannis...
2130 955 2160 984 et

343 1010 565 1052 Bertollamey
591 1013 631 1043 de
659 1012 794 1044 Boscho
820 1015 850 1044 et
876 1012 992 1043 Zanini
1019 1013 1059 1044 de
1086 1011 1330 1044 Guaschonato
1356 1013 1396 1044 de
1424 1012 1591 1053 viqueria,
1619 1013 1776 1044 heredum
1804 1014 1974 1054 quondam
1993 1013 2032 1045 D.
2052 1014 2157 1046 Marci

340 1073 381 1104 de
408 1073 560 1113 Aguihen
598 1075 639 1105 de
678 1074 846 1115 viqueria,
872 1084 907 1106 se
934 1075 1023 1106 dicto
1061 1075 1194 1106 nomine
1234 1075 1394 1106 habuisse
1420 1077 1451 1106 et
1478 1076 1648 1116 recepisse
1675 1085 1693 1107 a
1719 1076 1809 1107 dieto
1847 1074 1886 1107 D.
1913 1075 2157 1117 Thomayno....

342 1135 443 1166 libras
469 1136 585 1167 decem
613 1137 813 1177 imperiales
840 1146 904 1177 que
931 1137 1020 1168 aliax
1047 1137 1137 1168 dicto
1163 1138 1343 1168 conventui
1371 1146 1430 1168 nec
1457 1147 1521 1168 non
1548 1140 1579 1169 et
1605 1138 1776 1178 quondam
1804 1138 1988 1169 reverendo
2018 1139 2155 1170 domino

341 1197 500 1236 magistro
527 1197 662 1229 Iohanni
690 1197 788 1230 Petro
813 1199 854 1230 de
881 1199 909 1230 la
936 1197 1027 1230 Silva
1054 1199 1214 1239 magistro
1240 1207 1333 1230 sacre
1359 1199 1480 1239 pagine
1507 1199 1585 1230 dicti
1613 1198 1761 1237 Ordinis,
1800 1199 1906 1240 legate
1943 1199 2075 1231 fuerunt
2101 1209 2161 1241 per

339 1260 464 1290 dictum
492 1259 530 1291 D.
558 1260 734 1292 Marchum
763 1261 793 1291 in
820 1261 893 1292 eius
931 1263 1142 1298 testamentO,
1179 1261 1220 1292 de
1246 1270 1314 1301 quo
1352 1267 1503 1302 rogatum
1540 1261 1600 1292 fuit
1638 1262 1892 1293 instrumentum
1931 1271 2019 1293 anno
2057 1271 2157 1294 curso

340 1320 661 1363 MCCCCXXXlllJ,
689 1323 855 1354 indicione
881 1322 949 1364 XlJ,
976 1323 1029 1355 die
1057 1324 1163 1363 primo
1200 1323 1359 1363 aprilis...
1398 1324 1601 1363 computatis
1638 1326 1747 1355 tamen
1783 1324 1814 1355 in
1853 1325 1998 1364 presenti
2025 1325 2159 1357 confes-

339 1384 433 1415 sione
460 1388 489 1415 et
517 1385 547 1415 in
574 1385 673 1416 dictis
712 1385 805 1416 libris
843 1386 958 1417 decem
997 1385 1238 1426 imperialibus.
1276 1386 1413 1417 florenis
1439 1386 1574 1417 duobus
1611 1386 1695 1417 alias
1722 1386 1845 1417 habitis
1871 1389 1902 1418 et
1929 1387 2074 1427 receptis
2100 1396 2158 1428 per

339 1447 463 1478 dictum
490 1448 660 1487 quondam
687 1448 858 1479 dominum
887 1449 1081 1489 magistrum
1109 1447 1287 1479 Iohannem
1316 1447 1449 1479 Petrum
1476 1448 1517 1479 de
1543 1448 1572 1479 la
1599 1446 1734 1480 Silva...
1762 1448 1800 1480 Et
1826 1449 1914 1482 inde,
1940 1451 2002 1480 etc.

427 1508 488 1540 Die
516 1510 622 1549 primo
647 1510 806 1547 octobris,
833 1508 1062 1547 MCCCCXL,
1089 1511 1169 1541 hora
1196 1519 1456 1550 vesperarum....
1485 1511 1515 1541 in
1542 1509 1657 1550 Papia,
1686 1511 1716 1541 in
1743 1511 1856 1542 studio
1882 1511 2004 1542 domus
2030 1511 2160 1542 habita-

337 1571 437 1602 tionis
464 1570 502 1602 D.
530 1571 664 1603 Antonii
692 1572 733 1603 de
760 1571 1010 1610 Preottonibus,
1037 1573 1101 1603 sito
1128 1573 1158 1603 in
1187 1571 1285 1603 Porta
1313 1572 1479 1604 Laudensi
1507 1572 1538 1603 in
1566 1572 1730 1604 Parochia
1757 1571 1789 1604 S.
1817 1572 1892 1604 Viti.

1143 1721 1339 1761 CCXII.

428 1830 479 1858 La
505 1830 585 1858 nob.
614 1830 823 1858 Giacomina
850 1831 1021 1858 Cattaneo
1047 1831 1081 1858 fa
1104 1839 1150 1858 un
1176 1830 1305 1859 lascito
1331 1839 1351 1858 a
1377 1831 1499 1859 favore
1525 1831 1559 1859 di
1586 1831 1621 1859 S.
1648 1830 1833 1867 Agostino.

940 1936 1082 1967 1441„
1112 1937 1456 1967 11(›z*Q1111l)2·e9
1487 1936 1564 1960 14.

893 2023 969 2046 (Arch.
986 2023 1007 2043 di
1024 2023 1100 2049 Staio,
1117 2024 1212 2044 Milano.
1229 2035 1253 2037 —
1270 2023 1374 2049 Pergam.
1392 2023 1413 2044 di
1430 2023 1452 2044 S.
1469 2023 1600 2049 Agostino'v.

443 2120 488 2235 I
587 2139 609 2164 N
636 2134 790 2165 sacristia
827 2134 970 2165 ecclesie
1007 2134 1113 2165 sancti
1154 2133 1283 2164 Thome
1310 2133 1424 2173 Papie.
1452 2132 1596 2164 Domina
1623 2133 1788 2164 Iacomina
1814 2133 1854 2163 de
1881 2131 2065 2173 Captaneis
2091 2133 2156 2164 filia

578 2215 579 2220 =
608 2197 778 2236 quondam
806 2195 845 2227 D.
873 2196 1048 2227 Archizoni
1076 2198 1106 2228 et
1132 2196 1210 2227 olim
1238 2205 1323 2227 uxor
1348 2196 1518 2236 quondam
1545 2194 1584 2226 D.
1612 2195 1784 2227 Laurencii
1811 2195 1852 2226 de
1879 2194 2074 2233 Arhariciis,
2106 2195 2160 2226 nel

457 2294 463 2295 ⁷
608 2268 667 2290 suo
705 2261 897 2290 testamento
936 2259 1059 2299 legavit
1085 2261 1115 2290 et
1142 2260 1229 2300 legat
1254 2259 1432 2290 conventui
1459 2257 1596 2289 fratrum
1623 2257 1728 2288 sancti
1760 2255 1938 2296 Augustini
1966 2255 2070 2297 Papie
2096 2255 2158 2288 Or-

338 2322 426 2352 dinis
454 2321 694 2353 Heremitarum
721 2323 826 2353 sancti
854 2321 1033 2362 Augustini
1062 2321 1165 2362 Papie
1194 2322 1342 2352 florenos
1368 2321 1494 2352 decem.

428 2384 501 2415 Not.
525 2384 729 2425 Jacomatius
755 2384 796 2415 de
823 2383 976 2415 Sedaciis
1002 2386 1032 2415 et
1059 2383 1249 2424 Philipinus
1276 2383 1317 2414 de
1344 2382 1523 2414 BienzanO.

1140 2531 1363 2572 CCXIII.

428 2640 493 2668 Per
520 2641 552 2667 la
579 2641 801 2668 costruzione
828 2641 862 2668 (ii
888 2650 954 2668 una
981 2641 1141 2677 cappella
1167 2640 1330 2675 contigua
1356 2640 1426 2668 alla
1452 2638 1627 2674 sagrestia
1654 2638 1745 2673 degli
1772 2637 2079 2673 Agostiniani,0v'
2097 2646 2156 2666 era

338 2694 471 2722 l'Arca.

999 2746 1016 2769 1
1025 2745 1148 2777 442,
1178 2752 1193 2769 ε
1202 2753 1213 2768 n
1222 2753 1255 2776 p
1263 2745 1301 2769 ri
1309 2747 1373 2773 10,
1404 2743 1488 2768 2¹7.

829 2833 896 2855 (Bitu.
915 2833 979 2853 Univ.
997 2833 1018 2853 di
1036 2832 1104 2853 Pavia
1122 2844 1145 2846 st
1162 2832 1219 2853 Cod.
1237 2838 1257 2852 n.
1273 2833 1320 2857 428,
1338 2831 1442 2857 Pergam.
1459 2831 1480 2851 di
1497 2830 1518 2851 Sv
1537 2831 1666 2855 Agostino),

584 2948 606 2973 Ν
635 2943 767 2974 nomine
805 2942 950 2979 Domini,
977 2943 1093 2974 Amen.
1121 2942 1218 2973 Anno
1243 2951 1261 2973 a
1288 2941 1459 2973 nativitate
1485 2938 1618 2971 Domini
1655 2940 1820 2971 milesimo
1857 2939 2154 2979 quatricentesimo

605 3006 866 3046 quadragesimo
893 3005 1054 3041 secundo,
1081 3005 1249 3035 indicione
1276 3003 1402 3043 quinta,
1428 3003 1481 3034 die
1509 3003 1673 3043 vigesimo
1707 3003 1813 3042 primo
1852 3002 1976 3033 mensis
2014 3000 2152 3041 aprilliS.

605 3069 685 3098 hora
712 3067 933 3107 completorii,
960 3067 990 3097 in
1018 3064 1170 3098 Citadela
1205 3065 1319 3105 l'apie‚
1358 3064 1514 3096 videlicet
1541 3064 1571 3094 in
1598 3063 1756 3094 domibus
1782 3065 1813 3094 et
1839 3062 2002 3094 sedimine
2039 3070 2154 3093 mona-
