2347 3444
286 229 351 260 222

284 360 571 394 Commendamus
598 371 660 393 nos
688 362 950 403 Magnificentiis
969 362 1089 393 vestris
1107 365 1137 392 et
1168 364 1200 392 ut
1231 361 1330 391 nobis
1364 360 1506 400 benigne
1541 359 1766 399 respondeant
1795 368 1987 390 exoramus.
2014 358 2102 390 Bene

286 424 392 455 valete
418 425 521 456 nostri
549 433 722 455 memores.
750 424 798 455 Ex
825 422 1003 456 Conventu
1031 422 1141 454 Sancti
1162 421 1255 452 Pauli
1288 420 1390 461 Papie
1417 421 1545 451 ordinis
1570 420 1706 451 fratrum
1727 421 1958 451 heremitarum
1991 419 2101 452 Sancti

286 486 463 527 Augustini
490 486 741 517 observantium
767 484 1048 525 congregationis
1079 483 1276 514 Lombardie
1303 483 1366 519 die,
1392 481 1481 513 XXV
1509 482 1655 522 Januarij
1676 480 1966 514 MCCCCLXXX.

378 601 702 641 Magnificentiarum
731 604 914 631 vestrarum
943 599 1012 630 filii
1040 602 1070 629 et
1096 600 1267 629 oratores:
1307 596 1399 628 Prior
1425 599 1455 628 et
1481 596 1599 628 fratres
1636 595 1834 628 Conventus
1867 595 1978 628 Sancti
2010 595 2103 627 Pauli

288 662 390 703 Papie
418 662 686 703 Augustinenses
711 671 784 692 cum
813 661 927 692 humili
955 659 1292 691 recommendatione.

332 777 402 817 Ego
423 777 593 818 johannes
620 775 830 815 Augustinus
856 774 931 805 dico
958 773 1050 814 quod
1076 773 1131 804 fiat
1157 773 1285 804 oblatio
1311 772 1476 813 generalis
1503 772 1604 803 semel
1633 773 1663 803 in
1689 781 1778 803 anno
1805 781 1862 812 per
1887 774 1989 803 totam
2022 772 2103 803 civi-

286 843 384 870 tatem
411 842 440 869 et
468 839 528 869 hoc
556 846 662 877 usque
687 837 729 867 ad
755 844 863 867 annos
882 838 957 867 tres.
978 834 1047 866 Fiat
1075 843 1139 866 una
1158 834 1285 865 oblatio
1303 834 1470 875 generalis
1488 835 1519 865 in
1538 843 1627 865 anno
1647 842 1753 874 usque
1772 834 1814 865 ad
1832 842 1940 865 annos
1959 836 2025 865 tres
2041 831 2103 874 (l).

1031 1018 1370 1059 CDXXXVI.

380 1139 485 1166 Frate
511 1137 687 1166 Giovanni
725 1138 769 1166 da
807 1137 842 1166 S.
869 1136 1005 1172 Angelo
1042 1141 1207 1172 presenta
1240 1136 1273 1163 al
1300 1135 1422 1164 Priore
1448 1144 1465 1164 e
1492 1135 1525 1163 al
1551 1135 1786 1164 Procuratore
1812 1135 1846 1164 di
1873 1135 1908 1164 S.
1935 1135 2110 1171 Agostino

291 1201 358 1220 una
385 1192 553 1220 cauzione
578 1191 634 1228 pel
661 1195 872 1227 pagamento
899 1190 933 1218 di
958 1199 1003 1218 un
1029 1190 1160 1218 debito.

950 1312 1104 1343 1480,
1133 1312 1271 1336 felss)
1277 1311 1360 1336 1⁴51]
1367 1318 1412 1342 0,
1442 1313 1477 1335 1.

857 1409 933 1432 [Arch.
951 1409 1030 1429 Notar.
1049 1408 1070 1428 di
1088 1408 1157 1429 Pavia
1172 1418 1181 1422 —
1196 1408 1243 1429 Atti
1259 1408 1281 1428 di
1298 1407 1409 1429 Giacomo
1426 1407 1535 1431 pescari).

397 1605 445 1720 I
539 1622 562 1648 Ν
587 1617 670 1648 cella
696 1625 754 1648 seu
780 1625 910 1648 camera
936 1617 1115 1647 residentie
1142 1615 1343 1656 infrascripti
1382 1615 1509 1646 domini
1546 1614 1657 1646 fratris
1683 1614 1852 1653 Iohannis,
1878 1616 1941 1647 sita
1968 1615 1999 1646 in
2026 1615 2115 1646 infir—

533 1692 534 1699 *
563 1680 665 1711 maria
692 1680 884 1711 monasterii
911 1680 1018 1710 sancti
1045 1678 1224 1720 Augustini
1252 1678 1355 1719 Papie
1361 1703 1411 1709 .....
1437 1676 1522 1710 Cum
1550 1678 1612 1708 hoc
1638 1678 1680 1709 sit
1707 1677 1798 1717 quod
1832 1677 1990 1708 dominus
2015 1676 2114 1708 frater

479 1728 534 1779 'J
563 1741 728 1772 lohannes
753 1741 793 1772 de
819 1743 936 1772 sancto
962 1740 1104 1782 Angello
1129 1741 1214 1772 alias
1239 1743 1328 1772 esset
1354 1740 1504 1771 sindicus
1519 1742 1549 1771 et
1568 1742 1762 1780 procurator
1781 1740 1983 1771 venerabilis
2001 1748 2116 1771 mona—

291 1806 381 1836 sterii
407 1814 444 1836 ac
471 1804 608 1845 capituli
637 1804 742 1835 sancti
770 1802 948 1844 Augustini
977 1803 1162 1843 papiensis,
1189 1803 1219 1833 in
1246 1803 1310 1833 fine
1338 1803 1446 1843 ipsius
1472 1811 1611 1842 procure
1617 1827 1666 1834 .....
1693 1801 1754 1833 fuit
1772 1811 1810 1833 ac
1829 1802 1966 1833 restavit
1984 1802 2115 1833 debitor

293 1868 401 1908 ipsius
438 1867 630 1898 monasterii
669 1867 710 1897 de
748 1866 913 1897 becondia
951 1874 1015 1896 una
1055 1866 1122 1896 vini
1149 1865 1215 1896 albi
1242 1868 1272 1896 et
1298 1865 1411 1896 sachis
1444 1865 1594 1905 quinque
1620 1864 1774 1896 frumenti
1793 1862 1844 1904 (2)
1848 1890 1898 1896 .....
1923 1867 1954 1896 et
1979 1865 2057 1904 quia
2084 1865 2115 1895 in

294 1930 385 1961 brevi
413 1933 463 1961 est
490 1937 685 1960 recessurus
710 1937 728 1959 a
755 1929 844 1960 dicto
871 1929 1085 1966 monasterio,
1113 1928 1231 1959 volens
1256 1928 1364 1959 eidem
1391 1927 1585 1959 satisfacere
1590 1953 1640 1958 .....
1677 1928 1750 1959 eius
1787 1927 1944 1968 precibus
1969 1929 1999 1958 et
2025 1935 2117 1958 man-

294 1992 382 2023 datis
409 1990 631 2022 Dominichus
657 1990 697 2021 de
724 1989 834 2021 Beciis
839 2015 889 2021 .....
916 1990 1083 2021 habitator
1109 1992 1222 2021 sancte
1248 1989 1360 2020 lullete
1387 1989 1426 2020 de
1454 1989 1536 2020 ultra
1564 1988 1692 2020 Padum
1718 1987 1908 2021 Comitatus
1926 1987 2115 2029 Papiensis,

293 2056 425 2094 sponte,
452 2054 586 2084 nomine
612 2053 690 2084 dicti
717 2053 843 2083 domini
871 2052 982 2084 fratris
1009 2052 1168 2084 Iohannis
1186 2050 1246 2091 (3),
1273 2051 1334 2083 fuit
1359 2051 1538 2083 confessus
1563 2054 1594 2083 et
1619 2051 1795 2082 confitetur
1832 2059 1951 2082 versus
1981 2059 2118 2082 venera-

295 2116 380 2147 biles
407 2116 565 2147 dominos
602 2124 695 2146 sacre
732 2115 902 2156 theologie
939 2115 1095 2146 doctores
1133 2113 1325 2146 Gabrielem
1352 2114 1392 2145 de
1419 2113 1533 2145 Buciis
1559 2112 1706 2144 Priorem
1733 2113 1810 2144 dicti
1838 2113 2030 2144 monasterii
2058 2121 2116 2144 nec

298 2188 362 2209 non
389 2181 419 2209 et
445 2178 579 2209 fratrem
606 2177 793 2218 Baptistam
832 2177 872 2208 de
910 2176 1078 2210 Ranchate
1105 2177 1270 2208 sindicum
1309 2177 1386 2208 dicti
1425 2176 1629 2213 monasterii,
1655 2175 1690 2206 di
1713 2183 1819 2206 essere
1855 2174 2000 2206 debitore
2027 2183 2117 2207 verso

294 2240 325 2271 lo
350 2243 455 2271 stesso
483 2239 649 2272 Convento
675 2239 762 2270 della
787 2241 1011 2270 suaccermata
1037 2239 1186 2278 quantita
1212 2239 1247 2270 cii
1272 2239 1345 2270 vino
1371 2247 1387 2270 e
1412 2238 1447 2269 di
1463 2237 1631 2278 frumento
1656 2237 1714 2268 clze
1736 2236 1887 2277 paglzerci
1901 2245 1963 2277 per
1977 2236 2010 2268 Ia
2021 2236 2114 2277 festa

293 2303 458 2342 prossimu
483 2302 518 2333 cii
543 2301 575 2334 S.
602 2301 752 2333 Micliele.

356 2479 384 2497 tl·
400 2478 487 2501 Qut->tc
504 2478 581 2497 ultime
598 2478 677 2502 parole
692 2483 751 2497 >nun
766 2477 785 2497 lsi
809 2477 979 2497 deliberatione
1001 2477 1036 2496 del
1059 2476 1178 2501 consigno
1235 2476 1347 2496 Giovanni
1364 2475 1392 2495 dxl
1408 2475 1430 2495 S⁴
1448 2475 1543 2499 Angeia,
1560 2474 1658 2495 durante
1670 2475 1690 2494 la
1702 2480 1743 2494 sua
1755 2474 1975 2497 amministrazfflne,
1987 2480 2032 2495 non
2043 2480 2116 2495 aveva

305 2522 325 2540 m
343 2521 507 2542 Pha-visione.
533 2522 545 2540 ι1
563 2522 630 2545 ηικιΙυ
653 2522 778 2541 rit-nnolibc
794 2521 798 2541 i
816 2521 889 2541 meriti
906 2521 941 2541 dci
959 2520 1064 2545 Religiosi
1082 2527 1093 2541 e
1109 2521 1128 2541 la
1150 2526 1183 2540 ra-
1239 2522 1323 2545 potuto
1339 2520 1435 2544 csigere.

305 2566 468 2590 munt-volema
486 2566 543 2585 tlt-lit·
561 2566 608 2585 low
625 2565 747 2585 «laniando.
1289 2565 1310 2587 (3
1339 2565 1413 2585 Molli)
1429 2564 1614 2590 probabilmcntc
1630 2564 1643 2584 il
1660 2563 1787 2584 Domenico
1809 2563 1837 2583 de
1854 2563 1928 2584 Beciis
1940 2580 1945 2588 ,
1969 2564 2010 2584 che
2034 2563 2072 2589 qui
2097 2563 2115 2584 si

368 2612 380 2630 2
404 2610 425 2630 Si
442 2610 581 2636 commende
597 2611 637 2630 che
653 2616 691 2629 cra
707 2610 720 2629 il
737 2612 876 2635 paganicum
892 2609 913 2629 ili
930 2615 959 2629 ιιιι
975 2609 1060 2634 ruffino,
1071 2610 1112 2629 che
1124 2609 1181 2629 frate
1238 2609 1293 2629 ultre
1310 2609 1456 2633 fideiussore,
1472 2614 1510 2628 em
1527 2608 1540 2628 il
1557 2608 1616 2628 reule
1628 2607 1733 2628 debitore
1745 2607 1876 2628 [lell'ultitto
1889 2613 1956 2628 verso
1968 2608 1981 2628 il
1992 2609 2115 2628 convento.
