2347 3444
1947 203 2004 235 351

199 338 256 370 per
281 329 461 362 Iohannem
487 329 671 371 Georgium
697 330 738 361 de
764 329 871 362 Sixtis
897 331 1062 362 notarium
1082 330 1253 371 publicum
1273 331 1469 371 papiensem
1488 340 1526 363 ac
1545 333 1709 364 notarium
1729 336 1759 364 et
1777 335 2009 366 cancellarium

198 392 239 423 ad
267 392 432 424 banchum
459 391 559 424 Curie
585 392 800 433 Episcopalis
826 393 1000 434 papiensis
1027 392 1285 433 infrascriptum.
1312 393 1408 424 Nunc
1435 402 1513 424 vero
1543 397 1728 426 convocata
1755 398 1785 426 et
1810 399 2011 437 congregata

203 454 319 485 iterum
347 455 574 487 Universitate
608 455 843 496 spectabilium
878 456 1052 487 doctorum
1078 458 1109 487 et
1134 456 1337 487 scholarium
1365 456 1442 487 dicti
1470 455 1577 488 Studii
1605 458 1745 497 copiosa
1778 467 1815 488 ac
1850 458 2010 490 nobilium

197 516 319 546 civium
346 526 525 548 numerosa
551 519 684 549 caterva
711 518 742 549 in
769 518 998 558 suprascripta
1023 518 1099 549 aula
1126 526 1246 559 magna
1273 518 1386 558 palatii
1413 519 1642 558 episcopalis,
1680 528 1739 559 pro
1778 521 1839 551 hoc
1877 521 2012 561 negotio

197 578 387 617 specialiter
413 580 604 619 peragendo
630 582 661 610 et
686 580 898 619 exequendo,
925 580 1074 620 prefatus
1099 580 1258 612 dominus
1282 579 1382 611 frater
1408 579 1563 620 philipus
1582 589 1638 620 per
1657 580 1820 621 prefatum
1840 582 2012 613 dominum

197 640 392 680 magistrum
420 639 649 672 Alexandrum
676 642 846 672 doctorem
874 642 1066 673 iamdictum
1094 643 1305 683 vesperiatus
1328 642 1443 679 fuerit,
1471 645 1503 673 ut
1530 643 1632 674 moris
1658 643 1791 681 existit,
1831 644 2008 684 eidemque

197 702 334 732 domino
359 701 450 733 tratri
478 702 623 743 philipo,
649 713 723 734 cum
749 704 825 735 aliis
851 704 1048 735 doctoribus
1073 706 1104 736 et
1130 705 1310 746 magistris,
1335 705 1526 736 cathedram
1547 705 1762 743 doctoralem,
1782 708 1816 736 ut
1834 707 1936 737 moris
1953 709 2014 743 est,

196 764 402 801 ascendenti,
427 765 500 795 eius
526 766 626 805 capiti
654 765 694 796 de
720 767 823 797 nostri
852 767 983 798 licentia
1011 776 1068 807 per
1085 767 1226 798 eundem
1247 776 1339 798 sacre
1358 767 1527 808 theologie
1553 767 1723 798 doctorem
1751 768 1923 799 dominum
1944 778 2012 800 ma-

196 827 336 867 gistrum
366 826 591 858 Alexandrum
620 827 776 858 birretum
805 829 995 868 magistrale
1021 830 1199 860 rotondum
1226 830 1373 869 positum
1399 832 1460 867 est,
1497 830 1640 861 servatis
1667 830 1697 860 in
1725 831 1911 870 premissis,
1945 840 2015 862 om-

197 890 297 920 nibus
322 889 442 920 ritibus
467 892 497 920 et
523 890 820 929 solempnitatibus
846 892 1023 931 oportunis
1042 893 1072 922 in
1092 892 1216 923 talibus
1234 894 1264 923 et
1283 892 1451 923 similibus
1470 892 1592 923 debitis
1610 895 1641 923 et
1659 893 1841 923 consuetis.
1869 893 1899 924 ln
1919 894 2015 925 cuius

197 953 241 983 rei
268 953 495 983 testimonium
523 954 696 992 presentes
723 953 790 983 fieri
819 952 959 984 fecimus
979 955 1008 984 in
1029 954 1169 985 formam
1198 954 1322 994 publici
1342 955 1533 985 documenti
1554 964 1611 994 per
1631 954 1810 986 Iohannem
1831 954 2013 995 Georgium

198 1014 237 1045 de
263 1013 369 1046 Sixtis
395 1015 559 1045 notarium
586 1016 617 1045 et
642 1015 876 1045 cancellarium
904 1016 1095 1047 iamdictuin
1122 1019 1153 1047 et
1180 1016 1440 1057 infrascriptum,
1466 1019 1497 1048 et
1523 1017 1634 1057 sigillo
1662 1016 1779 1057 prefati
1806 1018 2015 1049 reverendis-

197 1077 271 1107 simi
299 1077 424 1107 domini
451 1077 577 1108 domini
605 1075 797 1108 Cardinalis
823 1079 854 1108 et
880 1077 1173 1109 Administratoris
1200 1081 1233 1109 ut
1259 1088 1360 1119 supra
1388 1080 1569 1110 munimine
1611 1079 1759 1110 roborari
1786 1079 1828 1110 ad
1856 1080 2013 1111 maiorem

197 1139 400 1170 evidentiam
428 1140 679 1180 premissorum.
707 1139 828 1170 Datum
855 1142 886 1170 et
912 1142 1020 1171 actum
1048 1139 1162 1180 Papie,
1182 1142 1212 1171 in
1239 1141 1315 1172 aula
1335 1150 1455 1182 inagna
1474 1142 1588 1182 palatii
1607 1142 1825 1182 episcopalis,
1844 1142 1908 1173 sub
1926 1152 2014 1173 anno

197 1200 331 1232 Domini
357 1204 507 1245 currente
534 1202 710 1233 millesimo
727 1202 1036 1242 quadrigentesimo
1067 1204 1287 1242 nonagesimo
1306 1206 1438 1240 octavo,
1457 1204 1624 1234 indicione
1643 1204 1759 1244 prima,
1779 1204 1831 1235 die
1850 1205 2014 1245 vigesimo

197 1264 292 1294 tertio
319 1265 444 1295 mensis
470 1264 565 1301 Iullii,
592 1264 673 1294 hora
699 1264 879 1301 tertiarum,
907 1264 1121 1304 presentibus
1147 1266 1301 1296 discretis
1327 1266 1408 1296 viris
1434 1264 1569 1297 Simone
1595 1268 1625 1297 et
1652 1266 1768 1297 Nicola
1796 1266 1955 1298 fratribus
1974 1267 2013 1297 de

196 1324 353 1357 Garaldis
371 1326 449 1357 tiliis
467 1326 638 1365 quondam
666 1327 814 1367 magistri
836 1325 921 1357 Petri
940 1327 1108 1358 ambobus
1135 1327 1268 1358 bidellis
1293 1328 1506 1368 generalibus
1532 1328 1658 1368 pretate
1686 1328 1934 1365 Universitatis,
1953 1331 2012 1360 etc.

198 1389 273 1420 inde
299 1388 453 1420 testibus.

974 1536 1230 1577 DCXXII.

282 1654 310 1682 11
336 1654 456 1682 Priore
481 1654 524 1682 ed
549 1655 573 1682 il
599 1655 832 1683 Procuratore
858 1655 893 1683 di
919 1655 954 1683 S.
982 1655 1152 1683 Mostiola
1177 1655 1343 1683 ricevono
1369 1656 1391 1683 il
1417 1660 1629 1692 pagamento
1655 1656 1690 1684 di
1715 1665 1760 1684 un
1786 1656 1909 1687 affitto.

845 1777 1004 1809 1498,
1037 1779 1260 1810 agosto,
1292 1777 1371 1803 17.

755 1875 833 1899 (Arch.
850 1875 931 1896 Notarr
949 1875 970 1896 di
988 1875 1066 1896 pavia.
1084 1886 1108 1888 ψ
1124 1876 1171 1896 Atti
1188 1876 1209 1896 di
1226 1876 1340 1896 Maurizio
1357 1876 1449 1900 Pietra)⁴

301 2046 349 2162 Ι
441 2078 464 2104 Ν
488 2073 636 2105 claustro
663 2072 865 2113 infrascripti
893 2073 1131 2104 monasterii...
1168 2072 1379 2104 Venerabilis
1411 2072 1569 2103 dominus
1594 2070 1811 2104 Cherubinus
1837 2072 1945 2103 Maria
1971 2072 2011 2103 de

432 2142 433 2181 J
461 2133 646 2175 Captaneis
672 2136 712 2166 de
738 2134 869 2173 Crema,
896 2134 1034 2166 Prior....
1060 2137 1091 2166 et
1117 2136 1275 2166 dominus
1312 2134 1412 2165 frater
1445 2133 1656 2174 Augustinus
1693 2134 1733 2164 de
1760 2134 1789 2164 la
1816 2133 2010 2165 Ecclesia...

421 2234 425 2235 ⁷
460 2200 655 2238 procurator
681 2198 875 2229 monasterii
901 2200 931 2229 et
956 2200 1145 2229 conventus
1170 2199 1283 2228 sancte
1311 2196 1484 2227 Mustiolle
1503 2195 1617 2236 Papie‚
1643 2196 1792 2227 ricevono
1820 2195 1878 2226 a'al
1900 2195 2010 2227 nobile

194 2260 362 2292 Glovanm'
384 2260 553 2296 Beccaria,
580 2260 633 2291 del
657 2260 830 2294 Mezzano.
857 2260 911 2291 del
927 2260 968 2300 su
993 2259 1173 2300 magnifico
1199 2259 1319 2295 Pletro,
1345 2258 1459 2289 sacelli
1482 2260 1549 2289 otto
1575 2258 1610 2289 cii
1626 2257 1793 2298 frzaneato
1814 2266 1877 2297 per
1898 2257 2007 2298 affitto

193 2323 228 2354 a'i‘
251 2323 314 2354 dae
338 2323 418 2354 anni
441 2323 476 2354 di
499 2322 615 2354 alcime
640 2324 720 2354 terre
745 2332 765 2353 a
793 2321 841 2354 Cci
867 2322 955 2353 della
986 2322 1093 2353 Terra.

959 2496 1243 2537 DCXXIII.

280 2617 308 2644 Il
334 2617 495 2653 Capitolo
520 2617 554 2644 di
580 2617 615 2644 S.
644 2616 755 2644 Paolo
780 2615 893 2644 vende
919 2615 1035 2643 alcuni
1062 2614 1135 2642 suoi
1161 2612 1324 2649 possessi
1350 2612 1405 2639 nel
1433 2611 1643 2640 Tortonese.

785 2729 921 2754 1498
933 2744 946 2759 9
975 2729 1177 2759 ‘uf-»gusto
1189 2742 1202 2755 .,
1233 2725 1390 2750 17ε20
1401 2739 1414 2749 .

767 2797 844 2818 (Aren.
862 2798 941 2819 Notar,
959 2799 980 2818 di
999 2799 1068 2819 l’avia
1089 2810 1109 2812 ν-
1127 2799 1173 2819 Atti
1191 2799 1211 2819 di
1230 2799 1330 2820 Luehino
1346 2799 1426 2823 Cotti).

436 2889 454 2915 L
481 2883 633 2924 capitolo
670 2882 760 2921 degli
795 2881 975 2913 Eremitani
1009 2879 1323 2914 ‹iell'Osservanzoe
1361 2877 1414 2908 del
1448 2879 1633 2908 monastero
1667 2877 1702 2908 di
1726 2876 1758 2909 S.
1786 2876 1892 2907 Paolo
1912 2876 2005 2916 fuori

289 2872 338 2987 I
456 2945 572 2981 Pavia,
599 2945 741 2976 raccolta
767 2945 798 2975 ιή
823 2944 984 2978 sacristia,
1011 2942 1093 2973 nelle
1114 2949 1253 2981 persone
1278 2940 1332 2971 a'ei
1355 2939 1525 2978 religmsi':
1559 2939 1669 2970 Frater
1695 2939 1860 2970 lohannes
1886 2938 2003 2969 Petrus

207 3037 224 3047 ,ἶ
456 3009 496 3040 de
523 3007 628 3049 Papia
654 3008 811 3044 vicarius,
835 3005 935 3037 frater
961 3004 1152 3036 Bernardus
1171 3003 1210 3033 de
1230 3001 1345 3042 Papia,
1365 3001 1464 3033 trater
1482 3001 1674 3032 Alexander
1701 3002 1741 3032 de
1769 3000 1884 3041 Papia,
1903 3000 2002 3031 trater

191 3071 300 3103 David
328 3071 368 3102 de
394 3071 602 3107 Mediolano,
638 3069 738 3101 frater
775 3068 940 3099 lohannes
978 3066 1188 3107 Augustinus
1214 3064 1254 3095 de
1280 3062 1408 3101 Cumis,
1434 3063 1533 3095 trater
1570 3063 1732 3095 Nicolaus
1757 3064 1797 3094 de
1824 3062 2001 3100 Cremona,
