2347 3444
1918 184 1937 215 3

215 313 378 354 ipsasque
416 314 542 346 litteras
568 314 667 346 nobis
705 314 848 345 Henrico
874 313 914 345 de
940 312 1037 345 Dinis
1064 313 1145 345 iuris
1171 314 1323 345 canonici
1362 314 1480 354 perito,
1508 315 1680 354 preposito
1707 316 1850 347 ecclesie
1879 326 1936 356 pa-

127 375 256 415 piensis
282 385 320 408 ac
348 376 519 408 reverendi
547 377 578 407 in
604 374 740 408 Christo
777 376 881 416 patris
917 376 1044 407 domini
1083 375 1242 416 Episcopi
1281 377 1456 416 papiensis
1483 377 1513 407 in
1541 377 1774 416 spiritualibus
1812 378 1936 409 vicario

124 437 283 477 generali,
309 438 462 470 sindicus
487 440 517 470 et
547 440 743 479 procurator
768 438 1008 469 venerabilium
1046 439 1077 469 et
1115 437 1346 478 religiosorum
1386 438 1531 469 virorum
1571 438 1707 476 Prioris,
1741 439 1875 470 fratrum
1906 443 1935 471 et

123 502 313 531 conventus
343 498 454 532 Sancti
481 499 659 541 Augustini
698 500 872 540 papiensis
910 499 1048 531 Ordinis
1086 499 1327 531 Heremitarum
1366 501 1472 531 sancti
1501 499 1679 541 Augustini
1719 502 1935 541 presentavit,

124 569 209 601 quas
235 563 451 602 suscepimus
487 564 687 600 reverenter,
714 564 831 602 petens
857 563 943 594 idem
970 562 1122 593 sindicus
1148 564 1178 593 et
1205 564 1401 602 procurator
1438 563 1620 594 sindicario
1646 565 1677 594 et
1704 565 1933 603 procuratorio

124 623 257 654 nomine
283 622 418 661 Prioris,
444 623 580 655 fratrum
606 627 636 655 et
663 622 862 656 Conventus
892 624 1117 664 predictorum
1144 626 1174 655 et
1201 633 1275 655 cum
1303 624 1467 655 instancia
1493 624 1606 655 debita
1634 625 1806 665 requirens
1833 635 1849 656 a
1877 635 1936 656 no-

123 685 175 716 bis
201 688 234 716 ut
261 686 290 716 in
318 686 431 717 causis
457 688 488 717 et
514 687 664 726 negociis
689 686 730 717 de
756 686 881 726 quibus
908 687 938 717 in
965 686 1163 726 apostolicis
1189 686 1305 717 litteris
1331 687 1509 718 antedictis
1536 687 1569 718 fit
1596 687 1719 718 mentio
1753 688 1934 727 procedere

121 755 315 779 curaremus
341 748 433 779 iuxta
459 748 636 779 tradditam
662 756 721 779 seu
740 748 898 779 directam
925 757 943 779 a
969 747 1055 780 Sede
1081 747 1277 788 Apostolica
1303 748 1454 786 formam,
1481 748 1709 789 produxitque
1736 758 1846 780 coram
1876 759 1934 780 nn-

122 809 173 840 bis
200 810 230 839 in
258 809 382 840 iudicio
409 809 495 841 idem
514 810 667 841 sindicus
692 810 782 841 dicto
808 810 941 841 nomine
979 810 1166 850 peticiones
1192 819 1251 841 seu
1279 810 1411 841 libellos
1430 812 1580 841 tenorum
1608 811 1663 850 qui
1692 811 1722 841 in
1744 812 1803 842 hec
1832 812 1933 843 verba

123 874 328 911 sequuntur:

209 931 330 965 Coram
358 933 456 965 vobis
482 934 624 974 sapienti
652 936 681 965 et
708 934 890 965 venerabili
918 935 989 965 viro
1014 935 1151 965 domim
1171 934 1314 966 Henrico
1341 935 1381 966 de
1407 934 1504 965 Dinis
1531 935 1611 965 iuris
1638 936 1789 967 canonici
1817 937 1933 976 perito,

120 996 304 1036 preposito,
331 996 455 1027 vicario
492 996 637 1037 generali
666 997 696 1027 in
726 996 959 1036 spiritualibus
985 999 1016 1028 et
1042 997 1285 1037 temporalibus
1323 997 1496 1028 reverendi
1525 997 1555 1028 in
1590 995 1726 1029 Christo
1764 999 1868 1037 patris
1902 1001 1933 1029 et

119 1058 246 1089 domini
272 1058 398 1089 domini
426 1057 585 1098 Episcopi
613 1059 787 1098 papiensis
812 1068 850 1090 ac
877 1058 1032 1098 delegato
1059 1061 1089 1090 et
1115 1060 1353 1090 conservatore
1379 1059 1410 1090 in
1438 1060 1498 1090 hac
1526 1062 1618 1099 parte
1636 1068 1654 1090 a
1673 1058 1760 1091 Sede
1787 1059 1935 1100 Aposto—

120 1119 181 1151 lica
207 1120 398 1160 specialiter
423 1120 594 1160 deputato,
610 1121 796 1160 comparuit
822 1123 853 1151 et
879 1129 914 1152 se
942 1121 1147 1161 presentavit
1173 1123 1203 1152 et
1229 1123 1399 1161 presentat
1425 1121 1524 1152 irater
1550 1121 1720 1153 Luchinus
1746 1122 1787 1153 de
1818 1120 1932 1153 Comi-

119 1183 209 1214 tibus
235 1182 387 1213 sindicus
405 1184 436 1213 et
454 1184 650 1222 procurator
675 1191 712 1214 ac
732 1183 912 1214 sindicario
931 1185 961 1214 et
980 1184 1208 1223 procuratorio
1227 1184 1359 1214 nominc
1378 1184 1588 1214 dominorum
1616 1183 1752 1220 Prioris,
1772 1183 1932 1222 Fratrum,

119 1243 266 1285 Capituli
293 1247 323 1276 et
350 1242 548 1276 Conventus
566 1243 704 1276 Ordinis
730 1244 971 1276 Heremitarum
998 1245 1104 1276 sancti
1123 1244 1302 1286 Augustini
1329 1246 1475 1277 civitatis
1501 1245 1616 1286 Papie,
1643 1246 1822 1277 occasione
1850 1247 1934 1278 litte-

119 1315 227 1338 rarum
254 1316 313 1347 per
331 1315 392 1338 vos
418 1307 459 1338 ad
486 1307 684 1338 instanciam
712 1307 819 1347 ipsius
838 1307 947 1338 fratris
966 1307 1103 1338 Luclnni
1123 1308 1212 1340 dicto
1231 1309 1363 1339 nomine
1382 1309 1654 1339 transmissarum
1682 1309 1932 1340 venerabilibus

119 1369 199 1400 viris
223 1369 369 1400 dominis
395 1368 529 1407 Abbati,
563 1367 745 1401 Canonicis
771 1371 801 1400 et
826 1367 984 1409 Capitulo
1010 1372 1041 1401 et
1067 1368 1256 1401 Conventui
1284 1371 1475 1402 monasterii
1515 1369 1627 1402 Sancti
1663 1369 1749 1402 Petri
1784 1371 1814 1401 in
1850 1369 1931 1403 Celo

118 1440 220 1463 aureo
255 1432 343 1463 dicte
369 1432 514 1462 civitatis
541 1440 600 1471 pro
625 1432 826 1471 exequendo
856 1431 1078 1472 apostolicum
1114 1432 1306 1463 mandatum
1332 1434 1362 1463 et
1388 1434 1543 1464 contenta
1571 1433 1601 1463 in
1629 1433 1745 1464 litteris
1770 1434 1933 1473 apostoli—

118 1494 167 1525 cis
193 1493 371 1525 antedictis
390 1496 420 1525 et
439 1496 473 1525 ut
491 1503 548 1534 per
574 1502 636 1525 vos
661 1494 832 1525 dominum
858 1494 1049 1534 delegatum
1076 1496 1106 1525 et
1131 1496 1403 1526 conservatorem
1430 1495 1635 1526 antedictum
1662 1495 1797 1535 procedi
1822 1496 1930 1535 possit

118 1556 159 1587 ad
185 1556 453 1595 exequucionem
487 1556 675 1595 aliquorum
703 1556 733 1586 in
759 1556 859 1587 dictis
885 1556 1001 1587 litteris
1039 1556 1237 1596 apostolicis
1274 1558 1517 1594 contentorum,
1544 1557 1793 1597 protestacione
1820 1561 1928 1588 tamen

117 1618 282 1658 premissa
308 1626 367 1657 per
392 1618 502 1657 ipsum
530 1617 674 1648 Fratrem
694 1617 998 1655 Luchi1n1m,dicto
1024 1619 1168 1656 nomine,
1194 1618 1285 1658 quod
1313 1619 1376 1649 sibi
1404 1618 1494 1650 dicto
1521 1619 1654 1649 nomine
1681 1628 1719 1650 ac
1745 1619 1844 1650 dictis
1871 1620 1931 1650 do-

114 1680 212 1711 minis
238 1679 354 1717 Priori,
382 1679 563 1717 FratribuS,
590 1678 748 1719 Capitulo
773 1681 804 1711 et
830 1678 1020 1711 Conventui
1047 1680 1113 1711 sint
1139 1680 1233 1711 salva
1267 1681 1378 1711 omnia
1404 1689 1518 1711 eorum
1546 1681 1631 1718 iura,
1658 1681 1707 1711 eis
1735 1681 1853 1712 virtute
1879 1681 1930 1711 di-

113 1744 240 1774 ctarum
280 1742 460 1773 litterarum
498 1742 761 1781 apostolicarum
788 1744 819 1773 et
844 1742 939 1773 aliter
975 1743 1294 1782 quomodocumque
1321 1744 1352 1774 et
1385 1743 1612 1783 quovismodo
1638 1743 1870 1783 competencia
1897 1746 1927 1774 et

116 1804 346 1844 competitura,
362 1804 393 1834 in
421 1804 570 1835 mandari
595 1803 751 1835 faciendo
769 1804 993 1844 exequucioni
1012 1804 1086 1842 alia,
1101 1804 1189 1835 *ultra
1216 1804 1439 1844 infrascripta,
1458 1807 1613 1836 contenta
1633 1805 1663 1835 in
1683 1805 1781 1836 dictis
1808 1805 1924 1836 litteris

111 1866 310 1906 apostolicis
336 1866 539 1903 memoratis,
567 1866 610 1897 ita
636 1866 726 1906 quod
754 1875 812 1906 per
831 1865 1041 1906 infrascripta
1060 1875 1119 1897 seu
1147 1866 1434 1906 infrascriptorum
1461 1866 1598 1906 aliquod
1619 1866 1744 1897 nullum
1772 1867 1827 1898 fiat
1854 1876 1928 1907 pre-

112 1928 273 1959 iudicium
299 1928 411 1968 quoad
438 1928 502 1959 alia
529 1928 559 1958 in
586 1928 684 1959 dictis
711 1928 828 1959 litteris
853 1928 1052 1968 apostolicis
1078 1930 1244 1966 contenta,
1263 1929 1322 1960 sed
1349 1929 1440 1968 quod
1467 1929 1577 1960 onmia
1604 1929 1755 1969 predicta
1774 1929 1844 1960 iura
1864 1930 1929 1960 sint

112 1991 161 2022 eis
187 1992 357 2022 reservata
383 1992 413 2021 et
439 1992 660 2021 conservata:
689 1989 776 2021 ldem
804 1989 916 2021 Frater
941 1989 1122 2028 Luchinus‚
1146 1991 1237 2022 dicto
1262 1991 1443 2022 sindicario
1469 1993 1499 2022 et
1525 1991 1755 2031 procuratorio
1782 1992 1924 2025 nomine,

113 2053 202 2083 omni
230 2053 310 2090 iure,
337 2052 437 2083 modo
463 2054 494 2083 et
520 2052 625 2083 forma
663 2052 788 2092 quibus
827 2052 945 2083 melius
983 2052 1089 2092 potuit
1115 2054 1146 2084 et
1172 2054 1283 2093 potest
1308 2061 1346 2084 ac
1371 2052 1412 2083 ad
1440 2062 1571 2084 omnem
1609 2053 1733 2084 bonum
1772 2053 1870 2084 finem
1898 2055 1927 2084 et

113 2114 266 2146 effectum
285 2115 341 2154 qui
361 2114 424 2146 sibi
451 2114 542 2146 dicto
568 2114 701 2145 nomine
728 2114 847 2145 melius
873 2114 1037 2154 prodesse
1064 2115 1172 2154 possit
1198 2117 1228 2146 et
1255 2114 1376 2153 valere,
1395 2115 1526 2152 asserit,
1545 2115 1683 2154 exponit
1709 2116 1739 2146 et
1770 2115 1926 2155 proponit

113 2185 178 2207 non
205 2177 236 2207 in
263 2177 399 2208 modum
426 2176 526 2208 libelli
554 2177 613 2208 sed
641 2177 751 2217 qualis
788 2176 898 2216 qualis
936 2177 1123 2216 peticionis,
1150 2177 1385 2217 requisicionis
1411 2178 1440 2208 et
1467 2177 1729 2214 informacionis,
1755 2179 1870 2208 contra
1896 2179 1927 2208 et

113 2238 278 2270 adversus
303 2239 412 2270 dictos
438 2239 595 2270 dominos
621 2238 798 2276 Abbatem,
825 2237 1017 2270 Canonicos
1043 2241 1073 2270 et
1099 2237 1311 2270 Conventum
1343 2239 1534 2270 monasterii
1561 2239 1730 2276 antedicti,
1756 2240 1787 2270 et
1813 2242 1925 2270 contra

113 2309 360 2341 quamcumque
387 2309 566 2341 personam
593 2310 652 2341 pro
678 2301 727 2332 eis
753 2310 864 2332 coram
892 2300 990 2332 vobis
1017 2300 1161 2341 legitime
1202 2302 1461 2341 comparentem,
1484 2301 1600 2332 dicens
1626 2300 1713 2332 idem
1740 2300 1839 2332 frater
1865 2300 1928 2331 Lu—

113 2363 244 2400 chinus‚
271 2363 359 2394 dicto
385 2363 567 2395 sindicario
593 2365 624 2394 et
650 2363 880 2403 procuratorio
906 2363 1155 2403 nomine,quod
1183 2363 1246 2403 ipsi
1274 2362 1378 2401 Prior,
1398 2362 1539 2401 Fratres,
1558 2361 1752 2403 Capitulum
1778 2365 1809 2394 et
1835 2361 1924 2394 Con-

115 2426 234 2456 ventus
259 2425 416 2457 antedicti
443 2424 581 2457 Ordinis
608 2425 756 2456 Fratrum
784 2425 1024 2456 Heremitarum
1044 2425 1149 2456 sancti
1169 2424 1359 2465 Augustini,
1378 2425 1551 2456 retroactis
1570 2425 1777 2464 temporibus
1796 2424 1926 2455 fuerunt

113 2487 424 2528 presentialiterque
449 2490 527 2519 sunt
552 2487 705 2519 fictuales
731 2488 880 2528 ipsorum
914 2487 1125 2518 dominorum
1163 2486 1317 2524 Abbatis,
1354 2484 1601 2518 Canonicorum
1628 2488 1659 2518 et
1684 2484 1842 2526 Capituli,
1870 2495 1928 2516 no—

114 2549 201 2581 mine
219 2551 411 2582 monasterii
437 2551 607 2589 antedicti,
625 2551 667 2582 de
685 2559 797 2581 annuo
823 2550 900 2581 ficto
918 2558 977 2581 seu
996 2558 1099 2581 censu
1125 2549 1297 2580 soldorum
1324 2549 1522 2580 decemocto
1548 2549 1773 2589 papiensium,
1792 2549 1822 2579 in
1842 2548 1927 2580 festo

114 2612 220 2643 sancti
257 2611 393 2643 MartIni
431 2612 612 2644 cuiuslibet
648 2613 724 2644 anni
763 2612 938 2649 solvendo,
963 2612 1005 2643 de
1031 2611 1168 2652 perticis
1194 2620 1256 2643 sex
1283 2613 1314 2643 et
1339 2611 1463 2643 tabulis
1488 2611 1605 2642 decem
1624 2611 1825 2642 sediminum
1852 2620 1925 2642 cum

114 2673 278 2705 hedificiis
303 2676 335 2705 et
360 2675 431 2706 sine
458 2675 623 2706 hedificiis
649 2677 772 2706 etcum
799 2674 944 2714 quadam
971 2674 1082 2712 domo,
1100 2674 1192 2705 scola
1218 2675 1421 2714 nuncupata,
1440 2673 1513 2705 sitis
1532 2674 1563 2704 in
1582 2671 1746 2705 Citadella
1772 2672 1876 2713 Papie
1895 2673 1925 2704 in

114 2735 214 2767 Porta
240 2735 407 2768 Laudensi
434 2737 466 2767 in
492 2736 657 2768 Parochia
682 2736 787 2768 sancti
815 2735 890 2773 Viti,
910 2744 1015 2776 prope
1041 2736 1216 2767 ecclesiam
1243 2736 1434 2767 monasterii
1461 2735 1630 2773 antedicti,
1650 2735 1680 2766 in
1707 2744 1848 2775 quorum
1875 2744 1928 2766 se-

111 2798 274 2830 diminum
299 2799 458 2830 domibus
482 2801 514 2830 et
532 2799 697 2830 hedificiis
723 2799 786 2838 ipsi
813 2797 908 2829 Prior
932 2799 963 2829 et
989 2797 1120 2829 Fratres
1135 2797 1295 2829 habitant.
1311 2797 1439 2829 Asserit
1465 2806 1612 2838 quoque,
1638 2797 1777 2837 exponit
1803 2799 1833 2828 et
1852 2806 1928 2836 pri)-

112 2861 206 2901 ponit
230 2861 317 2893 idem
342 2860 442 2893 frater
466 2861 637 2892 Luchinus
662 2861 844 2892 sindicario
862 2862 893 2892 et
919 2860 1147 2900 procuratorio
1173 2860 1306 2891 nomine
1332 2860 1456 2900 quibus
1482 2868 1595 2900 supra,
1635 2859 1725 2899 quod
1752 2868 1793 2890 ex
1820 2858 1926 2889 forma

112 2922 291 2954 litterarum
316 2923 577 2964 apostolicarum
614 2923 867 2961 antedictarum,
893 2924 1073 2963 postquam
1099 2922 1226 2953 eisdem
1253 2921 1387 2960 Abbati,
1413 2920 1596 2954 Canonicis
1622 2924 1653 2953 et
1678 2919 1867 2953 Conventui
1895 2921 1924 2951 in

111 2993 365 3025 recompensam
390 2985 470 3016 dicti
496 2993 618 3016 census
644 2985 716 3017 sive
743 2985 893 3022 canonis,
920 2984 998 3016 dicti
1026 2982 1130 3021 Prior,
1157 2983 1289 3015 Fratres
1314 2985 1345 3015 et
1370 2981 1564 3023 Capitulum
1604 2983 1750 3022 aliquam
1784 2991 1924 3022 posses-

111 3047 240 3078 sionem
266 3056 308 3078 ex
334 3055 400 3087 qua
425 3047 595 3079 annuatim
621 3047 749 3088 percipi
775 3048 892 3088 posset
917 3048 1042 3078 tantum
1069 3045 1160 3086 quod
1186 3045 1347 3077 ascendat
1365 3045 1406 3077 ad
1425 3045 1558 3086 triplum
1585 3045 1663 3076 dicti
1682 3044 1782 3076 annui
1802 3052 1926 3075 census

781 3141 802 3150 a-
