2347 3444
284 213 348 244 332

1070 393 1300 434 DXCIII.

370 505 398 532 11
423 504 575 532 Comune
600 504 632 532 di
659 504 764 532 Pavia
787 503 905 532 chiede
930 504 1029 531 Frate
1055 501 1206 530 Mariano
1231 502 1272 530 da
1297 501 1498 530 Genazzano
1523 510 1541 530 e
1566 502 1642 530 loda
1659 502 1690 530 la
1714 502 1946 538 predicazione
1963 501 1995 530 di
2013 503 2097 531 frate

285 557 382 586 Cario
407 558 448 586 da
473 557 631 586 Ver-celii.

932 651 1090 681 1406,
1123 650 1308 681 aprile
1318 666 1330 681 ‚
1364 649 1454 675 27.

477 750 559 770 Mus-ci·
576 750 615 770 clx*
642 750 662 769 tii
680 749 751 769 sturia
770 748 843 771 patria
862 759 869 761 >
900 747 989 773 Regisr.
1007 747 1096 768 Pravis.
1113 753 1165 767 anni
1185 748 1242 771 1⁴95,
1259 747 1297 767 fol.
1314 747 1340 767 23
1355 753 1375 767 v.
1393 752 1404 767 e
1420 747 1444 767 2⁴
1461 753 1487 771 r..
1503 753 1515 767 e
1532 747 1622 768 Leftcrc
1637 747 1724 771 duculi,
1742 746 1816 767 paceo
1831 747 1859 771 7).

340 943 485 1059 Μ
531 959 718 989 CCCCXCV.
745 955 798 985 die
824 954 864 985 27
890 954 1008 994 aprilis
1035 954 1064 984 in
1093 955 1256 994 vesperis.

641 1015 841 1049 Convocato
867 1014 1053 1053 Conscilio,
1079 1019 1140 1047 etc.

642 1079 718 1110 [tem
744 1079 1018 1110 consciderantes
1045 1081 1206 1119 quantum
1232 1079 1319 1110 cedit
1337 1079 1436 1111 saluti
1455 1080 1640 1110 animarum
1661 1079 1783 1110 habere
1803 1079 1832 1110 in
1853 1082 2001 1120 tempore
2020 1088 2103 1120 qua-

287 1143 499 1183 dragesimali
528 1142 649 1173 habere
675 1140 756 1181 (sic)
783 1142 812 1172 in
841 1142 901 1172 liae
927 1142 1061 1172 civitate
1099 1142 1256 1172 idoneum
1284 1142 1537 1182 predicatorem,
1565 1143 1620 1182 qui
1647 1142 1838 1182 eloquentia
1864 1145 1894 1173 et
1921 1142 2102 1173 virtutibus

288 1208 420 1246 prestet,
448 1213 611 1236 memores
638 1204 727 1235 illius
753 1204 925 1234 reverendi
953 1204 1058 1244 patris
1095 1203 1206 1235 fratris
1233 1203 1388 1241 Mariani,
1415 1203 1554 1235 Ordinis
1587 1204 1828 1235 Heremitarum
1856 1205 1961 1235 sancti
1989 1203 2103 1245 Augu-

287 1268 363 1298 stini
381 1265 442 1307 (1),
468 1267 564 1298 cuius
589 1266 677 1298 fania
703 1268 733 1297 et
759 1275 879 1296 nomen
906 1268 936 1296 et
955 1265 1093 1297 laudant
1118 1268 1149 1296 ct
1173 1266 1390 1303 admirantur,
1417 1266 1636 1306 providerunt
1654 1269 1684 1297 et
1703 1266 1882 1307 provident
1907 1266 1998 1306 quod
2025 1266 2105 1297 scri-

287 1331 406 1361 bantur
433 1330 537 1360 littere
563 1329 821 1369 congregacioni
848 1327 996 1368 Capituli
1023 1328 1190 1369 generalis
1215 1328 1359 1359 faciendi
1380 1329 1410 1359 in
1427 1329 1562 1359 civitate
1592 1328 1794 1365 ferrariensi,
1814 1329 1889 1359 item
1913 1328 1977 1359 alie
1998 1328 2102 1360 littere

289 1393 518 1424 illustrissimo
545 1391 690 1423 Domino
717 1390 863 1422 Domino
891 1394 1018 1428 nostro,
1045 1393 1079 1422 ut
1104 1391 1291 1422 dominatio
1317 1400 1378 1422 sua
1399 1391 1554 1431 dignetur
1573 1391 1717 1423 scribere
1737 1394 1770 1422 ut
1789 1400 1901 1431 supra,
1921 1394 1955 1422 ut
1974 1392 2004 1422 in
2024 1399 2106 1431 qua-

287 1455 475 1495 dragesima
504 1455 656 1495 proxime
682 1453 792 1485 futura
820 1454 967 1484 mittatur
994 1454 1065 1493 ipse
1091 1453 1191 1484 frater
1228 1453 1403 1484 Marianus
1439 1456 1499 1485 etc.
1525 1456 1556 1484 et
1582 1454 1612 1484 in
1639 1453 1745 1484 forma
1783 1455 1881 1493 prout
1907 1454 1938 1484 in
1964 1453 2033 1484 fillo
2059 1453 2108 1484 di-

286 1527 458 1549 versorum
485 1521 563 1548 sunt
587 1519 754 1551 annotate,
782 1517 983 1556 subscripte,
1010 1518 1070 1547 etc.

376 1580 452 1611 ltem
480 1580 559 1611 fiant
584 1580 647 1611 alie
675 1580 779 1610 littere
817 1578 946 1619 prefato
973 1577 1132 1619 Capitulo
1159 1581 1193 1609 ut
1230 1587 1343 1619 supray
1375 1579 1404 1609 in
1430 1579 1722 1609 commendatione
1760 1578 1964 1609 venerabilis
2001 1578 2106 1618 patris

287 1642 398 1673 fratris
423 1640 536 1674 Caroli
564 1642 603 1673 de
630 1639 878 1680 Vercellis(2),
917 1641 971 1681 qui
1008 1641 1038 1671 in
1076 1641 1192 1681 elapsa
1230 1641 1490 1681 quadragesima
1524 1641 1706 1671 conciones
1744 1640 1859 1671 habuit
1897 1641 1927 1671 in
1965 1640 2106 1672 ecclesia

285 1706 390 1737 sancti
418 1705 597 1736 Michaelis
625 1704 738 1745 Papie.
764 1713 838 1735 cum
866 1704 1012 1735 maxima
1039 1704 1186 1734 virorum
1214 1703 1322 1740 laude,
1349 1705 1409 1734 etc.

376 1820 559 1853 Reverendi
588 1822 618 1851 in
646 1819 783 1852 Christo
810 1819 926 1851 Patres
966 1820 1292 1856 observandissimi,
1329 1818 1534 1859 Optavimus
1564 1819 1784 1856 multociens,
1824 1818 2106 1859 Reverendasque

288 1883 509 1915 Paternitates
536 1883 654 1914 Vetras
680 1883 837 1914 obtestati
865 1891 993 1919 sumus,
1033 1885 1065 1913 ut
1091 1882 1132 1913 ad
1159 1882 1334 1913 ecclesiam
1372 1881 1596 1913 cathedralem
1636 1884 1794 1918 nostram,
1821 1881 2105 1922 quadragesimali

286 1947 402 1986 aliquo
429 1950 588 1986 tempore,
628 1945 858 1978 Reverendum
886 1954 979 1976 sacre
1005 1945 1175 1985 theologie
1202 1945 1397 1985 magistrum
1424 1943 1556 1975 fratrem
1585 1944 1774 1975 Marianum
1806 1946 1963 1981 vestrum,
2001 1944 2105 1974 divini

288 2009 379 2040 verbi
406 2009 671 2049 explanatorem,
698 2009 915 2045 destinarent,
942 2017 1007 2038 non
1036 2008 1229 2048 ignorantes
1255 2009 1416 2047 quantum
1443 2006 1571 2038 fructus
1590 2016 1650 2047 pro
1669 2006 1776 2038 salute
1794 2007 1978 2037 animarum
1998 2006 2107 2037 tocius

289 2072 382 2102 urbis
409 2074 520 2102 nostre
547 2071 801 2111 predicaciones
827 2079 886 2101 sue
912 2070 1055 2101 fuissent
1080 2070 1230 2101 allature.
1256 2069 1376 2100 Verum
1405 2069 1435 2100 in
1462 2069 1721 2110 quadragesima
1741 2069 1929 2109 nuperrime
1955 2068 2107 2105 decursa,

289 2135 479 2165 firmissime
504 2134 686 2165 adventum
713 2142 810 2164 suum
837 2132 1117 2173 prestolabamur‚
1144 2132 1203 2163 sed
1230 2132 1392 2163 hactenus
1419 2140 1499 2172 spes
1525 2133 1638 2162 nostra
1658 2139 1743 2162 vana
1761 2131 1881 2168 extitit,
1900 2131 2003 2171 quod,
2032 2139 2106 2161 cum

290 2198 378 2228 bona
398 2197 494 2227 venia
513 2196 637 2227 dictum
657 2196 710 2233 sit,
725 2196 798 2227 sine
812 2195 950 2235 aliquali
966 2204 1066 2226 onere
1085 2197 1198 2225 vestro
1213 2194 1281 2225 fieri
1298 2203 1363 2225 non
1380 2194 1498 2234 potuit,
1513 2202 1587 2225 cum
1603 2194 1731 2224 tociens
1745 2193 1894 2233 repetitis
1913 2193 2113 2233 requisicio-

289 2260 389 2291 nibus
415 2260 539 2291 nostris
564 2267 662 2290 aures
687 2258 886 2290 clauseritis.
906 2257 939 2289 ld
958 2258 1044 2289 enim
1073 2258 1201 2288 intense
1228 2257 1467 2288 benevolencie
1486 2259 1516 2287 et
1534 2256 1724 2293 devocioni‚
1751 2256 1875 2296 quibus
1901 2258 2003 2286 totam
2029 2264 2109 2286 con-

289 2323 522 2363 gregacionem
550 2324 696 2353 vestram
723 2321 970 2361 prosequimur,
997 2320 1188 2351 nullatenus
1213 2319 1393 2350 convenire
1419 2319 1627 2350 arbitramur.
1646 2317 1831 2349 Excusavit
1857 2327 1919 2349 vos
1945 2320 2106 2358 quantum

289 2385 396 2425 potuit
422 2384 627 2415 reverendus
653 2383 752 2414 frater
778 2381 923 2415 Carolus
949 2382 1165 2413 vercellensis
1190 2381 1469 2422 congregacionis
1495 2382 1615 2417 vestre,
1642 2389 1739 2420 quem
1768 2381 1798 2411 in
1828 2380 1969 2411 ecclesia
1995 2382 2108 2411 nostra

290 2447 395 2478 sancti
425 2446 614 2483 Michaelis,
640 2448 717 2486 post
743 2445 918 2476 dimidium
947 2444 1206 2485 quadragesime
1231 2443 1517 2484 evangelizantem
1556 2442 1757 2480 habuimus,
1794 2451 1950 2474 asserens
1974 2441 2106 2473 fratrem

291 2509 479 2540 Marianum
500 2518 559 2549 pro
577 2507 736 2549 Capitulo
763 2510 875 2539 vestro
901 2505 1057 2539 Generali
1077 2506 1268 2538 necessario
1287 2507 1447 2537 retentum
1467 2504 1584 2536 fuisse.
1604 2504 1831 2536 Admissimus
1849 2505 2107 2536 excusacionem

292 2574 471 2612 postquam
498 2571 588 2601 aliud
615 2571 700 2602 velle
727 2579 791 2601 non
819 2578 1015 2610 possumus,
1033 2572 1064 2600 et
1082 2578 1121 2600 eo
1148 2568 1283 2608 quidem
1303 2568 1478 2599 lubencius
1497 2576 1564 2607 quo
1585 2567 1670 2598 idem
1690 2566 1790 2598 frater
1807 2565 1952 2599 Carolus
1969 2569 2000 2598 et
2019 2566 2107 2598 bona

291 2643 364 2665 cum
391 2634 501 2674 gracia
527 2634 784 2664 excusacionem
813 2633 920 2673 ipsam
947 2632 1125 2672 proposuit
1150 2634 1181 2662 et
1207 2630 1349 2661 mirabili
1375 2639 1448 2661 cum
1475 2629 1633 2661 facundia
1659 2629 1906 2669 verborumque
1931 2631 1961 2660 et
1987 2637 2109 2660 sensus

292 2697 466 2737 gravitate,
486 2695 632 2726 officium
652 2704 749 2726 suum
770 2694 930 2735 explevit,
948 2694 1034 2725 adeo
1054 2696 1087 2725 ut
1106 2693 1238 2734 plurimi
1258 2693 1410 2724 admirati
1430 2693 1496 2724 sint
1514 2692 1606 2732 quod
1623 2693 1653 2723 in
1669 2700 1759 2723 novo
1774 2692 1879 2722 tirone
1894 2691 1970 2722 talle
1986 2691 2108 2732 ingenii

291 2767 442 2795 acumen,
462 2761 526 2788 tam
546 2760 645 2788 tenax
666 2757 823 2788 memoria
843 2757 1044 2797 dicendique
1062 2756 1205 2787 facilitas
1224 2754 1411 2796 refulgeret.
1438 2753 1554 2795 Sapidi
1573 2754 1705 2786 fuerunt
1723 2753 1850 2785 fructus
1869 2754 1919 2785 sui
1939 2756 1970 2784 et
1988 2754 2110 2794 prima-

292 2821 328 2852 rii
347 2823 378 2852 et
404 2830 464 2861 pro
490 2823 574 2851 etate
602 2820 777 2854 immaturi.
804 2827 979 2859 speramus
997 2821 1141 2850 attamen
1172 2818 1307 2857 aliquos
1337 2818 1534 2848 maturiores
1553 2825 1615 2848 nos
1633 2819 1843 2856 sucepturos.
1873 2815 1968 2847 Nunc
1997 2817 2106 2847 autem

293 2882 508 2916 Reverendas
535 2881 756 2913 paternitates
783 2883 912 2911 vestras
938 2881 1063 2911 obnixe
1090 2888 1248 2921 rogamus
1275 2883 1308 2911 ut
1334 2888 1394 2920 pro
1424 2879 1683 2919 quadragesima
1720 2877 1829 2909 futura
1866 2877 1998 2909 fratrem
2037 2877 2110 2909 Ma-

364 3044 382 3068 l)
398 3042 454 3063 Vedi
471 3041 484 3061 il
500 3040 641 3061 documento
656 3038 692 3059 del
711 3038 770 3059 1345
785 3037 901 3058 dicembre
920 3038 975 3058 1489⁴
1227 3036 1271 3056 alla
1287 3035 1410 3056 Coniunita
1427 3035 1448 3055 di
1464 3034 1486 3055 S.
1504 3034 1615 3055 Mostiola
1631 3035 1682 3055 sino
1698 3034 1734 3055 dal
1753 3035 1775 3054 1⁴
1791 3034 1916 3055 novembre
1933 3034 1990 3055 1489.

349 3089 379 3112 (2,
396 3082 412 3109 Ε
427 3087 486 3108 frate
501 3086 593 3108 Carlino
609 3084 638 3105 da
654 3084 759 3109 Venelli,
775 3083 816 3104 che
826 3082 934 3103 abbiamo
947 3082 1008 3102 visto
1019 3082 1174 3107 appartenere
