2347 3444
1923 182 1987 214 337

1025 369 1148 410 DCI.

264 482 364 509 Frate
387 480 604 508 Bartolomeo
630 478 785 515 d‘Acqui‚
812 478 1020 507 provinciale
1044 477 1077 506 di
1101 476 1314 509 Lombardia,
1341 484 1489 512 approva
1514 483 1579 503 una
1602 478 1759 510 permuta
1784 473 1815 502 di
1841 473 1915 502 beni
1941 474 1989 501 fra

177 534 200 562 il
224 534 397 563 Convento
422 533 455 562 di
479 533 511 561 S.
538 532 705 569 Agostino
730 541 747 560 e
773 531 795 560 il
820 532 895 560 nob.
922 531 1085 560 Giacomo
1110 529 1308 559 Fiamberti.

766 636 904 660 1495
915 651 928 666 9
962 636 1265 661 (lloerrnl›1⁴e
1276 649 1290 666 9
1322 633 1413 658 30.

742 724 819 747 (Arcli.
837 724 916 744 Notar.
934 724 955 744 di
974 723 1043 744 l‘avia
1066 734 1083 736 -
1101 723 1148 744 Atti
1165 723 1186 743 di
1203 723 1330 743 Francesco
1346 721 1418 746 sisti).

267 909 302 1025 Ἴ
326 908 345 954 7
419 926 473 953 HS.
501 921 612 952 Frater
639 921 805 952 lohannes
842 921 1097 952 Bertliolameus
1134 921 1174 952 de
1212 920 1330 961 Aquis,
1357 929 1449 951 sacre
1487 920 1609 960 pagine
1636 918 1820 959 professor,
1846 927 1883 949 ac
1911 917 1990 949 Pro—

411 968 412 979 *
441 984 543 1015 vintie
569 984 768 1015 Lombardie
794 983 934 1015 Ordinis
961 983 1109 1014 Fratrum
1138 983 1379 1014 Heremitarum
1406 982 1511 1013 sancti
1540 981 1719 1022 Augustini
1737 979 1831 1011 Prior
1850 979 1991 1011 Provin—

200 1082 206 1083 V
240 1082 247 1083 ἶ
439 1046 545 1083 cialis‚
572 1046 646 1077 licet
673 1047 867 1083 immeritus,
894 1046 1024 1077 dilectis
1051 1046 1149 1076 nobis
1176 1047 1206 1076 in
1233 1045 1370 1078 Christo
1408 1044 1524 1081 Priori,
1552 1043 1699 1084 Regenti,
1728 1043 1913 1083 Magistris,
1938 1051 1991 1073 ce-

172 1109 320 1149 terisque
347 1109 499 1149 patribus
524 1111 555 1139 et
580 1108 741 1139 tratribus
778 1107 977 1140 Conventus
1016 1109 1118 1139 nostri
1157 1109 1262 1139 saneti
1290 1107 1470 1149 Augustini
1498 1107 1538 1138 de
1565 1106 1670 1147 Papia
1696 1106 1836 1137 salutem
1865 1106 1895 1136 in
1923 1104 1991 1136 Do-

174 1172 263 1202 mino
289 1171 537 1211 sempiternam.

258 1231 343 1265 Cum
371 1234 529 1264 instantia
556 1233 783 1273 requisivistis
803 1235 835 1264 ut
853 1234 1083 1264 auctoritatem
1112 1235 1259 1264 nostram
1288 1233 1576 1273 interponeremus
1602 1240 1703 1271 super
1728 1231 1989 1262 commutatione

171 1296 293 1333 fienda,
318 1304 392 1327 cum
420 1295 523 1326 nobili
563 1296 635 1326 viro
673 1296 811 1326 donnino
850 1295 970 1326 lacobo
997 1295 1037 1326 de
1065 1295 1274 1332 Fiambertis‚
1301 1295 1341 1326 de
1368 1295 1468 1326 domo
1496 1295 1526 1325 in
1553 1294 1688 1325 civitate
1726 1292 1829 1334 Papie
1856 1293 1930 1330 sita,
1958 1293 1988 1323 in

170 1358 427 1398 possessionem
454 1358 484 1389 in
512 1356 698 1390 Sicomario
724 1358 922 1389 collocatam
940 1355 1001 1397 (1).
1028 1357 1100 1389 Nos
1125 1360 1247 1395 autem,
1274 1357 1434 1388 relatione
1473 1359 1594 1393 vestra,
1633 1356 1858 1396 intelligentes
1895 1355 1986 1395 quod

169 1420 246 1451 talis
271 1420 489 1451 commutatio
517 1420 547 1450 in
574 1420 764 1451 evidentem
790 1420 886 1451 cedat
912 1418 1112 1451 Conventus
1139 1420 1325 1457 utilitatem,
1340 1428 1377 1450 ac
1405 1419 1496 1459 quod
1524 1418 1649 1449 nobilis
1675 1417 1801 1449 familia
1820 1417 1860 1449 de
1881 1417 1989 1448 Fiam-

171 1482 274 1514 bertis
299 1481 514 1514 Conventum
542 1482 640 1513 istum
669 1484 819 1513 nostrum
846 1482 951 1513 sancti
991 1481 1170 1522 Augustini
1208 1481 1385 1512 favoribus
1410 1490 1447 1512 ac
1473 1480 1717 1521 temporalibus
1753 1480 1989 1511 emolumentis

170 1553 303 1585 semper
328 1545 371 1576 sit
397 1547 587 1585 prosecuta,
613 1544 655 1575 ad
682 1544 759 1576 dicti
787 1544 914 1575 domini
942 1543 1052 1575 Iacobi
1079 1544 1272 1575 devotionis
1298 1545 1550 1584 augumentum,
1576 1552 1677 1583 super
1703 1543 1873 1574 nominata
1899 1551 1989 1573 com-

170 1607 353 1638 mutatione
380 1607 501 1645 fienda,
527 1607 759 1638 auctoritatem
786 1608 934 1638 nostram
973 1607 1218 1647 interponimus
1244 1608 1275 1637 et
1301 1608 1334 1637 ut
1360 1606 1415 1636 fiat
1441 1605 1669 1641 concedimus,
1709 1605 1775 1636 imo
1800 1614 1874 1636 cum
1900 1604 1987 1635 facta

170 1669 280 1707 tuerit,
307 1670 512 1710 presentium
539 1672 664 1706 tenore,
691 1669 880 1707 laudamus,
905 1668 1136 1710 approbamus
1162 1670 1192 1700 et
1219 1670 1379 1709 quantum
1415 1670 1528 1699 nostra
1556 1668 1691 1699 interest
1717 1667 1931 1704 ratificamus,
1958 1667 1988 1697 in

171 1732 306 1763 nomine
333 1730 442 1763 Patris
467 1733 497 1762 et
524 1731 596 1762 Filii
623 1734 653 1762 et
680 1730 827 1772 Spiritus
853 1730 976 1769 Sancti,
1002 1739 1110 1762 amen.
1138 1729 1212 1762 Dat.
1233 1730 1343 1768 lanue,
1374 1731 1465 1768 1495,
1492 1730 1545 1761 die
1571 1730 1754 1770 penultima
1792 1729 1989 1767 decembris,

171 1794 431 1835 provintialatus
458 1794 561 1825 nostri
588 1793 685 1825 offitii
712 1793 776 1825 sub
802 1793 926 1834 sigillo.
954 1792 1065 1824 Frater
1092 1792 1135 1824 10.
1162 1792 1250 1824 Bart.
1277 1793 1317 1824 de
1344 1792 1452 1833 Aquis
1478 1792 1702 1833 provintialis.

1010 1967 1158 2008 DCII.

262 2087 391 2122 Legato
416 2085 673 2114 testamentario
699 2085 731 2114 di
756 2085 962 2114 Bernardino
999 2084 1169 2113 Sacehetti
1193 2085 1258 2113 alla
1294 2085 1444 2121 cappella
1469 2084 1522 2113 dei
1546 2085 1605 2113 SS.
1634 2084 1758 2112 Cosma
1783 2092 1801 2112 e
1825 2083 1991 2112 Damiano

174 2139 207 2168 in
231 2140 264 2169 S.
289 2140 402 2168 Paolo.

786 2235 924 2259 1496
931 2250 944 2266 ,
976 2234 1235 2267 ge1111e=io
1242 2249 1256 2264 9
1289 2234 1362 2258 28
1370 2248 1383 2259 0

741 2333 817 2356 (Areli.
835 2333 888 2353 Not.
906 2332 926 2352 di
945 2332 1014 2353 ania
1031 2344 1054 2345 j
1071 2332 1118 2352 Atti
1135 2332 1156 2352 di
1174 2332 1295 2353 Leonardo
1312 2332 1423 2356 Buscari).

245 2517 368 2635 N
415 2535 513 2576 ,ξηιλ
548 2539 628 2562 casa
664 2530 718 2562 del
746 2530 924 2567 Testatore,
950 2530 981 2560 in
1007 2528 1207 2560 Parrocclzin
1232 2528 1267 2560 cii
1290 2528 1322 2561 S.
1352 2527 1489 2569 Glorgi0
1515 2529 1547 2559 ίη
1572 2528 1745 2559 Fenarolo.
1784 2528 1990 2559 Testamenta

415 2607 417 2622 ι
444 2593 497 2625 del
520 2593 630 2625 dottor
652 2593 683 2624 in
708 2592 800 2632 leggi
823 2591 1027 2623 Bernara't‘no
1053 2590 1235 2630 Succlzetti,
1261 2592 1314 2623 del
1331 2591 1373 2632 fu
1398 2591 1507 2623 dottor
1528 2592 1560 2623 in
1585 2591 1748 2622 mediana
1785 2591 1990 2627 Francesco,

366 2653 416 2693 w}
443 2664 503 2687 con
528 2656 582 2687 cui
604 2655 708 2696 elligit
733 2655 797 2687 sibi
824 2654 1028 2695 sepulturam
1055 2654 1097 2685 ad
1123 2654 1298 2685 ecclesiam
1325 2655 1429 2685 sancti
1457 2653 1562 2692 Pauli,
1588 2654 1685 2685 sitam
1712 2656 1805 2684 extra
1830 2655 1861 2684 et
1887 2662 1991 2693 prope

177 2719 285 2750 menia
311 2719 458 2750 civitatis
484 2717 599 2759 papie,
624 2720 655 2750 et
679 2718 722 2750 ad
747 2717 910 2758 ‹apellam
937 2719 1128 2748 sanctorum
1156 2715 1281 2748 Cosme
1307 2719 1337 2747 et
1364 2715 1518 2748 Damiani
1545 2717 1654 2757 ipsius
1673 2716 1799 2747 domini
1819 2717 1989 2747 testatoris

176 2782 207 2812 et
232 2780 368 2812 fratrum
395 2788 532 2813 suorum
559 2780 599 2812 de
626 2779 791 2817 Sacnetis,
816 2781 1040 2811 constructam
1069 2779 1098 2809 in
1127 2779 1200 2819 ipsa
1226 2778 1368 2809 ecclesia
1402 2779 1507 2810 sancti
1547 2776 1729 2817 Pauli(2),
1766 2780 1796 2809 et
1821 2778 1863 2809 ad
1890 2786 1989 2818 quam

176 2842 364 2881 ecclesiam,
390 2837 674 2884 quandocumque
700 2842 900 2883 contingerit
926 2842 1035 2882 ipsum
1063 2841 1234 2872 dominum
1261 2842 1453 2872 testatorem
1480 2840 1522 2872 ab
1549 2841 1611 2871 hoe
1637 2840 1751 2871 seculo
1777 2840 1936 2870 decedere
1961 2842 1991 2870 et

177 2905 250 2937 eius
275 2905 386 2937 anima
411 2913 430 2936 a
454 2913 594 2945 corpore
621 2905 801 2946 segregari,
828 2904 909 2942 vult,
936 2903 1037 2941 iubet,
1063 2902 1210 2939 mandat,
1236 2902 1367 2933 ordinat
1393 2904 1423 2934 et
1449 2903 1599 2943 disponit
1626 2902 1712 2934 idem
1750 2902 1909 2933 dominus
1946 2905 1992 2933 te-

233 3061 265 3085 (ll
279 3061 336 3082 veui
353 3061 366 3082 il
382 3061 523 3082 documento
537 3061 550 3082 3
565 3067 643 3083 marzo
661 3061 718 3083 1⁴96.
1176 3060 1197 3081 2»
1213 3059 1269 3081 Vedi
1286 3059 1299 3079 il
1315 3059 1456 3081 documento
1472 3059 1494 3080 21
1512 3059 1605 3080 ottobre
1623 3059 1680 3080 1⁴94.

1960 3111 1986 3131 43
