2347 3444
1955 205 2018 237 325

207 333 371 365 lohannes
397 334 438 365 de
465 333 612 372 Francia,
647 333 746 365 frater
772 334 897 367 Paulus
924 336 964 367 de
991 336 1106 376 Papia,
1132 335 1232 367 frater
1258 335 1423 367 lohannes
1460 335 1602 367 lacobus
1627 336 1667 367 de
1695 336 1896 375 Parasaclio,
1922 337 2020 368 frater

205 396 366 428 Nicolaus
392 397 432 428 de
458 394 693 435 Castelatio)...
720 397 914 430 facientes...
942 400 1146 430 maiorem...
1184 400 1309 439 partem
1348 399 1456 429 tocius
1488 399 1671 438 capituli...
1697 399 1806 430 <niano
1832 399 2020 430 investitura

202 460 359 499 perpetua
385 467 404 489 a
430 458 615 499 Lanfranco
649 459 787 491 Beccari
809 461 844 492 cli
867 470 932 492 una
958 470 1037 492 casa
1064 462 1094 492 [η
1123 459 1295 498 Garlustffl,
1318 469 1380 500 per
1401 460 1458 491 lire
1483 462 1550 491 otto
1576 460 1611 491 di
1634 469 1743 491 annuo
1781 460 1899 500 uffi'tto,
1936 461 2021 492 colla

206 521 416 552 concessione
451 521 486 552 di
520 523 645 552 entrare
678 522 709 552 in
742 531 900 562 possesso
937 523 971 554 cii
1005 523 1094 554 detta
1130 531 1210 554 casa
1246 521 1379 562 quando
1405 522 1428 553 t'I
1460 522 1597 553 Beccari
1616 531 1766 562 pagasse
1791 522 1825 553 al
1851 522 2018 555 Convento

207 584 299 614 cento
317 582 440 622 fiorim'.

959 732 1274 771 DLXXXII.

293 840 320 868 11
347 840 469 869 Priore
495 849 512 869 e
539 841 562 868 il
589 841 826 869 Procuratore
853 842 886 869 di
915 842 949 870 S.
977 842 1147 870 Mostiola
1174 841 1337 870 ricevono
1363 850 1407 869 un
1433 845 1644 878 pagamento
1671 840 1764 869 dalle
1791 840 1961 869 Monache
1989 841 2023 869 di

208 893 243 922 S.
271 893 385 922 Maria
411 894 503 922 delle
529 894 654 922 Stuore
680 903 698 922 e
724 894 758 922 di
786 895 818 926 S,
845 895 958 923 Maria
983 895 1075 923 delle
1101 895 1240 923 Caccie.

823 999 976 1031 1493,
1008 1002 1046 1024 (1
1052 1000 1328 1031 ἰοειτιιπσθ,
1361 1000 1413 1024 Θ.

718 1087 795 1108 *Arclr
814 1088 894 1108 Notar.
913 1088 934 1108 di
952 1087 1022 1108 l‘avin
1040 1099 1063 1101 --
1080 1088 1128 1108 Atti
1147 1088 1168 1108 di
1186 1088 1236 1108 Gio.
1254 1088 1342 1108 Franco
1358 1087 1513 1113 Gravanago).

315 1272 361 1387 I
456 1291 478 1317 Ν
504 1287 650 1318 claustro
677 1288 869 1318 monasterii
907 1289 1020 1318 sancte
1058 1287 1263 1318 Mustiolc....
1289 1285 1472 1319 Confessio
1498 1286 1584 1318 facta
1611 1296 1668 1327 per
1694 1286 1904 1318 venerabiles
1931 1287 2022 1318 viros

477 1349 634 1380 dominos
660 1349 792 1380 fratrem
821 1349 996 1390 Angclluin
1024 1350 1064 1380 dc
1091 1349 1260 1380 Placentia
1288 1349 1433 1380 Priorem
1453 1351 1483 1380 et
1501 1349 1634 1380 fratrem
1663 1349 1888 1380 Melcliionem
1909 1350 1948 1380 de
1969 1349 2030 1380 Lu-

424 1420 449 1447 4
477 1412 552 1442 cino
578 1412 744 1443 sindicum
771 1414 802 1443 et
828 1414 1122 1452 procuratorem...
1149 1412 1341 1443 monasterii
1370 1414 1483 1443 sancte
1510 1412 1715 1443 Mustiole..„
1749 1412 1828 1442 mihi
1856 1412 2029 1443 notario...

208 1474 278 1505 vice
305 1474 546 1505 venerabilium
573 1474 708 1505 domine
735 1473 916 1505 Abbatisse
942 1477 973 1505 et
1000 1474 1197 1505 Monialium
1237 1474 1429 1505 monasterii
1457 1476 1569 1505 sancte
1608 1474 1713 1505 Marie
1739 1474 1878 1511 Veteris,
1905 1482 2031 1504 nuncu-

209 1536 275 1576 pati
302 1536 343 1567 de
369 1535 499 1574 storiis,
525 1537 576 1567 cui
605 1537 732 1567 unitum
759 1538 809 1567 est
835 1537 1074 1567 monasterium
1101 1538 1215 1567 sancte
1242 1536 1348 1567 Marie
1375 1536 1414 1567 de
1442 1536 1470 1567 le
1496 1535 1620 1573 Caelis,
1658 1538 1886 1576 nuncupatum
1922 1537 2026 1567 sancti

210 1599 344 1630 Martini
381 1598 464 1630 foris
501 1601 642 1639 portam,
669 1599 709 1630 de
736 1599 829 1629 libris
867 1599 1138 1639 vigintiquinque
1169 1599 1283 1638 imper.
1310 1599 1350 1629 de
1377 1598 1502 1638 quibus
1528 1599 1599 1638 ipse
1627 1598 1762 1629 domina
1789 1597 1973 1629 Abbatissa
1999 1600 2029 1629 et

210 1661 378 1692 Moniales
404 1663 481 1692 sunt
507 1670 583 1692 vere
609 1661 788 1692 debitrices
825 1662 903 1692 dicti
942 1661 1134 1692 monasterii
1165 1662 1279 1691 sancte
1307 1660 1479 1698 Mustiole,
1506 1669 1565 1700 pro
1592 1661 1732 1691 termino
1758 1660 1852 1691 finito
1879 1660 1909 1691 in
1936 1660 2023 1691 festo

205 1723 310 1754 sancti
337 1722 473 1754 Martini
500 1732 596 1763 prox.
624 1724 704 1763 pret.
731 1723 846 1763 vigore
872 1724 1034 1754 certarum
1060 1723 1328 1754 convencionum
1355 1722 1517 1754 factarum
1544 1723 1627 1754 inter
1653 1723 1747 1763 ipsas
1765 1722 1935 1754 dominam
1963 1721 2031 1753 Ab·

206 1786 368 1817 batissam
394 1787 425 1816 et
451 1785 620 1816 Moniales
646 1787 738 1826 parte
764 1794 839 1823 una,
865 1787 896 1816 et
922 1786 1094 1816 dominum
1121 1784 1269 1816 Priorem
1295 1787 1326 1817 et
1352 1785 1482 1816 Fratres
1500 1785 1578 1816 dicti
1599 1785 1791 1816 monasterii
1818 1786 1931 1816 sancte
1951 1784 2026 1815 Mu-

206 1848 303 1879 stiole
329 1850 421 1888 parte
446 1847 560 1885 altera,
586 1847 627 1878 de
653 1847 778 1888 quibus
804 1849 956 1888 rogatum
982 1847 1044 1879 fuit
1071 1848 1327 1879 instrumentum
1354 1847 1526 1888 publicum
1553 1847 1632 1878 mihi
1660 1847 1801 1885 notario,
1827 1848 1888 1878 etc.
1913 1844 1974 1886 (1).

942 2013 1285 2053 DLXXXIII.

295 2123 519 2152 Testamento
544 2123 631 2152 della
655 2122 765 2151 nobile
790 2122 964 2151 Simonina
989 2122 1244 2159 Guerraprodeo
1269 2121 1367 2150 Balbi
1391 2130 1410 2150 a
1434 2122 1549 2150 favore
1573 2121 1605 2150 di
1630 2130 1693 2150 suo
1718 2121 1807 2158 figlio
1833 2122 1917 2150 frate
1951 2121 2029 2150 Gio—

206 2176 307 2206 vanni
330 2176 439 2206 Maria
462 2176 559 2205 Balbi
584 2176 616 2205 di
640 2177 673 2205 S.
699 2177 814 2205 Paolo.

828 2271 990 2302 1494,
1020 2271 1303 2303 gem1aio‚
1332 2269 1407 2295 17.

763 2360 839 2383 (Arch.
857 2360 937 2381 Notati
955 2359 976 2380 di
994 2359 1064 2381 Pavia
1079 2371 1104 2373 —
1120 2359 1167 2380 Atti
1184 2359 1205 2380 di
1223 2359 1313 2385 Filippo
1330 2359 1453 2385 Folperti'i.

446 2506 545 2590 ›ELLA
569 2568 649 2591 casu
674 2559 761 2591 della
786 2559 958 2593 testatrice,
985 2558 1016 2589 ιἸι
1042 2556 1241 2588 Parrocclu'a
1266 2557 1301 2588 di
1325 2556 1357 2589 S.
1376 2556 1515 2588 Miclzele
1533 2556 1717 2597 Maggiore.
1737 2556 1872 2588 Nobilis
1890 2557 2025 2589 domina

284 2546 404 2662 N
476 2622 650 2656 Simonina
676 2623 717 2654 de
743 2621 1036 2662 GuerraprodeO...
1063 2629 1148 2651 uxor
1174 2620 1323 2652 secundo
1358 2619 1431 2650 loco
1466 2619 1637 2659 quondam
1664 2619 1791 2650 domini
1820 2619 1863 2651 lo.
1890 2619 2024 2651 Antonii

226 2669 227 2718 l
406 2702 448 2726 ⁷4
476 2688 516 2719 de
543 2686 680 2725 Balbis‚
717 2686 802 2717 civis
839 2684 975 2724 Papie...
1001 2680 1071 2722 (col
1093 2691 1153 2714 suo
1178 2679 1390 2720 testamento)
1416 2681 1539 2712 iubet...
1576 2681 1721 2712 cadaver
1757 2690 1855 2712 suurn
1893 2682 2025 2722 sepeliri

210 2754 331 2786 debere
357 2754 388 2784 in
413 2752 554 2784 ecclesia
581 2749 783 2790 infrascripti
810 2747 1002 2779 monasterii
1030 2746 1135 2777 sancti
1163 2744 1257 2776 Pauli
1284 2753 1389 2785 prope
1414 2746 1445 2775 et
1470 2746 1564 2775 extra
1591 2744 1699 2775 menia
1724 2744 1872 2775 civitatis
1892 2743 2027 2784 Papia.

265 2912 296 2935 <11
315 2910 366 2931 Non
381 2910 400 2931 ci
416 2909 439 2930 fu
455 2909 510 2930 dato
526 2909 548 2929 di
568 2908 681 2929 rinvenire
703 2908 717 2928 1’
729 2907 867 2928 {strumento
890 2905 928 2931 qui
951 2904 1087 2927 accennssto,
1143 2902 1155 2922 il
1172 2902 1282 2927 Capitolo
1296 2901 1317 2921 di
1334 2900 1356 2922 S.
1373 2900 1493 2925 Mostioffl,
1516 2901 1557 2921 che
1573 2901 1610 2921 noi
1626 2900 1662 2926 gi&
1685 2900 1841 2925 conosciamo,
1862 2901 1963 2921 concede
1978 2901 2022 2921 :illc

213 2957 254 2977 clie
269 2956 288 2977 ci
303 2955 404 2976 avrebbe
420 2954 521 2975 indicato
536 2954 556 2974 la
572 2958 643 2974 causa
659 2952 695 2973 del
710 2952 790 2973 debito
812 2951 871 2972 delle
891 2949 1005 2970 Monache
1021 2954 1089 2969 verso
1145 2947 1260 2967 Monaclie
1275 2952 1319 2967 una
1335 2951 1435 2971 proroga
1452 2945 1487 2971 pel
1504 2946 1644 2971 naganiento
1660 2945 1696 2965 del
1712 2945 1762 2965 loro
1782 2945 1869 2965 debito
1887 2945 1971 2965 lnoltre
1987 2946 2021 2966 nel

212 3000 242 3025 gli
258 2999 410 3025 Agostiniani.
433 2998 547 3019 Abhiamo
564 2997 621 3023 pero
636 2998 730 3018 trovato
745 2998 780 3017 tra
795 2996 824 3021 gli
840 2995 882 3015 atti
898 2994 934 3014 del
950 2994 1088 3017 Gravanago
1143 2991 1284 3012 documento
1299 2990 1335 3011 del
1354 2990 1377 3010 19
1391 2990 1507 3010 diccnibre
1525 2990 1574 3010 1494
1590 2989 1700 3009 vedreino
1712 2994 1755 3009 una
1771 2988 1949 3014 specificazione
1962 2995 2022 3014 mag-

215 3050 244 3065 un
260 3044 401 3065 documento
416 3043 452 3064 del
466 3043 478 3064 7
494 3042 610 3064 dicernbre
634 3041 692 3067 1493,
703 3041 724 3061 in
736 3041 772 3062 cui
788 3041 806 3061 si
815 3044 915 3060 accenna
926 3038 955 3059 ad
966 3038 1025 3058 altro
1040 3038 1090 3057 atto
1146 3037 1209 3061 glore
1225 3035 1260 3056 del
1276 3035 1364 3055 debito.

213 3090 296 3115 rogato
312 3088 340 3109 da
362 3088 488 3109 Tommaso
504 3087 540 3108 de'
557 3087 629 3108 Porri.
646 3086 695 3108 Con
711 3087 796 3112 questo
817 3086 868 3105 atto
890 3084 926 3104 dcl
946 3084 957 3103 7
973 3082 1089 3103 diceinhrc
