2347 3444
293 217 358 250 270

293 351 390 382 redes
415 351 623 383 universales
648 351 690 382 ad
717 352 823 392 ipsam
850 358 1034 390 expensam
1060 356 1297 389 campanarum
1317 347 1357 378 de
1376 346 1501 386 quibus
1526 354 1628 386 supra
1646 354 1711 376 non
1726 345 1925 383 faciendam,
1942 345 2002 377 sed
2021 345 2104 376 bene

292 415 503 444 contentatur
528 413 620 453 quod
648 413 679 444 id
706 413 797 453 quod
823 412 1068 453 expenderetur
1094 411 1180 441 dicta
1206 409 1390 440 occaxione
1419 415 1680 448 campanarum,
1716 407 1926 447 expendatur
1951 407 1982 438 in
2008 407 2105 438 celle-

294 475 378 506 brari
407 475 554 507 fatiendo
580 475 690 507 officia
717 484 776 516 pro
802 475 911 506 anima
939 474 1046 514 ipsius
1072 473 1205 503 domine
1231 470 1419 502 testatricis.

1131 646 1267 686 DIX.

381 734 510 769 Legato
535 731 792 761 testamentario
817 732 869 759 del
895 731 969 759 nob.
996 729 1162 759 Giovanni
1187 729 1375 758 Lanfranco
1400 727 1573 756 Preottoni
1597 736 1617 756 a
1640 727 1754 756 favore
1779 725 1812 755 di
1836 726 1868 755 S.
1895 725 2070 762 Agostino.

898 843 1036 867 1485
1045 858 1058 873 9
1090 843 1425 873 settex11bre,
1457 841 1495 866 1.

799 933 876 953 (Arcti.
892 932 972 952 Notar.
989 931 1010 952 di
1028 931 1106 952 Pax-iat
1123 942 1148 944 —
1163 930 1211 951 Atti
1228 930 1248 951 di
1265 930 1378 951 Giovauni
1395 929 1472 950 Pietro
1489 929 1581 950 Balconi
1599 947 1602 950 .

363 1119 468 1234 Ῐ)
535 1136 672 1162 ΑνΑΝΤΙ
699 1130 766 1162 alla
788 1132 885 1171 pomi
910 1129 1189 1161 dell·‹1bitazi011e
1214 1128 1267 1160 del
1291 1125 1517 1167 testatorem),
1545 1128 1575 1158 ill
1594 1126 1792 1158 Parrocchicl
1810 1127 1844 1158 cii
1861 1126 1893 1159 S.
1913 1127 1957 1158 M.
1975 1126 2105 1158 Νιιονα.

368 1183 407 1233 R
561 1194 768 1225 Testamenlo
793 1192 846 1224 del
871 1192 994 1223 nobiIIs
1021 1192 1070 1222 vir
1084 1192 1242 1222 dominus
1261 1190 1426 1221 lohannes
1445 1189 1674 1221 Lanfranclius
1692 1190 1732 1220 de
1751 1188 1999 1227 Preottonibus,
2018 1189 2106 1220 tilius

405 1292 409 1293 ⁷
456 1292 522 1294 ῌ,
557 1256 728 1296 quondam
755 1255 952 1296 spectabilis
977 1254 1138 1285 causidici
1165 1254 1341 1294 papiensis
1367 1253 1492 1283 domini
1520 1251 1667 1289 Antonii,
1692 1251 1746 1282 nel
1769 1251 1866 1291 quale
1903 1251 2039 1282 mandat
2075 1254 2105 1282 et

289 1320 420 1350 ordinat
447 1319 549 1359 quod.
575 1327 654 1349 casu
681 1318 754 1349 eius
780 1317 896 1348 mortis
929 1317 1139 1353 adveniente,
1165 1317 1238 1347 eius
1263 1316 1407 1346 cadaver
1422 1314 1603 1355 sepeliatur
1628 1316 1658 1345 et
1683 1313 1816 1354 sepeliri
1843 1313 1963 1344 debeat
1988 1313 2029 1344 ad
2055 1322 2107 1344 ec-

288 1382 424 1413 elesiam
440 1382 544 1413 sancti
562 1380 738 1412 Auaustini
758 1380 904 1410 civitatis
924 1378 1037 1419 papie,
1052 1382 1082 1410 et
1097 1379 1138 1410 ad
1153 1378 1315 1419 capellam
1333 1378 1481 1418 ipsorum
1501 1377 1541 1408 de
1561 1375 1798 1407 Preottonibus
1824 1378 2048 1407 constructam
2076 1376 2106 1407 in

289 1445 376 1475 dicta
402 1444 576 1475 ecclesias..
604 1443 715 1474 ltem...
743 1442 834 1473 dedit
859 1444 889 1472 et
916 1442 1072 1482 legavit...
1098 1441 1278 1472 conventui
1305 1443 1335 1471 et
1361 1440 1564 1471 monasterio
1591 1439 1695 1470 sancti
1723 1437 1901 1478 Augustini
1942 1438 2028 1468 dicte
2064 1438 2109 1469 ci-

291 1508 403 1538 vitatis
428 1505 530 1547 Papie
557 1506 703 1537 florenos
729 1505 849 1536 duos...
876 1505 960 1544 ipsis
986 1504 1165 1535 conventui
1192 1506 1222 1534 et
1248 1503 1451 1534 monasterio
1477 1502 1566 1532 omni
1593 1509 1692 1537 anno,
1718 1509 1850 1540 semper
1875 1503 1905 1531 et
1933 1500 1963 1530 in
1990 1508 2108 1540 perpe-

290 1572 393 1604 tuumv
420 1577 477 1609 per
504 1568 737 1608 infrascriptos
762 1568 835 1598 eius
861 1567 987 1598 domini
1014 1566 1185 1597 testatoris
1211 1565 1351 1596 heredes
1388 1564 1607 1601 universales,
1638 1563 1770 1594 dandos
1796 1565 1826 1593 et
1853 1562 2039 1593 solvendos
2077 1565 2108 1593 et

291 1631 528 1668 numerandos,
554 1639 628 1661 cum
656 1631 718 1661 hoc
744 1632 853 1661 tamen
880 1638 980 1660 onere
1006 1629 1097 1669 quod
1124 1628 1335 1659 venerabiles
1360 1627 1486 1658 domini
1507 1625 1600 1657 Prior
1618 1628 1649 1657 et
1668 1625 1798 1656 Fratres
1816 1625 1893 1656 dicti
1913 1624 2105 1656 monasterii

290 1696 464 1724 teneantur
489 1695 520 1724 et
546 1692 723 1723 debeant...
749 1692 839 1723 omni
866 1700 954 1722 anno
980 1691 1022 1722 ad
1049 1691 1169 1722 dictam
1196 1690 1359 1730 capellam
1392 1689 1572 1720 cellebrare
1609 1687 1763 1725 annuale,
1789 1687 1878 1718 omni
1904 1695 1992 1718 anno
2018 1688 2048 1717 et
2074 1686 2105 1717 in

291 1758 499 1797 perpetuum,
526 1764 586 1796 pro
611 1755 722 1786 anima
749 1755 858 1795 ipsius
883 1754 1009 1785 domini
1036 1753 1206 1785 testatoris
1231 1755 1261 1784 et
1288 1753 1319 1783 in
1346 1752 1578 1783 remissionem
1605 1751 1816 1791 peccatorum
1843 1757 1992 1781 suorum.

1146 1927 1257 1967 DX.

381 2040 515 2075 Legato
540 2038 809 2067 testamentario
835 2038 928 2066 della
951 2037 1032 2066 nob.
1060 2037 1220 2066 Sovrana
1246 2035 1395 2064 Maletta
1421 2035 1463 2063 de
1489 2034 1615 2062 Tisma
1641 2042 1660 2062 a
1686 2033 1807 2061 favore
1833 2033 1868 2061 di
1895 2033 1930 2061 S.
1957 2031 2078 2063 Paolo.

948 2160 1103 2191 1485,
1137 2160 1376 2189 ottolvt·e‚
1409 2159 1461 2182 4.

805 2267 882 2291 (Arelil
899 2267 979 2288 Notar.
997 2266 1018 2287 di
1036 2266 1115 2287 Pavia.
1133 2276 1156 2280 —
1173 2265 1221 2286 Atti
1237 2265 1259 2285 di
1276 2265 1403 2286 Fraucesco
1418 2263 1594 2289 strazzapatto.

369 2452 478 2567 T
542 2470 805 2497 ESTAMENTUM
832 2464 956 2495 nobilis
974 2464 1108 2495 domine
1127 2461 1277 2495 Sovrane
1296 2462 1336 2492 de
1351 2462 1514 2498 Malletis‚
1533 2461 1598 2491 filie
1617 2460 1787 2500 quondam
1807 2459 1934 2490 domini
1954 2458 2111 2489 loliannis

563 2531 593 2559 et
620 2528 729 2558 relicte
756 2527 926 2567 quondam
954 2526 1079 2557 domini
1107 2525 1264 2556 Iohannis
1283 2524 1413 2555 Andree
1433 2523 1472 2554 de
1492 2522 1607 2554 Tisma
1625 2519 1718 2561 (2)....
1746 2521 1868 2552 ltem....
1895 2521 1951 2551 dat
1969 2522 1999 2551 et
2025 2520 2112 2561 legat

565 2589 767 2620 monasterio
794 2589 898 2619 sancti
927 2587 1020 2619 Pauli
1047 2587 1186 2619 Ordinis
1211 2587 1315 2617 sancti
1344 2585 1534 2627 Augustini,
1560 2585 1707 2615 florenos
1733 2583 1856 2615 XXV...
1875 2583 2061 2614 solvendos
2079 2583 2110 2613 in

298 2654 433 2685 duobus
458 2654 564 2687 amus,
591 2660 737 2693 gravans
764 2651 893 2682 Fratres
911 2651 952 2681 ad
972 2650 1220 2681 cellebiandum
1240 2648 1345 2680 offitia
1365 2649 1423 2679 tria
1443 2651 1647 2678 mortuorum
1667 2656 1726 2687 pro
1745 2646 1923 2677 animabus
1942 2645 2112 2685 quondam

299 2717 402 2757 patris
427 2718 457 2746 et
484 2716 598 2746 matris
623 2723 692 2745 sue.
720 2713 796 2744 ltem
823 2716 852 2744 et
879 2713 989 2744 fictum
1018 2721 1118 2743 unum
1146 2714 1342 2752 perpetuum
1369 2711 1546 2742 sacliorum
1573 2709 1714 2740 duorum
1742 2708 1895 2739 furmenti
1914 2704 1976 2747 (3).

356 2874 385 2896 (l)
402 2872 443 2893 Dal
459 2872 518 2892 fatto
534 2872 574 2892 elie
591 2872 603 2891 il
621 2871 699 2891 notaio
715 2870 796 2891 stende
813 2871 825 2890 il
843 2872 984 2890 testamento
1000 2875 1044 2889 uon
1057 2870 1114 2889 nella
1126 2874 1180 2889 casa
1236 2870 1322 2888 novato
1339 2868 1359 2887 in
1376 2868 1482 2891 seguito,
1505 2866 1597 2891 ⁴uiaccli‘e
1614 2866 1642 2886 da
1659 2871 1687 2886 uu
1703 2868 1754 2886 atto
1776 2866 1796 2885 di
1814 2865 1892 2886 Nicoln
1909 2865 2017 2886 Codazza
2033 2864 2068 2884 del
2083 2864 2106 2885 31

303 2918 338 2938 del
356 2920 476 2941 testatore,
493 2922 527 2937 run
544 2916 602 2936 sulla
619 2916 727 2941 publiliea
744 2915 788 2939 via,
805 2915 822 2934 si
840 2915 866 2934 lm
883 2915 903 2934 lsi
919 2914 1068 2939 spiegnaioue
1085 2914 1106 2933 di
1123 2913 1176 2933 tutti
1233 2913 1331 2937 genunio
1349 2913 1398 2932 14⁸¹)
1413 2912 1493 2931 risultn
1509 2912 1550 2931 elic
1566 2911 1586 2931 ln
1602 2910 1699 2931 Male-na
1716 2916 1753 2930 eru
1770 2912 1865 2935 pussula
1881 2916 1893 2930 a
1911 2909 2011 2930 seconde
2034 2914 2107 2929 uozzc

304 2963 308 2982 i
326 2962 457 2983 testamenti
478 2961 519 2982 elie
535 2961 573 2986 qui
597 2960 703 2981 vedmmo
725 2959 872 2984 aggruppari.
897 2958 945 2978 [ἴῃ-ἰ
968 2958 1088 2978 liciissuna
1110 2958 1179 2983 pesti-
1235 2957 1269 2977 cnl
1286 2957 1338 2977 nob.
1356 2956 1445 2981 Filippo
1462 2956 1571 2981 Folperti,
1587 2955 1600 2975 il
1617 2955 1684 2980 quale
1700 2955 1734 2975 col
1751 2954 1866 2975 ricordatn
1882 2956 1932 2975 atto
1948 2959 2008 2979 paga
2023 2959 2035 2974 a
2051 2953 2108 2974 irate

304 3007 367 3027 leuza
385 3006 405 3026 in
428 3005 504 3031 questi
529 3005 584 3025 mesi
607 3007 701 3029 genava
717 3004 737 3023 la
760 3002 909 3023 desolatione
924 3008 935 3022 e
958 3003 979 3022 lo
999 3002 1136 3026 scompiulio
1159 3002 1179 3021 in
1237 3001 1385 3021 Bnrtolomeo
1401 3000 1429 3020 da
1445 3000 1600 3023 Castellazzo,
1618 2999 1771 3019 l’rocuratore
1787 2998 1808 3018 di
1824 2998 1846 3019 S.
1859 2998 1980 3023 Aigostino,
1993 3003 2021 3018 un
2033 2998 2109 3023 legato

306 3050 383 3071 Pavia.
1235 3044 1294 3065 fano
1309 3045 1330 3065 al
1346 3044 1467 3065 Convento
1482 3043 1542 3064 dalla
1558 3043 1580 3063 tu
1598 3043 1697 3064 Lucliiua
1713 3043 1734 3063 di
1751 3042 1838 3067 Tisma,
1854 3042 1932 3063 madre
1947 3042 1968 3062 di
1984 3041 2095 3062 Sovrana.

358 3095 387 3118 (l)
404 3094 418 3114 ll
435 3094 576 3114 testamento
592 3093 613 3113 di
630 3094 714 3117 questa
730 3091 870 3112 nobildonna
886 3090 908 3111 tu
931 3090 1116 3116 probabilmentc
1139 3090 1182 3109 rin-
1289 3090 1317 3112 (2,
1334 3088 1422 3113 Questo
1438 3090 1488 3109 atto
1505 3094 1516 3109 e
1532 3088 1560 3113 gli
1576 3088 1627 3108 altri
1644 3087 1682 3113 qui
1698 3089 1762 3108 sotto
1778 3087 1871 3107 iudicati
1887 3086 1922 3107 del
1945 3085 2023 3107 notaio
2044 3085 2110 3106 Fran·
