2347 3444
1933 209 1996 241 333

187 330 315 361 rianum
340 331 383 362 ad
410 339 472 362 nos
498 330 665 363 destinare
691 333 879 373 dignentur,
905 334 997 374 quod
1023 335 1050 366 si
1077 334 1223 373 fecerint,
1262 337 1295 367 ut
1320 336 1455 367 firmiter
1492 345 1686 377 speramus,
1719 341 1749 370 et
1775 348 1840 370 rem
1879 341 1997 380 gratis-

186 393 304 424 simam
331 394 407 425 huic
433 394 504 425 urbi
531 395 682 427 ticinensi
708 395 862 434 efficient,
888 399 919 428 et
943 397 1083 429 eandem
1110 398 1174 429 sibi
1200 398 1384 430 obnoxiam
1410 401 1441 430 et
1466 399 1508 430 ad
1535 402 1613 431 vota
1650 409 1709 431 sua
1748 403 1994 441 paratissimam

187 455 369 487 habebunt.
395 455 452 488 Sin
478 459 599 495 autem,
626 458 717 498 quod
745 468 810 490 non
836 460 1013 497 credimus,
1040 461 1155 492 iterum
1182 461 1431 502 denegaverint,
1458 462 1521 492 iam
1549 462 1611 493 iam
1639 471 1719 502 spes
1744 464 1854 495 omnis
1885 467 1996 496 nostra

186 517 327 555 det‘icIet⁷
354 519 520 559 nobisque
547 521 737 551 necessario
763 522 1044 561 persuadebimus
1070 522 1183 554 urbem
1212 524 1295 555 lianc
1321 526 1468 555 nostram
1495 526 1526 555 et
1552 524 1651 555 vobis
1676 527 1802 565 gratam
1830 535 1894 556 non
1922 535 1997 557 esse

186 581 216 610 et
242 582 354 611 nostre
381 581 411 611 in
439 590 501 612 vos
527 581 708 613 dillectioni
736 583 982 624 devocionique
1009 584 1221 617 Reverendas
1249 584 1468 617 Paternitates
1494 588 1624 617 vestras
1650 587 1740 618 nulla
1757 596 1798 618 ex
1819 590 1910 627 parte
1928 597 1999 619 cor-

186 642 401 681 respondere.
428 642 562 680 Quibus
587 646 617 675 et
643 654 704 676 nos
731 648 761 676 et
787 648 888 677 totam
916 647 1000 678 hanc
1026 647 1140 678 urbem
1167 650 1314 679 nostram
1341 649 1609 680 commendatam
1636 648 1790 680 facimus.
1811 648 1924 690 Papie,
1944 651 1996 681 die

186 704 226 734 27
251 704 378 744 aprilis,
408 705 500 736 1495.
527 705 695 746 Deputati.

273 766 311 797 A.
338 766 376 798 T.
404 767 609 800 Reverendis
634 778 671 800 ac
698 769 957 802 Venerabilibus
983 772 1013 803 in
1040 771 1176 804 Christo
1203 772 1360 804 Patribus
1385 773 1517 805 Vicario
1536 772 1692 805 Generali
1711 776 1742 804 et
1761 773 1997 805 Difinitoribus

183 826 330 868 Capituli
358 827 642 870 Congregationis
668 833 772 863 sancti
800 832 979 873 Augustini
1007 834 1207 866 Lombardie
1233 835 1550 866 honorandissimis.
1577 834 1728 867 Arimini.

975 1018 1205 1059 DXCIV.

271 1123 405 1159 Legato
430 1125 699 1153 testamentario
726 1125 760 1153 di
788 1127 902 1154 Borso
929 1127 1121 1162 Scrovegni
1148 1137 1166 1155 a
1193 1128 1314 1156 favore
1340 1128 1374 1156 di
1402 1128 1436 1156 S.
1465 1129 1589 1157 Paolo.

827 1241 982 1273 1-12S)3,
1010 1242 1270 1274 111532210,
1303 1243 1355 1267 8.

771 1329 847 1351 (Arclt⁴
866 1329 938 1350 Notas
963 1330 984 1349 di
1002 1329 1071 1350 [ἠνία
1088 1341 1113 1343 -
1129 1330 1176 1350 Atti
1193 1330 1214 1350 di
1231 1330 1282 1350 Sim
1299 1330 1407 1354 Pescari).

259 1511 379 1627 N
428 1530 517 1556 ELLA
542 1535 622 1557 casa
647 1526 700 1557 del
723 1529 885 1561 testatore,
912 1528 943 1558 ill
969 1527 1168 1558 Parrocclzicz
1205 1528 1240 1559 cli
1274 1528 1306 1560 S.
1345 1529 1453 1560 Maria
1490 1530 1521 1560 ill
1559 1528 1697 1561 Pertiffl.
1730 1530 1937 1561 Testamento
1964 1530 1998 1561 cii

450 1587 590 1620 Borsius
616 1590 655 1620 de
682 1588 894 1629 Scrovegnis,
920 1589 973 1620 del
989 1589 1030 1629 fu
1055 1590 1228 1630 spettubile
1255 1590 1426 1628 Giacorno,
1445 1591 1601 1622 csttutiino
1627 1592 1661 1623 di
1684 1591 1799 1627 Ρανῐα,
1827 1592 1878 1623 col
1901 1593 1998 1632 quale

279 1691 283 1692 ⁷
450 1653 541 1684 dedit
566 1656 595 1684 et
623 1653 746 1693 legavit
772 1652 930 1683 fratribus
956 1655 986 1683 et
1011 1653 1190 1683 conventui
1218 1653 1322 1684 sancti
1351 1652 1445 1684 Pauli
1471 1655 1564 1684 extra
1579 1656 1609 1684 et
1629 1663 1733 1694 prope
1760 1653 1909 1694 Papiam,
1937 1663 1996 1694 pro

177 1719 289 1749 anima
316 1718 424 1758 ipsius
450 1716 576 1747 domini
604 1716 784 1751 testatoris,
811 1715 958 1745 florenos
983 1717 1159 1745 centum...
1188 1714 1271 1745 infra
1297 1724 1420 1746 annum
1447 1724 1548 1746 unum
1575 1716 1728 1756 proxime
1754 1715 1901 1746 futurum
1919 1719 1994 1756 post

178 1780 306 1811 obitum
335 1779 452 1820 prefati
491 1779 617 1809 domini
655 1778 837 1815 testatoris,
875 1777 1060 1808 solvendos
1087 1786 1144 1817 per
1170 1776 1418 1817 infrascriptum
1455 1778 1528 1808 eius
1566 1778 1720 1809 heredem
1759 1778 1994 1812 universalem,

177 1851 324 1883 gravans
352 1842 423 1882 ipse
450 1842 608 1872 dominus
635 1842 773 1871 testator
798 1849 857 1871 eos
883 1840 1040 1871 dominos
1065 1839 1184 1870 fratres
1209 1839 1251 1870 ad
1277 1839 1535 1871 celebrationem
1563 1841 1739 1871 missarum
1760 1840 1911 1878 duarum,
1930 1841 1998 1871 sin-

177 1904 254 1945 gula
283 1904 484 1941 ebdomada,
512 1904 542 1933 in
570 1905 778 1943 perpetuum,
805 1903 835 1933 in
863 1903 1094 1933 remissionem
1122 1904 1332 1942 peccatorum
1359 1902 1509 1933 eiusdem
1537 1903 1663 1933 domini
1691 1903 1871 1933 testatoris.
1898 1903 1962 1934 Fra
1987 1904 1998 1934 ι’

176 1966 343 1997 testimoni
366 1966 400 1996 al
424 1967 643 1996 testamento:
670 1964 859 1996 Venerabili
888 1965 959 1995 viro
985 1964 1122 1995 domino
1148 1964 1247 1995 fratre
1263 1964 1407 1995 lolianne
1427 1964 1525 1996 Petro
1544 1965 1584 1996 de
1605 1964 1720 2005 Papia,
1739 1964 1878 1996 Ordinis
1897 1965 1997 1996 Here-

179 2029 332 2059 mitarum
360 2026 560 2060 Conventus
586 2027 691 2058 sancti
720 2026 813 2057 Pauli
832 2024 893 2065 (l).

994 2201 1197 2242 DXCV.

266 2321 293 2349 11
319 2320 482 2357 Capitolo
507 2320 542 2348 di
569 2320 603 2348 S.
631 2320 801 2348 Mostiola
827 2320 947 2355 elegge
972 2328 1016 2347 un
1042 2319 1277 2347 Procuratore
1302 2327 1363 2355 per
1388 2319 1552 2347 l‘eredita
1579 2319 1612 2347 di
1640 2319 1786 2355 Giorgio
1812 2319 1965 2349 Artaldi.

808 2443 961 2471 1495„
994 2442 1196 2474 lxmzxggi
1202 2449 1245 2473 o,
1278 2441 1355 2466 16.

686 2542 760 2562 «Aren.
779 2540 858 2561 Notas⁴
876 2539 897 2560 di
915 2539 992 2560 pavia.
1010 2550 1032 2553 ψ
1050 2539 1097 2560 Atti
1113 2539 1134 2559 di
1151 2538 1208 2559 Oian
1224 2538 1335 2560 Giaeomo
1351 2539 1463 2560 Canevari
1482 2555 1485 2558 .

276 2728 324 2843 Ι
413 2724 443 2774 γΝ
468 2741 627 2784 Capitulo
653 2742 844 2774 monasterii
871 2743 984 2772 sancte
1011 2739 1182 2771 Mustiolle
1209 2738 1357 2778 Papie....
1382 2736 1580 2770 Convocato
1606 2739 1637 2768 et
1661 2739 1865 2778 congregato
1891 2746 1990 2768 vene-

411 2795 412 2798 *
438 2805 534 2837 rabili
560 2805 707 2846 capitulo
732 2805 920 2836 conventus
945 2805 975 2834 et
1001 2802 1193 2833 monasterii
1221 2802 1334 2832 sancte
1361 2799 1534 2831 Mustiolle
1553 2799 1656 2840 Papie
1674 2798 1813 2831 Ordinis
1840 2799 1990 2830 Heremi-

437 2869 542 2898 tarum
568 2867 674 2898 sancti
701 2865 926 2907 Augustini...
952 2865 992 2895 de
1019 2863 1220 2895 mandato...
1247 2862 1419 2894 reverendi
1446 2871 1538 2894 sacre
1563 2862 1733 2902 theologie
1752 2862 1900 2902 magistri
1927 2861 1987 2891 do-

174 2930 252 2961 mini
278 2929 389 2961 fratris
414 2928 572 2960 Iohannis
597 2928 732 2960 Antonii
759 2928 799 2959 de
825 2927 936 2959 Laude
962 2926 1082 2958 Viearii
1109 2925 1185 2956 dicti
1213 2925 1449 2956 monasterii....
1475 2926 1505 2956 et
1531 2933 1638 2965 penex
1665 2933 1739 2955 eum
1778 2923 1986 2954 venerabiles

231 3089 262 3113 (l)
276 3087 332 3109 Vedi
347 3087 361 3108 il
376 3087 516 3108 documento
531 3086 567 3107 del
581 3086 593 3107 7
609 3086 706 3112 gennaio
724 3085 780 3107 1500.
