2347 3444
323 194 367 225 42

1099 378 1379 420 CLXXVI.

415 488 520 517 Frate
546 489 694 517 Paolino
720 489 764 517 da
791 488 955 522 Gessate‚
983 488 1168 523 calligrafo
1204 487 1401 524 miniatore,
1427 491 1593 524 presenta
1619 487 1652 515 al
1678 486 1841 523 Capitolo
1867 486 1902 515 di
1927 487 1963 516 S.
1989 486 2141 516 Michele

325 542 507 578 Maggiore
531 543 587 570 un'
605 542 696 570 altra
720 546 819 578 parte
845 542 900 570 del
927 550 991 570 suo
1017 541 1253 570 Antifonario.

961 655 1116 685 1427,
1146 654 1402 686 nmaggfflo,
1432 654 1510 679 10.

882 744 958 767 (Arcu.
976 744 1056 764 Notar.
1073 743 1094 763 di
1119 742 1188 764 l’avia
1207 753 1229 756 —
1245 742 1293 763 Atti
1310 742 1331 763 di
1348 741 1426 764 Silano
1442 742 1577 768 Mangano).

564 891 566 922 l

389 929 532 1044 M
564 946 783 994 'CCCCXXVIL
810 941 977 973 indicione
1003 941 1130 981 quinta,
1156 941 1210 972 die
1236 941 1368 972 decimo
1395 940 1521 971 mensis
1548 940 1660 978 madii,
1686 940 1766 971 hora
1793 940 1937 978 none‚in
1953 939 2069 980 Papia,
2096 940 2147 971 vi-

564 998 566 1008 ’
595 1005 715 1036 delicet
734 1005 764 1036 in
784 1005 885 1035 domo
912 1004 1136 1036 habitacionis
1152 1004 1353 1045 infrascripti
1373 1003 1499 1034 domini
1519 1002 1720 1044 Thomayni,
1740 1003 1771 1034 in
1791 1002 1891 1034 Porta
1917 1001 1949 1035 S.
1976 1002 2145 1041 Iohannis,

595 1068 625 1098 in
652 1066 816 1098 Parochia
843 1065 875 1098 S.
903 1066 1083 1098 Michaelis
1110 1066 1278 1097 maioris...
1306 1065 1467 1098 Francius
1493 1067 1534 1098 de
1561 1066 1656 1097 Alzio
1682 1066 1876 1107 prepositus
1914 1066 2145 1107 suprascripte

327 1130 500 1162 ecclesie...
527 1133 557 1161 et
583 1129 805 1170 Thomaynus
831 1129 872 1160 de
898 1128 1043 1169 Zaganis
1070 1129 1220 1160 eiusdem
1248 1129 1391 1160 ecclesie
1418 1130 1603 1161 canonicus
1639 1129 1772 1161 fuerunt
1809 1129 1956 1160 confessi
1984 1130 2016 1160 et
2041 1129 2144 1160 confi-

327 1195 444 1229 tentur,
472 1193 604 1223 nomine
630 1194 661 1223 et
688 1193 760 1223 vice
787 1192 873 1223 dicte
900 1191 1044 1223 ecclesie
1059 1200 1097 1222 ac
1114 1189 1261 1231 Capituli
1288 1191 1451 1229 eiusdem,
1478 1200 1597 1223 versus
1625 1192 1796 1223 dominum
1813 1191 1945 1223 fratrem
1965 1190 2142 1222 Paulinum

327 1255 367 1286 de
394 1253 538 1286 Gessate
576 1253 714 1286 Ordinis
753 1253 992 1285 Heremitarum
1031 1254 1137 1284 sancti
1176 1252 1356 1294 Augustini
1384 1254 1427 1285 ibi
1455 1255 1678 1294 presentem...
1705 1263 1741 1285 se
1767 1254 1894 1294 ipsos...
1929 1254 2091 1285 habuisse
2117 1255 2148 1285 et

328 1317 497 1357 recepisse
523 1326 540 1348 a
566 1317 655 1348 dicto
682 1317 779 1348 fratre
806 1315 947 1347 Paulino
974 1318 1156 1356 quaternos
1183 1316 1371 1357 vigintitres
1398 1316 1428 1346 in
1455 1317 1556 1347 cartis
1583 1315 1778 1348 Antifenarii
1806 1325 1864 1356 per
1889 1325 1963 1347 eum
2002 1316 2147 1356 scriptos

327 1383 358 1411 et
385 1381 526 1415 notatos,
553 1379 595 1411 ad
622 1381 817 1420 computum
844 1387 1040 1419 grossorum
1068 1378 1332 1419 vigintiduorum
1351 1388 1412 1419 pro
1431 1379 1566 1420 singulo
1584 1381 1758 1419 quaterno,
1777 1379 1870 1410 iuxta
1890 1379 2148 1410 conventionem

327 1442 410 1473 alias
437 1442 590 1474 factam...
629 1443 684 1482 qui
723 1441 875 1482 quaterni
903 1443 980 1472 sunt
1017 1449 1096 1481 pars
1134 1441 1242 1481 ipsius
1269 1440 1465 1473 Antifenarii
1484 1438 1546 1481 (l),
1572 1450 1637 1482 que
1664 1441 1855 1482 appellatur
1879 1439 2147 1473 Sanctuarium...

328 1514 403 1536 cum
442 1502 606 1536 Comune.
646 1504 683 1535 Et
710 1513 808 1535 versa
846 1504 919 1535 vice
956 1504 1067 1535 dictus
1105 1503 1263 1534 dominus
1301 1503 1401 1535 frater
1438 1503 1602 1535 Paulinus
1627 1503 1688 1535 fuit
1713 1503 1892 1535 confessus
1918 1505 1949 1535 et
1975 1503 2151 1535 confitetur

327 1576 447 1599 versus
475 1567 623 1608 prefatos
650 1567 839 1598 dominos...
868 1566 1029 1597 habuisse
1057 1568 1087 1597 et
1113 1566 1322 1605 accepisse...
1342 1576 1402 1607 pro
1421 1567 1589 1598 solutione
1608 1567 1772 1598 dictorum
1792 1568 2029 1606 quaternorum
2049 1566 2151 1598 libras

327 1630 571 1670 quinquaginta
598 1632 629 1661 et
655 1629 772 1661 soldos
798 1629 976 1660 duodecim
1004 1628 1205 1668 imperiales.
1234 1628 1572 1667 Renunciantes,etc.
1590 1629 1732 1667 Etinde,
1751 1631 1812 1660 etc.
1831 1628 2061 1666 presentibus,
2087 1630 2149 1660 etc.

1092 1778 1401 1818 CLXXVII.

418 1888 523 1916 Frate
549 1887 724 1916 Giovanni
751 1888 868 1916 Rocco
895 1887 1013 1922 Porzi,
1041 1888 1276 1916 Procuratore
1302 1887 1336 1916 di
1363 1888 1398 1916 S.
1425 1887 1612 1923 Agostino,
1639 1887 1752 1916 vende
1777 1896 1844 1915 una
1869 1887 2060 1924 proprieta.

931 1994 948 2017 1
956 1992 1085 2023 428,
1116 1993 1459 2024 110ve111b1-e,
1489 1991 1566 2017 17.

863 2080 938 2104 (Arcti.
957 2081 1035 2101 Notus⁴
1053 2081 1074 2101 di
1092 2080 1169 2101 Paria.
1187 2092 1211 2094 ἡ
1228 2081 1274 2101 Atti
1291 2080 1312 2101 di
1329 2080 1485 2101 Giacomazzo
1503 2080 1617 2101 Sedazzil.

437 2266 483 2381 l
580 2283 603 2309 N
629 2279 764 2310 civitate
801 2277 939 2318 Papie...
967 2278 997 2309 in
1025 2278 1125 2308 domo
1163 2277 1375 2317 infrascripte
1412 2278 1547 2309 domine
1573 2276 1720 2319 Symone
1746 2278 1777 2308 in
1804 2276 1903 2309 Porta
1930 2280 1961 2309 et
1987 2276 2151 2309 parochia

601 2341 708 2373 sancti
729 2340 815 2372 Petri
843 2341 884 2372 ad
912 2340 1080 2371 Murum...
1109 2340 1328 2373 Reverendus
1354 2343 1447 2380 pater
1472 2342 1503 2372 et
1528 2349 1622 2372 sacre
1648 2340 1770 2380 pagine
1797 2339 1969 2380 professor
1995 2340 2152 2371 dominus

601 2404 699 2435 frater
726 2404 892 2435 lohannes
918 2404 959 2435 de
987 2403 1102 2435 Poscis
1121 2402 1172 2443 (2)
1197 2402 1335 2435 Ordinis
1373 2404 1478 2435 sancti
1517 2402 1695 2443 Augustini
1730 2403 1917 2443 papiensis,
1943 2403 2096 2434 sindicus
2121 2404 2152 2434 et

334 2468 530 2506 procurator
555 2467 765 2497 dominorum
792 2466 927 2497 fratrum
956 2470 985 2497 et
1012 2464 1221 2503 Conventus,
1249 2466 1408 2497 heredum
1425 2475 1485 2506 pro
1500 2465 1677 2497 medietate
1693 2465 1723 2496 in
1740 2473 1885 2505 persona
1903 2465 2012 2505 ipsius
2026 2464 2151 2496 domini

334 2528 443 2560 fratris
471 2528 659 2560 iohannis...
687 2529 858 2569 quondam
886 2529 1011 2559 domini
1041 2528 1175 2560 Martini
1203 2529 1243 2560 de
1271 2528 1387 2560 Porcis
1414 2528 1491 2559 olim
1519 2528 1623 2568 patris
1653 2528 1761 2567 ipsius
1797 2528 1922 2558 domini
1962 2527 2150 2559 Iohannis...

335 2590 373 2622 Et
399 2591 455 2631 qui
482 2592 606 2622 domini
645 2590 845 2623 Conventus
872 2594 902 2622 et
928 2592 1080 2622 tratres..
1120 2591 1243 2622 nabent
1268 2591 1310 2622 ad
1339 2591 1398 2622 hec
1425 2590 1591 2622 licentiam
1618 2598 1636 2621 a
1662 2590 1847 2621 reverendo
1885 2591 1977 2630 patre
2014 2590 2152 2620 dornino

333 2653 432 2684 fratre
460 2652 604 2684 lolianne
629 2654 670 2684 de
698 2653 804 2684 Puteo
832 2654 991 2693 magistro
1017 2653 1198 2693 theologie,
1225 2653 1385 2693 magistro
1411 2651 1704 2693 provincialidicti
1720 2650 1858 2683 Ordinis
1876 2652 2076 2683 Lombardie
2095 2660 2153 2692 per

335 2716 406 2746 cius
434 2715 559 2747 litteras
593 2716 689 2746 datas
715 2715 919 2746 Alexandrie
958 2716 1124 2755 vigesimo
1162 2715 1302 2746 Ianuarii
1342 2715 1494 2755 proxime
1529 2714 1696 2754 preteriti:
1734 2714 1870 2746 lnsieme
1895 2723 1915 2746 a
1943 2713 2152 2746 Giovannina

334 2776 442 2813 Ρονῑί,
468 2777 587 2808 sorella
613 2777 665 2808 del
689 2777 776 2808 detto
795 2777 884 2817 frate
912 2776 1084 2813 Giovamzl,
1115 2777 1262 2809 vendono
1288 2778 1374 2808 circa
1401 2778 1564 2816 quaranta
1584 2775 1729 2816 perficite
1746 2775 1781 2807 cii
1797 2776 1896 2808 bosco
1921 2784 2036 2817 presso
2055 2775 2078 2807 il
2095 2775 2153 2807 vil—

335 2839 451 2879 laggm
469 2839 503 2870 cli
522 2838 685 2875 Gerzzone,
709 2848 770 2879 per
792 2839 848 2870 lire
871 2840 919 2870 27
940 2848 956 2870 e
981 2839 1068 2871 soldi
1094 2840 1142 2871 18.

393 2995 423 3021 (l)
438 2996 487 3017 Una
503 2996 575 3021 prima
592 2998 657 3021 parte
673 2995 873 3016 dell'Antifonario
888 3001 926 3017 cra
945 2998 1007 3017 stata
1027 2996 1055 3016 (la
1078 2996 1135 3016 irate
1159 2995 1215 3017 Pan·
1322 2995 1352 3020 (2)
1368 2995 1434 3016 Frate
1450 2994 1562 3016 Giovanni
1580 2994 1654 3020 Porzi,
1670 2995 1691 3015 di
1708 2995 1784 3016 nobile
1799 2995 1900 3021 famiglia
1915 3000 2009 3021 pavese,
2021 2995 2033 3016 ὲ
2049 2995 2062 3016 il
2078 2995 2150 3016 notis-

340 3041 385 3061 lino
410 3040 528 3066 compiuta
544 3046 556 3061 c
578 3042 719 3065 consegnata
737 3040 757 3060 ai
773 3040 798 3061 25
821 3039 841 3060 di
865 3041 989 3061 novembre
1014 3040 1049 3061 del
1077 3040 1133 3060 1⁴26.
1159 3040 1215 3061 Vcdi
1272 3040 1330 3060 simo
1347 3039 1470 3065 ReligiOSO.
1487 3039 1527 3060 elie
1544 3044 1584 3065 per
1599 3039 1619 3060 la
1635 3039 1721 3060 sanum
1737 3039 1796 3060 della
1818 3039 1873 3065 vita,
1890 3045 1930 3066 per
1945 3039 1965 3060 le
1980 3041 2058 3060 estese
2073 3039 2149 3065 cogni-

341 3085 392 3106 doc.
410 3091 430 3105 n.
448 3084 564 3106 CLXXlll.
1271 3084 1330 3105 zioni
1346 3090 1358 3105 c
1374 3089 1415 3110 per
1430 3084 1450 3104 la
1467 3083 1570 3104 mirabile
1585 3083 1700 3109 facondia,
1716 3084 1734 3104 si
1755 3083 1852 3105 concilio
1874 3089 1944 3105 ancor
1965 3084 2057 3104 vivente
2073 3083 2093 3104 la
2109 3082 2148 3109 piu
