2347 3444
330 226 390 258 182

324 360 477 401 draginta
503 364 578 392 octo
603 362 816 399 florenorum,
843 371 903 402 pro
929 363 1006 393 dote
1032 363 1191 402 predicta,
1219 371 1283 392 non
1311 362 1490 393 teneamini
1518 362 1678 402 quodque
1693 365 1846 402 pretextu
1862 363 2014 394 cuiusvis
2033 364 2138 395 devo-

324 422 461 453 lutionis
489 423 652 454 bonorum
680 424 863 463 legatorum
891 424 1095 459 huiusmodi,
1123 434 1163 454 eo
1189 424 1267 463 quia
1295 424 1389 462 ipsos
1416 423 1639 463 quadraginta
1677 426 1753 454 octo
1793 423 1940 455 florenos
1965 425 2135 456 annuatim

323 484 435 515 forsan
463 494 528 516 non
556 486 779 525 persolvistis,
807 495 907 525 super
934 486 1032 515 bonis
1058 486 1184 516 eisdem
1213 485 1380 515 ullatenus
1406 494 1423 516 a
1449 494 1620 525 quoquam
1661 485 1828 516 molestari
1864 487 2050 526 nequeatis,
2077 488 2136 518 sed

324 547 410 578 bona
439 548 522 588 ipsa.
550 549 687 588 perinde
713 558 750 579 ac
778 549 804 578 si
833 548 1025 578 huiusmodi
1053 547 1275 587 quadraginta
1302 549 1378 578 octo
1404 547 1549 578 florenos
1579 547 1723 588 singulis
1749 548 1846 579 annis
1873 548 2137 588 persolvissetis,

322 610 461 641 retinere
500 610 651 645 valeatis,
690 610 811 649 illaque
836 610 877 640 de
903 612 1023 645 cetero,
1050 609 1094 639 ol)
1119 609 1344 640 cessationem
1383 608 1562 640 solutionis
1599 609 1800 640 florenorum
1834 610 2069 650 predictorum,
2095 611 2135 642 ad

321 672 457 702 domum
485 673 590 703 sancti
619 672 786 702 Francisei
815 681 874 702 nee
901 670 1090 711 Collegium
1117 670 1343 702 Notariorium
1372 671 1563 702 huiusmodi
1590 671 1725 702 devolvi
1761 680 1825 702 non
1853 672 1995 712 possint,
2023 672 2137 705 ultima

322 734 492 765 voluntate
518 735 596 765 dieti
624 735 793 765 testatoris
820 736 850 764 et
876 733 951 764 aliis
978 733 1165 772 premissis,
1203 742 1331 764 necnon
1367 731 1677 765 Constitutionibus
1703 735 1733 765 et
1759 734 2030 766 ordinationibus
2056 744 2138 775 apo-

321 796 451 827 stolicis
477 805 515 827 ac
541 796 716 827 domorum
744 798 774 826 et
801 794 964 826 Ordinum
993 795 1218 835 predictorum
1257 796 1392 826 statutis
1418 798 1448 826 et
1475 795 1791 833 consuetudinibus,
1831 796 2027 835 iuramento,
2059 806 2138 828 con-

320 858 505 889 firmatione
532 858 720 897 apostolica
748 857 798 888 vel
827 858 948 897 quavis
975 857 1127 888 firmitate
1153 857 1218 888 alia
1245 857 1421 895 roboratis,
1448 857 1637 897 ceterisque
1663 858 1838 889 contrariis
1865 859 2136 899 quibuscumque

320 929 532 960 nequaquam
559 920 785 955 obstantibus,
826 919 1023 950 auctoritate
1061 919 1260 959 apostolica,
1297 922 1410 950 tenore
1449 920 1665 960 presentium,
1691 920 1732 951 de
1759 920 1891 960 spetiali
1929 921 2034 961 gratia
2060 929 2139 952 con-

318 983 471 1013 cedimus
499 983 622 1021 pariter
647 985 678 1012 et
705 982 931 1022 indulgemus,
957 981 1179 1013 decernentes
1205 985 1236 1013 et
1262 982 1380 1013 eadem
1407 982 1604 1013 auctoritate
1630 984 1817 1014 statuentes
1844 983 1933 1022 quod
1972 982 2080 1015 Misse
2105 985 2136 1015 et

319 1045 383 1075 alia
409 1045 523 1075 divina
549 1044 659 1075 officia
686 1046 716 1075 et
742 1044 796 1084 pia
823 1052 924 1084 opera
952 1046 1063 1075 vestra
1098 1044 1128 1074 in
1156 1043 1352 1084 suffragium
1390 1044 1586 1082 animarum,
1624 1053 1684 1084 pro
1721 1045 1846 1085 quibus
1880 1046 2030 1086 erogatio
2055 1054 2139 1086 qua-

321 1107 474 1147 draginta
501 1111 577 1138 octo
603 1107 805 1138 florenorum
835 1106 1027 1137 huiusmodi
1054 1106 1207 1138 ordinata
1245 1106 1362 1143 fuerat,
1399 1106 1530 1143 cedant,
1557 1107 1717 1147 quodque
1744 1115 1806 1138 vos
1832 1108 1862 1138 et
1888 1107 1944 1147 qui
1972 1116 2032 1147 pro
2057 1110 2138 1139 tem--

320 1178 400 1208 pore
426 1169 485 1200 erit
512 1168 606 1199 Prior
632 1171 663 1200 et
689 1167 889 1200 Conventus
916 1169 1122 1206 huiusmodi,
1139 1178 1199 1208 pro
1213 1169 1325 1200 anima
1344 1169 1452 1208 ipsius
1472 1169 1654 1206 testatoris,
1673 1169 1748 1200 loco
1765 1169 1945 1200 solutionis
1971 1170 2135 1202 dictorum

318 1232 542 1272 quadraginta
568 1234 643 1262 octo
668 1231 883 1264 florenorum,
909 1232 1053 1272 singulis
1080 1231 1189 1269 annis,
1223 1233 1367 1271 quatuor
1393 1231 1624 1262 anniversaria
1651 1231 1815 1262 solemnia
1841 1232 1962 1263 diebus
1988 1234 2017 1263 et
2045 1233 2135 1264 horis

318 1303 376 1334 per
403 1303 464 1325 vos
490 1294 667 1334 eligendis,
694 1296 792 1334 prout
818 1294 860 1325 ad
887 1294 919 1324 id
947 1296 1067 1334 sponte
1095 1302 1156 1325 vos
1182 1293 1365 1331 obtulistis,
1391 1293 1562 1324 celebrare
1589 1294 1781 1331 teneamini,
1808 1294 1851 1325 ita
1878 1296 1911 1325 ut
1937 1294 1964 1325 si
1992 1295 2023 1325 in
2049 1294 2137 1326 cele-

317 1357 468 1388 bratione
505 1356 671 1387 dictorum
709 1356 1016 1387 anniversariorum
1055 1364 1116 1387 vos
1155 1364 1289 1387 cessare
1315 1356 1497 1396 contingat,
1524 1364 1565 1387 ex
1592 1358 1670 1387 tunc
1697 1356 1876 1388 concessio
1902 1356 1942 1387 ed
1970 1356 2135 1388 indultum

317 1419 509 1450 huiusmodi
549 1419 675 1449 nullius
703 1419 769 1450 sint
796 1419 926 1450 roboris
953 1418 1005 1450 vel
1033 1419 1200 1449 momenti.
1228 1418 1317 1449 Nulli
1344 1427 1424 1459 ergo
1450 1418 1587 1449 omnino
1625 1418 1795 1449 hominum
1834 1418 1932 1450 liceat
1965 1419 2050 1450 lianc
2077 1428 2136 1460 pa-

317 1482 427 1521 ginam
470 1483 582 1512 nostre
623 1481 854 1515 restitutionis,
892 1481 1120 1521 repositionis,
1162 1480 1442 1521 reintegrationis‚
1483 1481 1750 1514 constitutionis,
1792 1480 1909 1512 indulti
1951 1483 1982 1512 et
2021 1481 2135 1512 statuti

318 1543 496 1583 infringere
535 1544 586 1574 vel
626 1544 654 1574 ei
681 1552 766 1574 ausu
793 1543 968 1574 temerario
1005 1543 1180 1574 contraire.
1222 1541 1255 1575 Si
1282 1543 1359 1583 quis
1384 1545 1494 1574 autem
1537 1543 1599 1574 hoc
1639 1544 1837 1583 attemptare
1879 1543 2134 1583 presumpserit,

317 1606 579 1646 indignationem
618 1604 870 1646 Omnipotentis
895 1604 968 1643 Dei,
995 1607 1026 1637 et
1052 1604 1230 1637 Beatorum
1269 1604 1356 1637 Petri
1383 1608 1413 1637 et
1439 1604 1533 1637 Pauli
1569 1604 1809 1645 Apostolorum
1835 1606 1918 1643 eius,
1945 1614 1980 1637 se
2007 1606 2135 1638 noverit

317 1669 539 1700 incursurum.
578 1667 701 1699 Datum
740 1667 842 1701 Rome
868 1668 958 1708 apud
986 1670 1139 1700 sanctum
1166 1667 1312 1705 Petrum,
1349 1677 1437 1699 anno
1472 1667 1712 1699 incarnationis
1746 1667 1923 1700 Dominice
1957 1668 2135 1700 millesimo

316 1731 628 1771 quadrigentesimo
662 1731 914 1771 septuagesimo
952 1731 1058 1767 tertio,
1096 1731 1351 1770 quartodecimo
1389 1730 1552 1761 kalendas
1579 1731 1758 1768 ianuarias,
1785 1730 2002 1771 pontificatus
2029 1731 2132 1762 nostri

319 1802 408 1825 anno
434 1793 540 1825 terti0.

475 1890 581 1931 Copicl
606 1893 637 1922 et
661 1893 888 1922 testamentum
914 1891 1039 1922 domini
1065 1890 1228 1931 Gaspari's
1253 1891 1292 1922 de
1317 1890 1467 1931 Rumpis.

408 1997 439 2029 ln
468 1998 600 2029 nomine
627 1997 763 2029 Domini
790 1997 905 2029 Amen.
933 1997 1030 2028 Anno
1056 1997 1251 2029 Nativitatis
1277 1997 1428 2029 eiusdem
1456 1997 1634 2028 millesimo
1660 1997 1888 2028 tricentesimo
1914 1997 2135 2038 nonagesimo

317 2063 448 2100 quarto,
475 2060 656 2091 indictione
693 2060 855 2097 secunda,
881 2060 935 2091 die
962 2060 1127 2100 vigesimo
1164 2062 1284 2100 quarto
1321 2060 1448 2091 mensis
1485 2059 1612 2099 aprilis,
1647 2060 1726 2090 hora
1753 2060 1933 2096 tertiarum,
1961 2059 1991 2090 in
2018 2058 2135 2099 Papia,

319 2123 476 2154 videlicet
503 2123 532 2153 in
559 2123 661 2153 domo
688 2123 906 2154 habitationis
933 2122 1136 2162 infrascripti
1163 2122 1288 2153 domini
1316 2120 1481 2162 Gasparis
1500 2122 1681 2159 testatoris,
1708 2121 1772 2153 sita
1798 2121 1829 2152 in
1856 2120 1955 2152 Porta
1975 2120 2135 2159 Pertuxii,

320 2176 350 2206 in
378 2175 541 2207 Parocliia
568 2178 684 2207 sancte
711 2175 818 2207 Marie
845 2176 886 2207 de
913 2175 1036 2206 Tortis.

407 2237 584 2278 Oasparus
610 2238 650 2269 de
678 2237 815 2278 Rampis
841 2238 929 2269 filius
956 2238 1127 2278 quondam
1154 2238 1280 2268 domini
1308 2237 1406 2275 Petri,
1444 2246 1549 2269 sanus
1587 2239 1706 2273 mente,
1732 2245 1872 2276 corpore
1899 2238 1928 2267 et
1955 2236 2136 2275 intellectu,

321 2300 395 2331 licet
421 2303 574 2340 gutarum
602 2300 850 2331 infirmitatibus
876 2302 1053 2337 arcteatur,
1080 2299 1199 2331 volens
1225 2308 1323 2331 suum
1349 2299 1506 2340 ellogium
1533 2299 1677 2330 condere
1703 2298 1775 2329 sine
1813 2298 1960 2338 scriptis,
1987 2307 2045 2338 per
2071 2298 2133 2330 hoc

322 2371 419 2392 suum
449 2363 598 2393 ultimum
627 2363 892 2402 nuncupativum
919 2364 1165 2399 testamentum,
1192 2363 1280 2393 bona
1307 2370 1367 2393 sua
1393 2361 1563 2402 disposuit
1590 2361 1620 2391 in
1648 2361 1735 2391 hunc
1763 2360 1909 2391 modum.

413 2424 443 2454 ln
472 2425 587 2464 primis
614 2425 772 2461 cassavit,
800 2425 950 2461 irritavit,
977 2425 1149 2455 revocavit
1175 2426 1235 2456 etc.

411 2485 488 2517 ltem
516 2487 614 2517 saluti
642 2487 751 2518 anime
778 2487 954 2527 providere
982 2487 1087 2518 voluit
1113 2489 1142 2518 et
1169 2487 1341 2517 mandavit
1366 2486 1457 2526 quod
1484 2494 1601 2517 omnes
1628 2493 1727 2516 usure
1753 2488 1784 2516 et
1810 2485 1874 2516 alia
1900 2485 1986 2516 male
2011 2484 2134 2523 ablata,

322 2549 348 2579 si
377 2558 441 2588 que
467 2549 682 2588 apparuerint
722 2550 835 2580 liabita
871 2551 901 2580 et
939 2550 1131 2586 commissa,
1174 2549 1391 2580 restituantur
1427 2548 1521 2588 prius
1553 2547 1870 2587 quibuscumque..,.
1899 2547 2080 2587 legiptime,
2106 2548 2137 2578 et

322 2611 411 2649 quod
439 2611 592 2641 credatur
619 2611 711 2641 libris
737 2611 907 2642 testatoris
944 2614 1059 2642 contra
1096 2620 1181 2642 eum.
1221 2610 1430 2642 Executores
1466 2618 1548 2641 suos
1573 2609 1704 2640 adhoc
1742 2609 1932 2649 specialiter
1968 2609 2136 2649 deputans

323 2671 469 2703 Priorem
496 2675 526 2703 et
554 2672 724 2703 Lectorem
764 2672 912 2704 Fratrum
950 2672 1089 2704 Ordinis
1116 2673 1359 2704 Heremitarum
1398 2672 1504 2703 sancti
1542 2671 1722 2711 Augustini
1750 2670 1865 2711 Papie,
1891 2680 1966 2702 cum
1994 2671 2138 2702 consilio

322 2735 462 2766 aliorum
489 2735 631 2765 duorum
658 2734 793 2765 fratrum
821 2734 958 2766 Ordinis
985 2734 1235 2766 l'redicatorum
1255 2734 1358 2775 Papie
1377 2736 1407 2766 et
1426 2734 1634 2774 sepulturam
1653 2742 1747 2764 suam
1767 2733 1924 2774 eligendo
1939 2733 1970 2764 in
1989 2733 2137 2765 claustro

323 2799 437 2827 sancte
464 2796 571 2827 Marie
598 2794 737 2836 Capelle
765 2795 879 2836 Papie.

414 2858 489 2889 ltem
517 2858 609 2889 dedit
634 2860 665 2889 et
693 2858 815 2898 legavit
842 2857 1032 2890 Conventui
1060 2859 1167 2890 sancti
1195 2858 1375 2898 Augustini
1402 2857 1553 2898 predicto
1589 2857 1735 2888 florenos
1773 2857 1923 2897 quinque
1949 2856 2030 2888 auri.
2058 2855 2136 2888 ltem

323 2921 416 2952 dedit
442 2923 473 2952 et
500 2921 624 2961 legavit
650 2918 848 2952 Confessori
876 2929 939 2951 suo
966 2921 1067 2952 libras
1094 2921 1221 2952 decem.

413 3035 490 3068 ltem
517 3036 609 3067 dedit
634 3037 665 3066 et
692 3035 815 3076 legavit
841 3033 1031 3067 Conventui
1070 3034 1219 3066 Fratrum
1258 3034 1499 3066 Heremitarum
1538 3034 1700 3074 predicto,
1725 3033 1818 3065 finito
1845 3033 1939 3073 prius
1964 3032 2137 3064 usufructu

324 3099 458 3130 domine
486 3097 642 3135 lolianne,
669 3099 784 3129 secuta
811 3097 904 3137 prius
930 3099 1034 3128 morte
1060 3097 1194 3128 domine
1220 3095 1370 3136 Benigne
1397 3096 1470 3127 eius
1495 3095 1561 3127 filie
1586 3096 1658 3127 sine
1697 3095 1822 3134 liberis,
1849 3096 1883 3126 ut
1908 3094 1991 3126 intra
2017 3096 2047 3126 et
2073 3103 2138 3125 non
