2347 3444
1907 183 1944 214 19

127 316 167 348 Et
191 317 266 349 ideo
291 326 353 349 sua
390 317 565 350 clementia
603 318 725 350 multos
761 318 897 350 attraxit
921 318 964 350 ad
1002 318 1052 349 sui
1095 312 1311 344 imitationem
1338 314 1369 343 et
1394 313 1584 350 amicitiam,
1611 314 1733 345 multos
1759 315 1799 346 ad
1828 316 1940 356 iugum

127 380 228 419 atque
253 380 509 417 subiectionem,
536 381 569 411 ut
595 381 731 420 propter
756 380 851 418 hanc,
878 380 968 411 velut
993 380 1076 411 alter
1097 378 1206 419 Julius
1225 375 1362 413 Caesar,
1378 374 1476 406 Pater
1501 375 1628 415 patriae
1654 376 1827 407 diceretur.
1849 377 1885 408 Et
1906 378 1942 408 li-

128 442 180 471 cet
204 438 254 479 (ut
274 440 382 481 Julius
408 439 536 473 Caesar
559 441 601 472 ad
636 440 864 479 Occidentem,
891 441 1039 482 Magnus
1076 439 1260 480 Pompeius
1286 437 1327 469 ad
1354 435 1536 473 Orientem,
1563 435 1678 477 Scipio
1704 436 1881 469 Africanus
1899 440 1940 470 ad

127 501 314 540 Meridiem,
341 502 470 534 Marius
495 503 537 534 ad
574 501 868 543 Septemtrionem)
894 504 945 535 hic
973 502 1050 534 Dux
1077 503 1190 533 noster
1215 501 1258 532 ab
1287 498 1435 536 Oriente,
1461 497 1657 530 Occidente.
1684 497 1938 539 Septemtrione,

126 566 226 604 atque
252 565 393 596 Meridie
421 565 542 597 multas
568 566 668 597 urbes
694 568 794 606 atque
819 566 945 606 oppida
983 574 1085 606 regno
1122 563 1230 604 patrio
1263 561 1506 601 subjugaverit,
1532 569 1666 600 semper
1691 561 1884 592 clementior
1910 568 1939 593 et

128 626 283 657 humilior
309 626 418 658 factus
443 629 504 662 est.
529 628 706 659 attendens
733 628 812 658 illud
844 626 992 659 Senecae
1019 627 1126 667 primo
1151 626 1192 657 de
1219 623 1415 661 Clementia,
1434 623 1598 654 dicentis:
1625 622 1823 662 ExeogItore
1848 633 1941 655 nerno

127 689 302 728 quicquum
323 690 450 729 poterii‘,
476 689 566 729 quoii
589 690 698 729 mugiS
730 690 881 721 (iecorum
906 691 949 721 sit
971 689 1095 729 regenti
1118 696 1216 728 quam
1245 686 1434 719 Clementia.
1461 685 1536 716 lcieo
1565 684 1745 717 Clementia
1772 686 1942 717 roborabi-

128 752 180 781 tur
201 750 334 781 thronus
358 751 436 787 elus,
464 751 621 782 scribitur
654 750 911 782 Proverbiorum
938 750 1020 782 XlV.
1048 749 1219 790 Numquid
1245 749 1287 780 ad
1314 748 1386 779 eius
1412 747 1633 784 clementiam,
1661 747 1749 778 velut
1775 748 1815 778 ad
1844 749 1939 779 tutis-

127 812 247 843 simum
274 814 405 852 portum
432 821 497 843 non
524 812 705 853 confugere
732 813 871 844 Nobiles
898 813 1113 844 Etruscorum
1140 811 1271 852 Populi,
1297 811 1399 842 armis
1426 809 1588 847 indomiti,
1607 811 1637 840 et
1664 809 1748 840 colla
1783 810 1939 850 subigere

126 881 189 904 suo
227 874 304 914 iugo
338 874 498 909 volentes,
527 876 560 905 ut
586 874 732 906 illustres
769 875 922 906 civitates
960 874 1111 906 Pisarum
1138 875 1169 905 et
1195 873 1358 904 Perusina
1389 870 1436 911 (in
1463 880 1603 912 quarum
1642 871 1799 902 laudibus
1839 872 1939 903 multa

125 935 235 966 dicere
261 938 330 967 erat
354 936 497 974 animus,
523 936 583 967 sed
610 945 675 967 non
701 938 751 967 est
778 937 966 976 praesentis
991 934 1249 977 speculationis)
1274 936 1374 975 atque
1401 934 1520 965 civitas
1547 932 1720 970 Senarnm,
1751 942 1836 973 quae
1864 935 1936 965 nnl—

126 996 189 1027 lius
216 1006 373 1037 umquam
400 996 567 1038 Principis
593 999 734 1029 senserit
761 999 921 1035 habenas,
949 999 1035 1030 bunc
1074 997 1202 1029 Ducem
1229 999 1261 1028 ut
1288 998 1415 1036 patrem
1442 997 1473 1026 et
1499 995 1671 1026 dominum
1699 995 1840 1026 dulciter
1865 1005 1934 1026 am-

125 1058 261 1099 plexata
286 1059 364 1090 est'?
391 1059 429 1090 Et
455 1061 488 1090 tu
516 1059 726 1091 nobilissima
753 1059 913 1096 Bononia,
941 1061 1128 1091 studiorum
1156 1060 1260 1090 mater
1277 1060 1307 1090 et
1325 1058 1460 1089 alumna
1486 1057 1698 1097 dignissima,
1717 1056 1807 1088 fessa
1835 1058 1938 1089 caede

124 1123 156 1152 et
181 1122 346 1162 sanguine
372 1123 515 1159 tuorum,
542 1123 648 1162 magis
685 1122 862 1153 clementia
900 1123 999 1153 liuius
1036 1122 1203 1162 Principis
1231 1121 1317 1152 victa
1343 1129 1390 1158 eS,
1417 1128 1517 1160 quam
1543 1119 1655 1157 armis,
1683 1128 1799 1159 pacem
1825 1120 1881 1149 din
1909 1123 1939 1150 et

125 1183 272 1223 requiem
299 1184 506 1223 quaesieras,
532 1193 591 1215 nec
623 1185 830 1221 inveniebas;
858 1194 974 1224 pacem
1001 1193 1038 1216 ac
1065 1184 1212 1224 requiem
1239 1183 1303 1214 sub
1329 1183 1392 1214 alis
1419 1182 1518 1213 liuius
1544 1182 1589 1212 tui
1617 1182 1841 1221 paranymphi
1871 1181 1942 1212 feli-

124 1245 205 1276 citer
230 1245 397 1277 invenisti.
425 1245 456 1276 ln
485 1246 547 1277 lioc
573 1255 652 1286 ergo
678 1247 787 1286 gaude
813 1249 843 1278 te
870 1247 1083 1278 coniunctam
1109 1246 1218 1283 nobis,
1237 1247 1267 1277 et
1287 1254 1348 1276 nos
1375 1254 1440 1276 una
1466 1246 1575 1275 tecum
1602 1244 1748 1284 gaudere
1775 1244 1938 1275 debemus

123 1309 154 1339 te
181 1310 327 1339 nostram
356 1309 478 1339 habere
504 1311 704 1340 consortem.
733 1308 802 1339 Hoc
829 1311 942 1339 votum
970 1308 1153 1348 postulavit
1182 1308 1233 1338 liic
1259 1307 1422 1347 Princeps
1448 1316 1465 1338 a
1492 1306 1565 1337 Deo
1591 1308 1666 1337 ante
1685 1307 1737 1337 sui
1758 1306 1935 1337 decessum

124 1371 158 1401 ut
184 1378 300 1410 pacem
328 1370 454 1401 videret
481 1370 511 1400 in
539 1369 599 1401 Dei
628 1370 777 1401 Ecclesia
803 1372 903 1410 atque
931 1370 1082 1410 Imperio,
1109 1370 1159 1401 sin
1187 1370 1297 1401 minus
1324 1370 1354 1400 in
1383 1369 1483 1406 ltalia,
1503 1369 1553 1399 sin
1583 1368 1692 1399 minus
1720 1368 1749 1398 in
1778 1368 1937 1399 Lonibar—

124 1431 196 1469 dia;
223 1432 314 1471 quod
334 1432 555 1463 novissimum
582 1432 707 1469 babuit,
734 1432 797 1463 sibi
825 1433 935 1463 iuncta
962 1432 1124 1463 Bononia.
1144 1432 1271 1463 Multae
1297 1432 1381 1463 aliae
1408 1432 1508 1462 urbes
1538 1433 1569 1462 et
1599 1430 1724 1471 oppida
1751 1430 1814 1461 sub
1842 1431 1940 1461 liuius

124 1492 230 1525 Ducis
255 1494 430 1525 clementia
457 1494 596 1526 militare
623 1495 808 1527 voluerunt,
835 1495 894 1526 sed
921 1495 999 1535 quia
1026 1504 1091 1525 non
1119 1494 1179 1525 tuit
1205 1494 1349 1534 cupidus
1376 1495 1511 1525 invasor
1550 1493 1690 1524 aliarum
1719 1501 1836 1529 rerum,
1865 1492 1938 1523 illas

124 1556 260 1596 sprevit.
288 1555 361 1587 Fuit
385 1556 472 1587 enim
500 1558 678 1588 contentus
704 1557 775 1588 suis
800 1557 935 1595 finibus,
962 1557 1073 1588 sciens
1099 1556 1188 1596 quod
1217 1556 1384 1596 vepricosi
1411 1557 1441 1586 et
1468 1555 1585 1586 lubrici
1613 1556 1689 1585 sunt
1716 1555 1936 1585 lnnnanornm

124 1618 248 1659 gradus
286 1626 501 1656 ascensuum,
527 1618 688 1649 tremulus
727 1621 852 1656 vertex,
879 1619 1111 1659 praecipitium
1151 1618 1364 1653 horrendum,
1390 1619 1420 1648 et
1447 1617 1536 1657 quod
1563 1625 1661 1657 aegre
1699 1616 1940 1647 conscenditur

124 1680 165 1711 ad
203 1680 402 1711 eminentem
440 1682 574 1718 statum,
599 1681 699 1711 anxie
738 1681 781 1711 ibi
820 1681 1024 1718 consistitur,
1062 1680 1206 1721 graviter
1244 1680 1320 1711 inde
1356 1689 1394 1711 ac
1430 1681 1563 1719 repente
1601 1679 1827 1710 descenditur.
1856 1678 1894 1709 Et
1921 1689 1940 1709 o

124 1751 224 1782 quam
251 1742 352 1773 multa
378 1751 414 1773 se
440 1742 534 1773 offert
560 1743 696 1773 materia
722 1743 855 1774 dicendi
884 1743 914 1773 in
941 1743 1014 1774 eius
1041 1742 1175 1773 laudes!
1202 1742 1261 1773 sed
1289 1741 1450 1773 fraenabo
1488 1741 1660 1781 impetum,
1688 1741 1770 1771 liaoc
1810 1743 1936 1780 partem

124 1804 341 1836 concludens.
368 1803 490 1836 Omnia
517 1813 661 1844 namque
688 1804 775 1839 tecit,
794 1805 920 1844 quibus
938 1806 1029 1836 esset
1054 1804 1209 1835 amabilis
1236 1804 1349 1844 potius
1368 1812 1467 1843 quam
1494 1803 1663 1834 timendus
1690 1802 1835 1842 quadam
1864 1803 1939 1833 liuic

126 1866 383 1898 mansuetudine
418 1868 518 1906 atque
544 1866 729 1904 clementia,
757 1867 832 1898 liuic
871 1867 1099 1897 munificentia
1125 1868 1155 1898 et
1181 1865 1377 1897 liberalitate
1415 1865 1568 1903 mirabili,
1596 1867 1629 1896 ut
1655 1865 1770 1896 merito
1796 1864 1836 1895 de
1864 1865 1939 1904 ipso

124 1929 222 1960 vobis
248 1928 369 1967 dicam,
396 1928 487 1968 quod
525 1929 683 1960 scribitur
708 1928 845 1960 Psalmo
871 1927 952 1960 CX:
986 1929 1135 1960 Virtutem
1161 1936 1292 1968 operum
1325 1936 1456 1959 suorum
1482 1926 1690 1958 uruuintiubit
1713 1926 1841 1966 Populo
1866 1935 1936 1957 suo.

124 1990 163 2021 Et
189 1991 237 2022 sic
263 1993 353 2031 patet
379 1991 419 2022 de
446 1991 542 2022 tertio
568 1991 661 2022 radio
687 2000 831 2022 coronae
858 1991 961 2022 nostri
989 1989 1104 2021 Ducis.

216 2053 248 2084 ln
276 2053 453 2093 posteriori
479 2056 590 2084 autem
618 2053 710 2084 radio
736 2056 813 2084 sunt
838 2053 922 2084 aliae
948 2056 1014 2084 tres
1040 2052 1167 2084 stellae.
1194 2052 1342 2084 scilicet:
1369 2051 1629 2092 Magnificentia,
1656 2050 1883 2090 Intell1gentia,
1912 2052 1941 2080 et

123 2115 312 2147 Humilitas.
339 2114 389 2147 De
415 2116 488 2147 eius
514 2124 659 2155 namque
697 2115 951 2156 Magnificentia
980 2115 1140 2146 scribitur
1166 2115 1273 2154 primo
1299 2113 1590 2154 Paralipomenon,
1617 2112 1744 2144 XXIX:
1770 2112 1871 2143 Dedit
1894 2111 1942 2142 illi

120 2177 262 2218 gloriam
287 2177 387 2213 Deus,
414 2177 544 2217 qualem
569 2177 680 2208 nullus
704 2177 827 2209 habuit.
854 2176 887 2209 Si
925 2177 1011 2208 enim
1050 2177 1150 2208 liuius
1186 2177 1354 2217 gloriosae
1392 2175 1522 2207 Domus
1551 2175 1772 2207 Vicecomeae
1798 2174 1936 2206 exordia

124 2241 304 2280 quisquam
330 2240 525 2280 prospiciat,
550 2242 638 2271 certe
665 2241 699 2271 ut
724 2240 764 2270 de
792 2240 852 2271 hac
879 2239 1016 2279 quidam
1042 2239 1164 2270 doctus
1189 2240 1233 2270 ait
1260 2238 1383 2270 Vates:

545 2362 728 2395 Caesareos
751 2363 933 2394 numerabit
956 2363 1054 2399 Avos,
1081 2362 1263 2394 numerabit
1286 2362 1398 2398 Iulum,

546 2425 589 2457 Et
607 2427 734 2466 patrem
759 2425 901 2456 AEneum
922 2433 984 2465 per
1005 2424 1105 2465 longo
1130 2424 1265 2456 exordio
1290 2424 1383 2456 dicet.

544 2487 724 2528 Progenies
749 2488 884 2527 arztz'qua
902 2487 980 2528 Jovi
1000 2487 1202 2526 gratissima,
1229 2488 1331 2517 terras

549 2549 643 2590 Quae
668 2550 822 2590 Ligurum
847 2549 931 2589 regit
954 2551 985 2580 et
1009 2549 1103 2580 iustis
1127 2548 1315 2579 moderatur
1337 2547 1484 2579 hubem's.

213 2664 251 2696 Et
277 2665 355 2705 quia
381 2665 472 2697 multi
510 2665 686 2703 oblatrant,
714 2667 747 2696 ut
773 2673 874 2696 canes
900 2664 941 2695 ad
977 2664 1098 2701 lunam,
1124 2665 1155 2695 et
1180 2664 1267 2694 sicut
1304 2663 1394 2694 coeci
1421 2663 1462 2694 de
1488 2662 1659 2694 coloribus
1698 2662 1855 2693 iudicant.
1890 2662 1940 2692 di-

124 2728 239 2759 centes
264 2726 409 2758 Domum
435 2737 500 2759 non
526 2736 602 2759 esse
628 2727 773 2758 nobilem
800 2726 851 2758 vel
878 2726 1061 2766 antiquam,
1099 2725 1174 2757 ideo
1212 2725 1337 2766 placuit
1374 2725 1550 2756 exordium
1589 2733 1647 2764 per
1684 2724 1938 2755 successionem

125 2798 233 2830 usque
259 2790 290 2821 in
317 2798 479 2830 praesens
505 2790 682 2828 deducere,
709 2791 742 2820 ut
767 2789 794 2820 si
822 2789 958 2820 laudare
997 2788 1123 2825 nolunt,
1149 2787 1267 2819 saltem
1293 2789 1403 2819 tacere
1440 2787 1573 2818 discant
1599 2786 1651 2818 vel
1679 2787 1782 2817 inviti.
1809 2785 1939 2826 Anglus

125 2861 205 2894 ergo
229 2852 318 2884 filius
337 2851 484 2890 Ascanii,
502 2851 713 2890 tiliiAEneae‚
740 2851 797 2882 filii
824 2850 995 2888 Anchisis,
1021 2859 1063 2882 ex
1090 2849 1217 2881 Venere
1243 2849 1371 2881 iuniore
1397 2849 1464 2881 filia
1485 2848 1591 2890 Jovis,
1618 2848 1708 2880 venit
1733 2848 1774 2879 ad
1803 2848 1863 2879 has
1890 2847 1941 2878 Li-

126 2915 241 2956 guriae
279 2916 402 2955 partes,
428 2916 459 2946 et
484 2915 675 2946 aedificavit
712 2914 881 2946 civitatem
919 2912 1107 2953 Angleriae‚
1133 2920 1151 2943 a
1177 2920 1245 2952 quo
1271 2911 1323 2943 liic
1361 2910 1439 2942 Dux
1477 2912 1590 2942 noster
1628 2910 1781 2941 novellus
1807 2909 1937 2950 Anglus

125 2977 324 3018 appellatur.
351 2975 426 3014 Qua
451 2977 627 3008 aedificata
653 2976 716 3008 sibi
744 2976 886 3016 primum
913 2974 1073 3015 imposuit
1100 2973 1225 3015 regium
1252 2973 1418 3012 diadema,
1445 2975 1476 3005 et
1501 2973 1611 3004 dictus
1637 2974 1687 3004 est
1714 2973 1841 3012 primus
1868 2970 1938 3003 Rex

125 3038 313 3080 Angleriae.
340 3038 367 3070 A
393 3047 460 3079 quo
497 3038 671 3070 descendit
708 3037 839 3079 Anglus
871 3037 988 3078 Junior
1013 3035 1083 3069 Rex
1110 3035 1287 3077 Angleriae
1323 3037 1354 3067 et
1391 3035 1588 3073 Mediolani,
1614 3043 1631 3066 a
1658 3043 1725 3074 quo
1762 3033 1937 3065 descendit
