2347 3444
1884 213 1925 243 59

116 353 198 382 rum,
224 353 261 376 ac
288 344 564 376 descendentium
590 344 728 375 aliorum
763 343 1037 375 descendentium
1076 351 1212 373 suorum
1239 345 1270 373 et
1297 343 1520 382 predictorum
1560 352 1666 383 usque
1694 345 1723 374 in
1752 345 1924 382 inlinitum,

116 407 180 437 sub
206 406 373 438 vocabulo
399 408 590 437 sanctorum
618 405 751 437 Antonii
779 405 950 437 vianensis
976 407 1007 436 et
1033 404 1198 441 Elixabet,
1225 405 1401 444 ipsamque
1428 405 1563 436 doctare
1589 406 1801 445 dispoxuerit
1820 411 1849 437 et
1876 408 1927 437 di-

115 470 248 508 sponat,
274 471 305 500 et
331 477 391 508 pro
416 477 454 500 ea
480 468 590 499 fienda
616 468 819 499 ordinaverit
844 468 914 499 dari
941 470 972 499 et
997 475 1033 498 se
1060 466 1229 498 obtullerit
1247 469 1398 506 paratum
1419 467 1498 498 darc
1517 467 1607 498 dicto
1626 469 1803 498 conventui
1825 468 1926 499 libras

115 530 279 561 ducentas
318 530 518 570 imperiales,
557 530 656 560 modo
682 532 712 561 et
739 530 842 561 forma
869 532 899 561 et
925 538 998 561 cuni
1038 529 1144 569 pactis
1170 531 1201 559 et
1227 529 1529 566 convencionibus,
1555 530 1595 560 de
1622 530 1747 569 quibus
1773 533 1801 561 et
1829 536 1925 570 prout

116 591 210 629 infra,
237 592 409 623 videlicet:
436 591 557 629 Primo,
583 594 645 623 etc.
671 590 716 630 (et
743 594 909 632 ponantur
935 593 1030 632 pacta
1056 593 1086 622 et
1112 591 1373 627 convenciones,
1392 591 1432 621 de
1451 591 1575 630 quibus
1603 592 1632 621 in
1653 592 1759 631 primo
1785 595 1924 623 tractatu

115 656 145 685 et
171 654 419 685 deliberacione
445 654 625 694 superinde
651 654 747 685 factis
773 656 803 685 et
829 655 897 685 fieri
925 654 1050 694 rogatis
1075 663 1173 691 anno,
1201 653 1369 684 indicione
1395 655 1425 684 et
1452 662 1566 684 mense
1608 654 1832 693 presentibus,
1860 654 1927 685 Au-

115 716 250 756 gustino
276 716 316 747 de
343 716 502 748 Baracliis
529 716 657 746 notario
684 716 820 755 publico
846 714 1026 756 papiensi).
1053 714 1169 755 Sitque
1197 724 1310 746 verum
1330 715 1421 755 quod
1441 716 1513 755 ipse
1531 716 1688 746 dominus
1715 715 1926 755 Augustinus

116 787 174 818 per
199 787 399 819 expressum
426 779 644 819 requixiverit
670 781 700 809 et
726 779 871 818 requirat
898 779 960 809 sibi
999 778 1163 819 assignari
1201 777 1326 808 dictum
1370 777 1478 808 locum
1505 779 1535 808 et
1561 777 1601 808 de
1629 777 1712 817 ipsis
1751 779 1857 817 pactis
1895 782 1923 809 el

115 841 414 877 convencionibus,
440 840 745 881 assignacioneque
773 841 845 880 ipsa
873 841 1067 880 pubblicum
1093 849 1131 871 ac
1158 839 1331 879 solempne
1369 839 1486 870 confici
1525 839 1646 870 debere
1688 839 1924 871 documentum

114 904 146 933 et
170 902 212 933 ad
240 902 372 934 debitas
398 902 657 939 convenciones,
684 902 858 941 pactiones
885 904 915 933 et
941 902 1172 942 obligaciones
1197 901 1364 933 deveniri:
1403 901 1527 941 quibus
1565 901 1791 932 mediantibus
1830 906 1926 941 pacta

117 966 147 995 et
173 964 431 1001 convenciones,
446 964 487 995 de
506 963 630 1003 quibus
656 972 768 1003 supra,
795 964 873 994 t‘iant
899 966 930 995 et
956 964 1103 1003 plenarie
1129 964 1362 1000 observentur,
1382 965 1415 994 ut
1434 963 1477 994 ita
1497 963 1645 1003 predicte
1664 965 1694 994 et
1714 963 1923 1004 infrascripte

114 1027 228 1066 partes
254 1034 367 1057 verum
394 1034 469 1057 esse
495 1026 694 1057 confitentur
718 1026 758 1057 ad
787 1026 940 1057 invicem.
968 1025 1073 1056 Modo
1100 1025 1237 1066 prefacti
1264 1025 1390 1056 domini
1418 1024 1512 1056 Prior
1530 1026 1561 1056 et
1579 1023 1778 1056 Conventus
1796 1034 1834 1056 ac
1854 1025 1928 1056 Nia-

114 1088 227 1128 gister,
254 1088 413 1128 predictis
438 1088 573 1119 attentis
599 1090 629 1119 et
656 1097 716 1128 pro
742 1088 957 1119 evidentibus
996 1087 1146 1119 utillitate
1173 1088 1203 1118 et
1228 1087 1370 1118 comodo
1407 1087 1495 1118 dicte
1533 1086 1676 1118 ecclesie
1713 1096 1751 1118 ac
1788 1086 1926 1118 Ordinis

113 1150 283 1188 antedicti,
310 1152 340 1181 et
367 1150 583 1190 implemento
608 1150 807 1182 devocionis
833 1150 911 1182 dicti
938 1150 1063 1180 domini
1091 1149 1282 1190 Augustini,
1308 1151 1339 1180 et
1365 1150 1463 1180 etiam
1491 1151 1524 1180 ut
1550 1149 1655 1180 maior
1691 1150 1844 1180 crescliat
1870 1150 1928 1181 de-

114 1212 212 1244 vocio
238 1213 269 1243 in
296 1213 435 1252 popullo
460 1215 490 1244 et
517 1222 576 1253 pro
601 1213 690 1244 culto
716 1213 843 1250 divino,
869 1212 1078 1249 ceremoniis,
1117 1212 1215 1249 votis,
1245 1211 1419 1243 funeribus
1445 1213 1476 1243 et
1501 1211 1712 1242 funerallium
1751 1212 1927 1252 obsequiis

113 1275 145 1305 et
169 1273 244 1305 aliis
270 1274 515 1314 spirituallibus
541 1274 699 1315 sufragiis
724 1275 855 1312 fiendis,
882 1277 911 1305 et
938 1276 971 1305 ut
996 1283 1033 1305 ea
1060 1274 1127 1305 fieri
1155 1274 1287 1314 possint
1313 1274 1354 1305 ad
1382 1274 1488 1314 ipsam
1515 1274 1678 1314 capellam
1705 1276 1735 1305 et
1756 1274 1785 1304 in
1806 1283 1854 1311 ea,
1873 1283 1927 1305 as-

114 1336 298 1377 signarunt,
335 1337 576 1377 consignarunt
602 1338 631 1368 et
658 1337 873 1374 relassarunt,
899 1346 936 1368 ac
964 1336 1149 1376 assignant,
1187 1337 1387 1377 consignant
1412 1338 1442 1367 et
1469 1335 1645 1367 rellassant
1682 1335 1830 1376 prefacto
1868 1337 1928 1367 do-

115 1398 204 1429 mino
230 1398 419 1439 Augustino
445 1399 489 1429 ibi
517 1399 674 1439 presenti,
702 1399 871 1439 recipienti
897 1401 927 1430 et
953 1398 1125 1438 stipulanti
1152 1407 1212 1438 pro
1238 1407 1274 1429 se
1301 1399 1441 1439 eiusque
1468 1398 1567 1435 filliis,
1595 1398 1776 1429 heredibus
1802 1401 1833 1430 et
1852 1408 1928 1430 suc-

115 1460 309 1491 cessoribus
335 1469 373 1492 ac
400 1461 685 1492 descendentibus
723 1461 794 1491 suis
820 1463 850 1492 et
876 1460 1030 1491 iilliorum
1068 1461 1098 1490 et
1135 1467 1350 1491 sucessorum
1391 1469 1527 1491 suorum
1565 1469 1603 1491 ac
1640 1460 1927 1491 descendentibus

115 1521 391 1553 descendentium
418 1523 600 1554 eorundem
628 1524 658 1554 et
683 1523 768 1560 aliis,
795 1523 835 1554 de
862 1523 986 1562 quibus
1012 1531 1124 1562 supra,
1158 1532 1264 1562 usque
1292 1523 1322 1553 in
1350 1523 1523 1553 infinitum.
1562 1522 1775 1553 Nominative
1817 1522 1926 1554 locum

116 1593 216 1614 unum
243 1593 261 1615 a
287 1584 414 1616 dextris
441 1585 605 1622 intrando,
632 1585 777 1625 positum
805 1585 835 1615 in
862 1585 998 1625 angullo
1024 1586 1130 1625 primo
1156 1586 1243 1617 dicte
1269 1585 1423 1622 ecclesie,
1450 1593 1509 1624 pro
1535 1584 1624 1615 dicta
1650 1584 1760 1615 fienda
1798 1585 1926 1624 capella

117 1654 191 1676 cum
219 1646 352 1677 modico
378 1647 438 1677 orti
465 1655 524 1678 seu
551 1647 701 1678 cimiterii
728 1647 815 1678 dicte
841 1647 984 1678 ecclesie
1026 1648 1172 1688 contigui
1200 1648 1290 1678 dicto
1326 1646 1474 1687 anguilO,
1501 1656 1560 1686 pro
1586 1646 1771 1686 quantitate
1809 1648 1923 1687 capaci

115 1708 203 1739 dicte
229 1708 336 1739 t‘iende
362 1709 504 1748 capelle:
531 1709 574 1740 ita
600 1709 691 1749 quod
722 1709 795 1749 ipsa
832 1709 963 1749 capella
999 1710 1054 1741 fiat
1080 1712 1111 1741 et
1136 1710 1204 1740 fieri
1243 1709 1365 1740 debeat
1390 1718 1428 1740 ac
1455 1709 1585 1739 fondari
1624 1708 1733 1740 valeat
1762 1712 1793 1740 et
1819 1710 1927 1749 possit

116 1772 348 1810 congruenter,
374 1771 525 1802 ordinate
551 1772 581 1802 et
608 1771 787 1802 lionorit'ice
815 1771 845 1801 in
872 1773 901 1802 et
928 1780 1031 1811 super
1057 1772 1131 1811 ipso
1158 1771 1242 1802 loco.
1269 1769 1342 1808 Que
1369 1771 1504 1811 quidem
1546 1771 1676 1811 capella
1716 1773 1930 1802 construatur

115 1834 147 1863 et
172 1832 227 1863 fiat
252 1841 290 1863 ac
316 1833 429 1864 dotata
467 1833 508 1864 sit
534 1835 564 1864 et
590 1835 757 1864 remaneat
783 1835 814 1864 et
839 1834 907 1864 tieri
946 1833 1068 1865 debeat
1093 1843 1131 1865 ac
1158 1834 1331 1871 nominari,
1369 1833 1481 1864 vocari
1508 1835 1539 1864 et
1565 1833 1727 1873 appellari
1766 1836 1929 1874 perpetuo

116 1892 255 1934 Capella
280 1894 358 1925 dicti
385 1895 509 1926 domini
536 1894 715 1935 Augustini
742 1898 773 1926 et
799 1904 1014 1927 sucessorum
1042 1905 1177 1927 suorum
1205 1905 1242 1927 ac
1268 1895 1546 1927 descendentium
1577 1904 1714 1926 suorum
1742 1897 1773 1927 et
1799 1896 1927 1927 illorum

117 1964 223 1996 usque
249 1957 279 1987 in
308 1957 482 1994 infinitum,
520 1966 595 1988 cum
621 1960 653 1988 et
679 1957 742 1988 sub
780 1958 898 1997 pactis,
937 1958 1057 1995 modis,
1094 1958 1222 1995 formis,
1260 1957 1530 1995 condicionibus,
1557 1958 1597 1988 de
1623 1958 1748 1997 quibus
1774 1961 1805 1989 et
1831 1960 1927 1998 prout

115 2026 217 2058 supra
244 2018 404 2059 relligitur
429 2021 460 2050 et
486 2019 516 2049 in
544 2020 627 2059 ipsis
665 2020 862 2051 tractatibus
888 2022 917 2051 et
943 2020 1251 2051 deliberacionibus
1277 2020 1310 2051 fit
1337 2020 1477 2051 menci0.
1517 2018 1625 2056 Quam
1653 2020 1787 2059 quidem
1818 2020 1929 2060 capel-

116 2080 179 2111 lam
204 2081 283 2111 dicti
310 2081 435 2112 domini
464 2080 567 2119 Prior,
609 2081 773 2122 Magister
797 2084 827 2113 et
854 2081 983 2113 Fratres
1010 2091 1047 2113 ac
1074 2080 1283 2119 Conventus,
1321 2083 1552 2122 promixerunt
1578 2084 1608 2112 et
1634 2085 1863 2113 convenerunt
1889 2092 1926 2113 ac

120 2143 315 2183 promittunt
339 2145 370 2174 et
395 2144 610 2181 conveniunt,
638 2153 696 2184 per
722 2146 818 2184 pacta
845 2144 1019 2184 speciallia
1045 2146 1074 2175 et
1101 2153 1264 2184 expressa
1291 2144 1525 2184 solempnibus
1543 2144 1840 2184 stipullacionibus
1859 2145 1929 2175 val-

117 2204 192 2242 lata,
217 2205 419 2246 sumptibus,
447 2205 619 2237 laboribus
645 2208 676 2237 et
702 2207 864 2246 expensis
890 2206 969 2237 dicti
996 2209 1194 2244 conventus,
1221 2207 1311 2237 dicto
1337 2206 1473 2237 domino
1515 2206 1716 2247 Augustino,
1755 2208 1789 2237 ut
1825 2215 1927 2247 supra

117 2267 382 2307 stipulanti‚fieri
410 2268 518 2300 facere
545 2269 658 2300 causis
684 2270 715 2300 et
740 2269 986 2300 occaxionibus
1013 2271 1042 2300 et
1068 2269 1110 2300 ad
1136 2269 1274 2300 eftectus
1300 2278 1338 2300 ac
1365 2269 1396 2299 in
1423 2268 1597 2300 latitudine
1624 2271 1654 2300 et
1674 2269 1704 2299 in
1732 2268 1929 2300 fundamen-

117 2331 222 2360 torum
249 2330 477 2370 qualitatibus,
503 2331 612 2362 modis
638 2333 669 2362 et
694 2331 809 2362 formis
835 2334 865 2362 et
893 2331 974 2362 intra
1001 2333 1143 2371 tempus,
1170 2332 1296 2371 quibus
1321 2333 1352 2362 et
1378 2331 1418 2362 de
1444 2331 1569 2371 quibus
1595 2332 1626 2361 et
1652 2332 1750 2371 prout
1778 2331 1808 2361 in
1844 2332 1928 2371 ipsis

119 2392 226 2432 pactis
251 2394 282 2423 et
307 2393 597 2424 convencionibus
623 2394 780 2433 superius
806 2395 836 2424 et
862 2394 892 2424 in
920 2394 1018 2424 dictis
1044 2393 1241 2424 tractatibus
1267 2393 1447 2433 descriptis
1473 2395 1504 2423 et
1529 2393 1715 2433 expressis,
1734 2393 1767 2423 iit
1788 2393 1927 2424 mencio.

119 2452 192 2490 Que
217 2454 351 2494 quidem
377 2457 474 2495 pacta
499 2457 530 2486 et
555 2456 804 2487 convenciones
829 2457 860 2486 et
886 2456 916 2486 in
943 2456 992 2486 eis
1018 2456 1173 2486 contenta
1200 2455 1279 2485 dicti
1305 2454 1429 2485 domini
1457 2453 1560 2491 Prior,
1587 2454 1760 2495 Magister,
1788 2454 1928 2491 Fratres,

119 2517 150 2547 et
175 2514 371 2548 Conventus
397 2519 428 2549 et
454 2518 526 2558 ipse
552 2518 709 2549 dominus
736 2517 957 2558 Augustinus,
984 2518 1047 2548 sibi
1075 2517 1170 2557 ipsis,
1196 2518 1295 2548 etiam
1323 2517 1455 2547 nomine
1481 2514 1691 2554 Conventus,
1710 2516 1751 2547 ad
1773 2517 1926 2554 invicem,

119 2578 268 2610 vicissim
294 2580 325 2610 et
350 2580 530 2620 reciproce,
556 2583 654 2620 prout
680 2580 787 2611 iacent
812 2580 853 2611 ad
880 2581 1085 2617 contextum,
1112 2579 1257 2620 singulla
1283 2579 1438 2620 singullis
1464 2588 1611 2620 congrue
1637 2579 1833 2617 reiterendo,
1853 2588 1929 2619 pro-

120 2641 250 2672 mittunt
275 2643 305 2672 et
330 2642 533 2674 conveniunt
558 2643 740 2680 attendere,
767 2642 886 2679 facere,
913 2642 1056 2679 solvere,
1089 2641 1272 2682 adimplere
1298 2643 1329 2672 et
1354 2642 1546 2673 observare.
1585 2641 1623 2672 Et
1660 2650 1720 2681 pro
1758 2641 1842 2681 ipsis
1879 2642 1927 2673 sic

119 2703 238 2735 fiendis
264 2706 294 2735 et
319 2704 543 2745 adimplendis
562 2705 634 2745 ipse
660 2705 818 2736 dominus
844 2704 1054 2745 Augustinus
1081 2704 1241 2744 promittit
1267 2713 1300 2735 er
1325 2703 1483 2735 convenit
1509 2703 1608 2735 dictis
1634 2703 1781 2734 dominis
1807 2702 1924 2741 Priori,

119 2765 294 2806 Magistro,
321 2765 489 2799 Fratribus
515 2770 545 2799 et
571 2765 761 2799 Conventui
800 2767 878 2798 dare
905 2769 936 2798 et
961 2766 1092 2798 solvere
1129 2775 1167 2798 ac
1206 2766 1391 2797 exbursare
1429 2766 1514 2797 intra
1551 2767 1740 2806 presentem
1776 2774 1924 2797 mensem

120 2828 227 2859 dictas
253 2828 354 2860 libras
379 2829 541 2861 ducentas
579 2830 769 2870 imperiales
795 2832 825 2861 et
851 2829 1033 2869 predictam
1071 2828 1207 2860 feratam
1247 2828 1436 2868 ponendam
1462 2828 1504 2860 ad
1532 2829 1710 2868 introytum
1749 2828 1837 2859 dicte
1874 2837 1928 2859 ca-

121 2889 224 2929 pelle:
250 2892 281 2922 et
307 2891 400 2930 ultra,
425 2901 466 2923 ex
494 2901 580 2923 nunc
605 2894 703 2932 prout
728 2901 769 2923 ex
796 2894 885 2929 tunc,
911 2893 941 2922 et
968 2901 1009 2922 ex
1036 2893 1113 2922 tunc
1140 2892 1237 2930 prout
1263 2899 1304 2921 ex
1331 2899 1430 2928 nunc,
1449 2890 1521 2930 ipse
1541 2890 1698 2921 dominus
1719 2889 1927 2930 Augustinus

122 2951 152 2982 in
178 2951 299 2990 dotem,
325 2962 384 2993 pro
409 2953 517 2992 docte,
543 2955 677 2986 nomine
703 2956 733 2986 et
759 2964 799 2985 ex
827 2962 930 2985 causa
956 2953 1065 2984 doctis
1095 2953 1182 2984 dicte
1219 2952 1358 2993 capelle,
1397 2953 1481 2992 ipsis
1518 2952 1665 2983 dominis
1699 2951 1815 2989 Priori,
1854 2951 1928 2982 Ma—

121 3013 235 3054 gistro,
261 3013 431 3047 Fratribus
456 3018 486 3047 et
511 3014 701 3048 Conventui
729 3016 944 3056 presentibus
970 3017 1001 3046 et
1026 3014 1295 3055 acceptantibus,
1322 3014 1454 3046 nomine
1480 3014 1567 3045 dicte
1593 3013 1733 3054 capelle,
1759 3022 1839 3044 casu
1860 3022 1926 3052 quo

122 3075 270 3115 predicta
310 3077 444 3109 tirmiter
480 3079 713 3117 observentur,
739 3079 817 3110 fiant
843 3080 873 3109 et
899 3077 1096 3109 execucioni
1123 3076 1365 3108 mandentur....
1402 3076 1554 3117 assignat
1592 3076 1775 3117 predictam
1813 3075 1925 3106 turrim
