2347 3444
329 210 389 243 190

326 342 568 383 infrascriptam
595 344 767 384 capellam,
793 353 830 375 ac
856 345 962 375 eidem
990 344 1099 374 dotem
1126 343 1337 377 constituere,
1364 342 1572 382 assignando
1598 341 1767 377 traddidit,
1794 342 1884 373 dedit
1910 346 1940 373 et
1967 343 2074 382 quasi,
2100 351 2137 374 ac

323 406 484 446 assignat,
511 407 618 441 tradit,
645 407 710 441 dat,
737 411 766 437 et
793 407 900 446 quasi.
927 406 1023 436 miehi
1052 406 1180 435 notario
1208 404 1429 443 infrascripto,
1457 404 1500 434 uti
1528 403 1660 443 publice
1687 412 1828 443 persone
1854 405 2025 444 stipulanti
2042 408 2072 436 et
2091 414 2138 435 re-

322 468 455 508 cipienti
484 469 615 499 nomine
641 472 670 499 et
699 469 768 499 vice
794 468 920 508 capelle
946 477 982 498 ac
1009 468 1122 497 altaris
1149 470 1262 496 sancte
1290 466 1431 496 Monace
1457 468 1645 496 constructe
1671 468 1700 496 et
1727 474 1784 496 seu
1823 467 2001 497 constructi
2029 467 2060 497 in
2087 475 2139 497 sa-

321 531 431 561 cristia
458 531 596 561 ecclesie
634 531 737 561 sancti
766 530 941 569 Augustini
971 529 1154 569 papiensis,
1180 532 1209 558 et
1237 528 1298 558 mei
1334 528 1450 558 notarii
1479 527 1691 568 infrascripti,
1718 528 1781 568 ipsi
1808 528 1934 568 capelle
1960 537 2017 559 seu
2044 529 2136 560 altari

323 594 526 624 nominative
553 593 661 623 fictum
690 602 788 623 unuin
817 595 1010 632 perpetuum
1039 600 1074 621 ac
1103 591 1170 621 iura
1197 593 1226 620 et
1254 590 1486 630 perceptiones
1524 590 1622 621 tinius
1659 590 1722 621 ficti
1763 591 1911 630 perpetui
1938 591 2136 622 florenorum

322 655 509 688 duodecim.
538 656 661 686 valoris
687 660 715 685 et
742 655 782 685 ad
810 656 1002 693 computum
1030 653 1214 683 solidorum
1242 651 1358 692 xxxij
1386 652 1604 692 imperialium
1633 661 1691 692 pro
1718 653 1851 693 singulo
1884 652 2020 690 floreno,
2047 653 2138 693 quod

320 717 426 747 eidem
455 718 587 747 domine
615 717 793 755 illnrgarite
820 716 914 745 datur
941 718 969 745 et
997 717 1161 754 prestatur
1187 722 1224 744 ac
1250 714 1318 744 dari
1346 716 1376 744 et
1403 715 1540 754 prestari
1567 715 1742 745 consuevit
1781 723 1836 754 per
1873 714 2071 745 Nicholaum
2098 715 2138 746 de

323 778 520 819 imperatore
547 779 648 809 tilium
676 778 844 817 quondam
873 777 998 807 domini
1038 776 1204 813 iohannis,
1239 777 1442 807 nominative
1469 776 1509 807 de
1536 775 1756 817 infrascriptis
1782 777 1875 808 terris
1901 780 1930 807 et
1958 778 2140 817 proprieta-

322 841 411 871 tibus
439 841 558 881 positis
584 844 612 870 et
639 840 876 870 colierentiatis
903 842 999 879 prout
1027 838 1120 875 infra,
1144 842 1173 869 et
1201 839 1289 869 dicto
1316 838 1480 869 Nicholao
1506 838 1594 869 aliax
1616 839 1645 869 in
1667 842 1861 879 perpetuum
1890 839 2055 870 investitis
2082 848 2139 879 per

322 904 428 943 ipsam
456 903 624 933 dominam
653 902 880 941 Margaritam,
908 903 1005 941 prout
1031 909 1191 941 apparere
1218 901 1302 931 dixit
1329 900 1464 941 publico
1481 901 1698 931 instrumento
1718 901 1897 941 superinde
1917 903 2032 941 rogato
2050 910 2138 932 anno

320 974 417 995 curso
445 965 621 995 millesimo
649 963 942 1003 quatricentesimo
969 963 1251 1003 quinquagesimo
1278 965 1407 1002 quarto,
1435 963 1601 994 indicione
1627 963 1785 1001 secunda,
1812 963 1864 994 die
1891 972 1979 994 nono
2014 963 2139 995 mensis

322 1027 524 1062 novembris,
552 1035 608 1066 per
634 1026 805 1056 dominum
834 1024 1013 1056 Antonium
1041 1025 1081 1056 de
1108 1024 1345 1056 Preottonibus
1372 1026 1535 1056 notarium
1564 1025 1733 1066 publicum
1761 1026 1978 1066 papiensem:
2005 1025 2081 1057 Item
2108 1029 2138 1057 et

323 1089 552 1128 infrascriptas
579 1089 810 1128 proprietates,
837 1090 998 1127 quantum
1026 1088 1067 1118 ad
1094 1088 1253 1119 directum
1281 1088 1464 1118 dominium
1492 1091 1522 1118 et
1546 1088 1677 1119 civilem
1705 1089 1956 1128 possessionem
1987 1088 2136 1119 eiusdem

320 1152 454 1181 domine
482 1151 682 1191 Margarite:
710 1159 774 1190 que
801 1150 1022 1190 proprietates
1048 1152 1125 1180 sunt
1152 1150 1232 1180 hec:
1271 1148 1392 1187 Primo,
1418 1150 1511 1180 tertia
1542 1158 1619 1190 pars
1646 1159 1705 1190 pro
1732 1150 1878 1181 indiviso
1916 1151 2014 1181 unius
2052 1150 2140 1181 sedi-

321 1214 418 1244 minis
444 1213 596 1244 abroliati
624 1216 653 1244 et
680 1213 860 1247 advineati.
887 1221 960 1243 cum
988 1212 1119 1243 modico
1147 1213 1229 1252 prati
1258 1211 1406 1249 inferius,
1433 1212 1654 1252 perticharum
1681 1213 1813 1253 triginta
1829 1212 1878 1243 vel
1898 1213 2018 1250 circha,
2037 1221 2138 1253 supra

320 1286 387 1316 quo
414 1278 490 1306 sunt
515 1277 601 1306 certe
628 1275 750 1306 domus
775 1283 848 1305 curn
875 1275 1080 1306 columbaria
1107 1283 1171 1305 una
1197 1283 1215 1305 a
1242 1274 1369 1311 bestiis,
1397 1276 1522 1305 murate
1548 1277 1578 1305 et
1603 1277 1733 1314 cupate,
1760 1274 1821 1305 site
1848 1275 1878 1305 in
1906 1274 1978 1305 loco
2005 1274 2137 1316 lusaghi

319 1346 501 1378 eampanee
528 1337 723 1377 papiensis;
751 1337 875 1377 quibus
902 1337 1055 1368 sedimini
1082 1340 1113 1368 et
1140 1337 1305 1368 hedificiis
1330 1337 1463 1368 coheret
1488 1336 1531 1367 ab
1557 1345 1622 1367 una
1648 1338 1739 1376 parte
1765 1339 1866 1367 strata
1893 1336 1969 1367 dicti
1997 1336 2070 1374 loci,
2096 1337 2138 1368 ab

322 1400 386 1431 alia
414 1400 517 1431 lectus
544 1399 684 1436 Barone,
711 1399 753 1430 ab
779 1399 843 1430 alia
870 1399 979 1430 dictus
1005 1399 1190 1430 Nicholaus
1215 1401 1246 1430 et
1271 1398 1389 1430 fratres
1415 1399 1455 1430 de
1482 1398 1680 1439 Imperatore
1707 1399 1762 1438 qui
1789 1407 1924 1430 causam
1952 1398 2139 1430 habuerunt

320 1471 337 1494 a
364 1463 483 1494 clerico
520 1462 660 1493 ecclesie
698 1464 811 1493 sancte
849 1461 955 1492 Marie
993 1462 1069 1492 dicti
1108 1462 1171 1493 ioci
1198 1461 1331 1502 lusaghi
1359 1470 1418 1502 pro
1445 1462 1592 1502 quodam
1619 1461 1761 1499 cambio,
1787 1463 1818 1492 et
1843 1461 1886 1492 ab
1911 1461 1975 1492 alia
2002 1461 2137 1501 quidam

319 1533 478 1556 accessus
503 1524 656 1555 comunis
683 1524 832 1564 ipsorum
858 1523 994 1555 fratrum
1022 1524 1062 1555 de
1089 1523 1288 1564 Imperatore
1313 1526 1344 1555 et
1370 1523 1528 1555 heredum
1555 1523 1725 1564 quondam
1753 1523 1878 1554 domini
1898 1523 2055 1555 Iohannis
2074 1522 2140 1554 An-

319 1588 400 1618 tonii
428 1587 468 1618 de
495 1586 748 1618 Mediisbarbis.
776 1585 852 1617 ltem
879 1587 972 1617 tertia
999 1595 1077 1627 pars
1103 1595 1163 1626 pro
1190 1586 1337 1617 indiviso
1364 1586 1455 1626 pecie
1482 1586 1581 1617 unius
1619 1586 1713 1626 prati,
1752 1586 1972 1626 perticharum
2006 1586 2138 1627 triginta

319 1649 369 1680 vel
396 1649 517 1686 circha,
543 1649 604 1680 site
631 1650 662 1680 in
690 1649 854 1680 territorio
880 1649 957 1680 dicti
985 1648 1046 1680 loci
1074 1648 1218 1689 lusaghi,
1246 1648 1301 1679 ubi
1328 1648 1447 1679 dicitur
1472 1648 1514 1679 ad
1541 1650 1670 1688 pratum
1697 1647 1878 1685 Doninum,
1915 1648 1966 1679 cui
2004 1648 2137 1679 coheret

318 1712 361 1743 ab
388 1720 452 1742 una
479 1714 570 1752 parte
596 1714 698 1743 strata
736 1710 849 1751 Papie‚
876 1711 918 1742 ab
944 1711 1008 1742 alia
1046 1709 1234 1751 Collegium
1269 1710 1481 1741 Notariorum
1508 1712 1538 1741 et
1563 1710 1606 1741 ab
1631 1710 1696 1741 alia
1723 1709 1949 1741 Bertraminus
1975 1709 2082 1742 Gatus
2107 1712 2137 1741 et

317 1774 360 1805 ab
386 1774 450 1805 alia
476 1774 563 1805 dicta
589 1774 729 1805 ecclesia
756 1774 819 1805 loci
846 1773 990 1814 lusaghi,
1016 1782 1089 1804 cum
1117 1773 1245 1804 iuribus
1272 1773 1429 1814 irrigandi
1457 1773 1578 1804 dictam
1606 1773 1733 1813 peciam
1760 1773 1843 1813 prati
1873 1781 1914 1804 ex
1944 1773 2052 1812 aquis,
2079 1781 2137 1804 seu

320 1836 545 1868 scholasticiis
582 1837 673 1877 rugie
710 1836 995 1868 descendentibus
1033 1836 1166 1867 ibidem.
1205 1835 1281 1867 ltem
1319 1836 1413 1866 tertia
1451 1844 1528 1876 pars
1554 1844 1614 1876 pro
1641 1835 1788 1866 indiviso
1814 1835 1913 1867 unius
1939 1835 2031 1876 pecie
2055 1838 2138 1866 terre

321 1899 498 1930 advineate
524 1899 565 1930 ad
592 1899 742 1936 altinum,
769 1899 991 1939 perticharum
1018 1899 1151 1939 triginta
1178 1898 1229 1929 vel
1256 1899 1376 1936 circha,
1402 1898 1511 1938 posite
1538 1898 1568 1929 in
1596 1898 1685 1929 dicto
1722 1898 1896 1935 territorio,
1931 1898 1986 1929 ubi
2020 1898 2139 1929 dicitur

321 1962 352 1992 in
381 1961 572 2002 lusaghin0‚
598 1962 649 1992 cui
676 1962 809 1992 coheret
835 1961 878 1992 ab
904 1969 968 1992 una
995 1963 1086 2001 parte
1113 1962 1214 1992 strata
1248 1960 1383 2001 publica
1420 1959 1534 2001 Papie,
1560 1960 1602 1991 ab
1627 1960 1691 1991 alia
1719 1960 1858 1991 heredes
1884 1960 2053 2000 quondam
2080 1960 2139 1991 do-

323 2024 400 2054 mini
429 2023 586 2055 iohannis
612 2023 747 2054 Antonii
775 2023 815 2054 de
842 2023 1095 2061 Mediisbarbis,
1121 2023 1164 2054 ab
1189 2023 1254 2054 alia
1280 2022 1488 2054 Ambroxius
1524 2021 1643 2054 Gatus.
1681 2021 1756 2053 ltem
1783 2023 1877 2053 tertia
1903 2031 1980 2062 pars
2006 2031 2065 2062 pro
2092 2023 2140 2053 in-

321 2087 431 2117 diviso
458 2087 550 2126 pecie
577 2086 675 2117 unius
701 2086 796 2116 vinee
822 2085 968 2122 altinate,
995 2086 1216 2126 perticharum
1244 2085 1420 2116 duodecim
1447 2085 1499 2116 vel
1525 2085 1646 2123 circha,
1672 2085 1781 2124 posite
1800 2085 1830 2115 in
1850 2085 1938 2115 dicto
1964 2085 2138 2122 territorio,

322 2148 376 2179 ubi
404 2148 524 2179 dicitur
550 2149 580 2178 in
607 2146 775 2185 Costario,
801 2148 852 2178 cui
878 2148 1012 2178 coheret
1036 2147 1079 2178 ab
1105 2156 1170 2178 una
1207 2149 1298 2187 parte
1336 2149 1448 2185 strata,
1473 2147 1516 2178 ab
1541 2147 1606 2178 alia
1633 2146 1794 2179 Raviolus
1819 2147 1860 2177 de
1886 2145 2015 2178 Putheo
2040 2149 2071 2178 et
2095 2147 2138 2178 ab

321 2210 385 2241 alia
411 2210 520 2241 dictus
547 2209 753 2241 Ambroxius
780 2208 898 2247 Gatus,
925 2210 996 2241 sive
1023 2209 1078 2247 ibi,
1105 2212 1165 2240 etc.
1192 2209 1230 2240 Et
1257 2210 1318 2240 hoc
1344 2218 1417 2240 cum
1445 2209 1573 2240 iuribus
1598 2212 1629 2240 et
1654 2209 1843 2240 actionibus
1869 2209 2138 2249 quibuscumque

323 2273 430 2313 ipsius
456 2273 590 2303 domine
617 2272 808 2312 Margarite,
846 2271 1060 2303 cessionibus
1097 2272 1235 2302 dominii
1261 2274 1292 2302 et
1318 2272 1550 2312 possessionis
1586 2271 1808 2303 translacione
1841 2273 1871 2302 et
1896 2271 2139 2302 constitucione

323 2335 547 2375 procuratoris
574 2335 604 2365 in
631 2343 697 2366 rem
724 2335 904 2375 propriam,
930 2334 1123 2366 constitutis
1148 2334 1310 2365 renuntiis
1335 2336 1365 2365 et
1391 2333 1554 2365 clausulis
1580 2334 1611 2365 in
1638 2333 1761 2365 talibus
1786 2336 1817 2365 et
1842 2334 2009 2365 similibus
2027 2342 2140 2366 neces-

324 2398 421 2428 sariis
446 2401 476 2428 et
502 2398 678 2437 oportunis
715 2399 745 2428 et
782 2397 907 2437 apponi
934 2397 1116 2434 consuetis,
1144 2395 1189 2428 Ac
1214 2405 1253 2428 ea
1279 2396 1350 2437 lege
1376 2398 1406 2427 et
1439 2396 1646 2433 condicione,
1684 2396 1848 2434 videlicet,
1886 2396 1977 2436 quod
2015 2396 2138 2427 dictum

323 2460 432 2490 ffctum
461 2462 655 2500 perpetuum
682 2462 712 2490 et
738 2459 824 2490 dicte
862 2459 1094 2500 proprietates,
1132 2461 1292 2499 quantum
1319 2459 1360 2490 ad
1387 2459 1546 2489 directum
1574 2458 1757 2489 dominium
1783 2460 1813 2489 et
1839 2458 1970 2489 civilem
2005 2467 2141 2499 posses—

324 2523 464 2557 sionem,
492 2524 651 2561 perpetuo
678 2524 708 2552 et
734 2522 822 2552 omni
850 2524 1010 2561 tempore,
1037 2523 1227 2552 remaneant
1253 2523 1284 2552 et
1309 2529 1477 2552 remanere
1515 2520 1657 2551 debeant
1694 2520 1791 2552 dictis
1827 2521 1953 2561 capelle
1979 2523 2009 2552 et
2034 2520 2139 2558 altari,

324 2587 354 2614 et
381 2584 411 2614 in
437 2584 538 2614 alium
565 2592 622 2614 seu
649 2584 746 2621 alios,
772 2583 868 2614 titulo
895 2583 1116 2621 vendicionis,
1144 2583 1415 2623 permutacionis,
1441 2583 1650 2620 donacionis,
1676 2591 1734 2613 seu
1760 2582 1826 2613 alio
1864 2591 2076 2623 quocumque
2102 2583 2140 2614 ti-

325 2645 394 2676 tulo
419 2645 647 2681 alienacionis,
675 2645 843 2676 transferri
870 2647 900 2676 et
926 2645 1062 2676 alienari
1090 2654 1155 2676 non
1183 2645 1315 2685 possint
1341 2653 1400 2676 nec
1426 2645 1568 2682 valeant,
1595 2644 1666 2675 sine
1693 2644 1823 2676 licentia
1862 2645 1969 2685 ipsius
2006 2645 2139 2676 domine

327 2707 517 2747 Margarite,
543 2709 573 2737 et
600 2707 690 2746 quod
717 2705 915 2739 Conventus
952 2707 1038 2738 dicte
1075 2706 1215 2741 ecclesie
1252 2707 1356 2738 sancti
1395 2705 1572 2747 Augustini
1600 2708 1748 2737 teneatur
1773 2708 1804 2737 et
1829 2706 1948 2737 debeat
1974 2706 2139 2738 celebrare

326 2778 384 2800 seu
410 2768 568 2800 celebrari
596 2767 703 2799 facere
729 2769 770 2799 ad
798 2769 918 2799 dictam
956 2769 1118 2809 capellam
1145 2777 1203 2800 seu
1231 2769 1343 2806 altare,
1381 2768 1513 2809 singula
1538 2768 1740 2806 ebdomoda‚
1778 2769 1900 2800 missas
1926 2771 1991 2800 tres
2016 2771 2047 2800 et
2072 2769 2140 2800 duo

329 2926 394 2946 moro
409 2931 501 2951 sempre
517 2925 537 2945 in
555 2924 623 2945 Pax-ia
641 2925 698 2945 nella
714 2930 776 2949 casa,
793 2925 834 2945 che
850 2925 870 2945 la
886 2925 961 2945 nolule
978 2925 1075 2945 (jinevra
1089 2924 1205 2949 Beccaria,
1263 2924 1292 2945 La
1309 2924 1436 2945 Borromeo
1458 2924 1516 2945 ebbe
1538 2924 1567 2944 da
1588 2923 1645 2945 olan
1669 2924 1782 2949 Agostino
1797 2925 1900 2946 Visconti
1917 2926 1951 2945 tre
1967 2924 2022 2950 ligii,
2038 2924 2136 2950 Filippo,

329 2976 394 2991 come
409 2976 480 2996 sposa
497 2970 517 2990 in
533 2969 634 2990 seconde
651 2975 731 2993 nozze,
747 2974 820 2989 :iveva
833 2972 927 2994 portato
944 2969 964 2989 in
981 2969 1035 2989 dote
1051 2975 1063 2989 a
1081 2969 1158 2989 l’ietro
1170 2969 1206 2990 Vi·
1262 2969 1374 2990 Oiovanni
1391 2974 1402 2989 e
1418 2968 1533 2989 Ottorino.
1561 2969 1650 2994 Filippo
1666 2969 1701 2989 uel
1720 2970 1765 2990 1491
1784 2969 1813 2990 da
1832 2970 1949 2990 Lodovieo
1965 2970 1978 2989 il
1995 2969 2062 2990 Moto
2077 2970 2136 2990 ebbe

329 3015 413 3039 sconti,
436 3014 507 3040 padre
522 3014 544 3034 di
561 3013 618 3034 Gian
641 3013 754 3037 Arzostino
777 3013 859 3033 marito
876 3013 934 3033 della
947 3012 1082 3036 Borromeo.
1099 3013 1113 3033 11
1130 3013 1207 3033 l'ietro
1263 3012 1380 3033 conferma
1403 3013 1438 3033 dci
1462 3012 1522 3033 leudi
1546 3013 1567 3033 di
1590 3012 1717 3038 Groppello
1733 3019 1744 3034 e
1760 3013 1781 3034 di
1803 3013 1892 3034 Breme,
1915 3013 1971 3034 Vedi
1995 3013 2080 3038 1-1ΤΤΑ,
2096 3013 2137 3034 Fa-

330 3059 433 3079 visconti
449 3058 471 3078 fu
488 3058 598 3078 investito
613 3057 641 3078 da
658 3057 748 3082 Filippo
765 3056 838 3077 Maria
855 3056 958 3077 visconti
975 3057 1009 3077 nel
1029 3057 1077 3077 1437
1088 3056 1124 3077 del
1137 3056 1206 3077 feudo
1263 3056 1343 3082 migne
1367 3056 1452 3077 celebri
1477 3056 1584 3081 italiana,
1611 3056 1666 3077 fasc.
1693 3056 1728 3081 ΙΧ,
1754 3059 1813 3083 part.
1831 3057 1846 3082 l,
1871 3057 1974 3078 Vifconti
1998 3057 2023 3078 di
2038 3057 2136 3082 milano,

331 3103 352 3123 di
368 3102 503 3128 Gwppeno,
519 3107 530 3123 e
546 3102 581 3122 nel
599 3101 649 3122 1⁴39
664 3101 685 3122 di
702 3101 780 3126 quello
795 3100 818 3121 di
835 3100 915 3121 Breme
930 3100 951 3121 in
963 3101 1080 3121 territorio
1096 3100 1117 3121 di
1130 3100 1210 3125 Pax-ia.
1265 3103 1312 3121 tav.
1328 3100 1385 3121 Xlll.

2336 2909 2347 3072 Δ-Ὦ-ι-..ᾳ
2340 2772 2347 2891 .4--
