2347 3444
314 168 378 199 256

1024 369 1408 411 CDLXXXIX.

400 498 450 525 La
476 497 663 526 Comunita
689 498 724 526 di
751 498 785 526 S.
814 498 983 526 Mostiola
1009 497 1156 525 rinnova
1183 496 1423 525 l'investitura
1449 496 1483 524 di
1509 501 1601 524 terre
1626 496 1661 524 in
1687 496 1865 532 Filighera
1884 496 1917 524 al
1936 496 2016 524 nob.
2036 496 2122 524 Gre-

310 550 410 586 gorio
437 551 647 587 Mangiaria.
675 560 692 579 e
719 551 836 579 riceve
862 551 906 578 da
933 550 980 578 lui
1006 559 1049 578 un
1076 550 1193 585 legato
1218 549 1500 579 testamentario.

948 681 1102 711 1483,
1135 682 1274 706 otto}
1281 688 1375 711 )1·e‚
1408 681 1498 706 22.

859 788 937 811 (Arcti,
955 788 1036 809 Nutar,
1053 788 1075 808 di
1093 788 1171 809 Pania⁴
1188 799 1213 802 —
1229 788 1278 809 Arii
1295 788 1316 808 di
1334 787 1454 809 Leonardo
1470 787 1586 809 Buscair.

415 968 463 1082 I
556 1000 578 1025 Ν
604 995 751 1026 elaustro
778 996 970 1026 monasterii
1009 998 1122 1027 sancte
1157 995 1329 1033 Mustiole,
1367 994 1482 1035 Papie.
1521 994 1706 1028 Renovatio
1745 995 1940 1026 investiture
1970 996 2129 1035 perpetue

577 1057 663 1089 facta
690 1067 747 1098 per
773 1058 991 1089 reverendum
1019 1058 1192 1089 dominum
1220 1059 1415 1099 magistrum
1441 1056 1566 1089 Galeaz
1591 1057 1631 1088 de
1659 1056 1763 1097 Papia
1783 1057 1924 1097 priorem
1944 1059 1974 1087 et
1993 1063 2131 1087 venera-

577 1121 661 1151 biles
687 1121 845 1152 dominos
870 1120 988 1152 fratres
1015 1120 1147 1152 Petrum
1167 1121 1207 1152 de
1233 1119 1361 1158 Calvis‚
1382 1120 1606 1151 Meleliionern
1633 1119 1673 1150 de
1700 1119 1846 1157 Lucino‚
1873 1118 2130 1151 Guillerminum

308 1183 347 1213 de
375 1183 591 1223 Arigoiiilius,
623 1183 834 1214 Laurentium
862 1183 902 1214 de
929 1183 1045 1221 Biella,
1071 1183 1295 1214 Tholomeum
1323 1184 1363 1214 de
1390 1182 1575 1220 SaratieliQ
1617 1181 1781 1222 Angelum
1808 1182 1848 1213 de
1880 1181 2129 1219 Riiselioiiibus,

308 1245 533 1285 Augustinum
561 1246 601 1276 de
628 1245 758 1283 Abiate,
785 1245 961 1277 Nicolaum
989 1246 1029 1277 de
1055 1244 1281 1284 Castellacio‚
1320 1245 1518 1277 Ieronimum
1546 1245 1586 1276 de
1612 1244 1831 1282 Bastonibus,
1868 1253 1986 1276 omnes
2011 1244 2130 1276 fratres

307 1318 468 1348 expresse
496 1308 672 1348 professos
697 1307 837 1340 Ordinis
865 1308 1106 1340 Heremitarum
1134 1310 1239 1340 sancti
1259 1308 1437 1349 Augustini
1458 1309 1488 1339 in
1507 1309 1674 1339 conventu
1701 1310 1814 1339 sancte
1833 1307 1994 1339 Mustiole
2014 1306 2128 1347 Papie,

305 1370 498 1401 facientes...
526 1371 602 1411 plns
628 1380 727 1410 quam
755 1371 840 1402 duas
867 1373 978 1411 partes
1004 1381 1044 1402 ex
1071 1372 1179 1403 tribus
1204 1372 1313 1402 tocius
1349 1371 1520 1411 capituli...
1558 1371 1589 1401 in
1627 1370 1773 1401 nobilem
1812 1370 1917 1400 virum
1956 1369 2129 1400 dominum

306 1432 505 1473 Gregorium
533 1433 573 1463 de
600 1433 811 1473 Mangiariis,
853 1433 955 1464 filiurn
994 1434 1165 1473 quondam
1204 1434 1330 1464 domini
1368 1433 1554 1464 leronimi...
1589 1433 1629 1464 de
1656 1432 1814 1463 omnibus
1839 1434 1869 1463 et
1895 1431 2039 1472 singulis
2065 1431 2131 1463 illis

306 1496 411 1531 terris,
439 1496 553 1536 pratis,
581 1496 710 1533 vineis,
745 1496 883 1526 boschis
909 1498 939 1527 et
966 1496 1098 1527 bonis...
1137 1497 1211 1527 sitis
1238 1497 1268 1527 in
1295 1496 1459 1527 territorio
1494 1495 1637 1526 Abiatiei
1664 1504 1722 1526 seu
1751 1494 1918 1535 Felegarie
1947 1491 2031 1533 (1)...
2069 1502 2130 1534 pro

305 1559 415 1589 fleto...
442 1558 644 1589 florenorum
672 1558 877 1594 sexdecim„
904 1559 935 1589 in
962 1558 1048 1589 festo
1074 1559 1181 1590 sancti
1208 1559 1377 1590 Martini...
1403 1558 1583 1589 cuiuslibet
1607 1558 1696 1588 anni.

395 1674 467 1712 Die,
494 1675 586 1712 liora,
603 1675 675 1706 loeo
701 1684 738 1706 ae
764 1675 909 1706 testibus
935 1676 1187 1716 suprascriptis.

392 1736 653 1770 Conveneiones
679 1737 764 1768 facte
791 1746 849 1777 per
874 1740 905 1768 et
932 1738 1014 1769 inter
1051 1738 1304 1778 suprascriptos
1341 1737 1499 1768 dominos
1525 1735 1684 1774 Priorem,
1723 1735 1853 1767 Fratres
1877 1723 1908 1767 et
1934 1734 2128 1777 Capitulum

306 1810 364 1832 seu
393 1799 606 1832 Conventum
634 1800 827 1830 monasterii
855 1800 1002 1840 predicte
1028 1802 1142 1831 sancte
1169 1800 1363 1831 Mustiole...
1389 1802 1420 1830 et
1445 1800 1603 1831 dominos
1641 1799 1797 1830 Iacobum
1836 1799 1916 1830 iuris
1954 1799 2127 1839 utriusque

305 1864 487 1900 doctorem,
514 1861 726 1903 Gregorium,
754 1861 934 1893 loliannem
962 1862 1130 1893 Andrean]
1157 1864 1187 1893 et
1214 1862 1363 1893 Marcum
1391 1861 1573 1893 Antonium
1600 1861 1718 1893 fratres
1744 1862 1784 1893 de
1812 1861 2021 1903 Mangiariis,
2040 1861 2129 1893 filios

305 1926 476 1966 quondam
504 1926 629 1956 domini
658 1925 822 1963 leronimi,
850 1928 941 1966 parte
968 1926 1103 1956 altera...
1130 1926 1170 1956 de
1196 1928 1226 1956 et
1253 1934 1312 1966 pro
1346 1925 1435 1956 omni
1462 1927 1493 1956 et
1518 1927 1588 1956 toto
1614 1934 1653 1956 eo
1680 1925 1771 1965 quod
1791 1925 1867 1956 dicti
1888 1925 2013 1955 domini
2034 1923 2128 1955 Prior

305 1992 336 2019 et
365 1988 526 2019 Fratres...
566 1988 687 2019 nabere
721 1988 844 2018 debent
870 1990 900 2018 et
926 1990 1037 2028 petere
1075 1990 1219 2028 possunt
1245 1990 1275 2018 et
1302 1990 1441 2028 possent
1466 1996 1484 2018 a
1511 1987 1609 2018 dictis
1649 1987 1808 2018 fratribus
1849 1987 1889 2018 de
1927 1987 2127 2027 Mangiariis

305 2054 370 2082 tam
397 2051 582 2081 oeeaxione
609 2051 784 2081 cuiusdam
812 2050 1024 2081 vendicionis
1057 2051 1142 2082 alias
1167 2050 1252 2082 facte
1279 2060 1336 2091 per
1362 2049 1609 2088 Conventum‚..
1651 2050 1760 2090 ipsius
1800 2050 1994 2081 monasterii
2035 2050 2124 2080 dicto

305 2114 477 2154 quondam
505 2113 642 2144 domino
669 2113 832 2144 leronimo
859 2122 973 2144 eorum
1001 2113 1084 2153 patri
1112 2113 1152 2144 de
1179 2113 1384 2153 quibusdam
1405 2113 1500 2144 terris
1525 2115 1556 2144 et
1582 2112 1879 2153 proprietatibus...
1907 2112 1937 2143 in
1964 2112 2128 2143 territorio

307 2176 475 2216 Felegarie
501 2185 559 2207 seu
588 2175 764 2206 Abiatici...
791 2178 821 2207 et
847 2177 945 2207 etiam
973 2177 1088 2217 vigore
1114 2178 1145 2207 et
1170 2177 1355 2207 oecaxione
1380 2176 1555 2207 cuiusdam
1583 2175 1681 2216 legati
1707 2175 1797 2206 aliax
1817 2175 1906 2206 dicto
1925 2174 2128 2206 monasterio

362 2238 438 2269 faeti
466 2247 523 2278 per
550 2247 636 2269 nunc
664 2239 835 2278 quondam
864 2238 1026 2269 Zaninum
1067 2238 1262 2270 Furnarium
1290 2239 1330 2269 de
1356 2238 1537 2269 Novaria...
1576 2237 1802 2268 Pervenerunt
1827 2237 1869 2268 ad
1897 2236 2129 2277 infrascriptas

305 2301 587 2332 conveneicmes...
615 2300 759 2332 Primo...
787 2301 877 2340 quod
906 2301 969 2341 ipsi
997 2300 1115 2332 fratres
1142 2301 1182 2332 de
1209 2301 1408 2341 Mangiariis
1434 2302 1606 2331 teneantur
1632 2302 1662 2331 et
1688 2300 1832 2331 debeant
1851 2300 1929 2330 dare
1948 2302 1978 2330 et
1997 2298 2128 2331 solvere

306 2364 395 2394 dieto
421 2364 600 2394 conventui
627 2363 774 2394 florenos
800 2366 966 2394 eentum...
994 2364 1069 2394 liine
1095 2363 1137 2394 ad
1163 2364 1323 2394 calendas
1350 2362 1492 2403 Augusti
1528 2363 1681 2403 proxime
1718 2361 1852 2393 futuri...
1891 2361 1967 2393 Item
1994 2363 2025 2393 et
2050 2361 2127 2393 dicti

310 2425 402 2456 Prior
428 2429 457 2456 et
486 2426 647 2457 Fratres...
675 2428 849 2457 teneantur
875 2429 905 2457 et
931 2426 1108 2457 debeant...
1135 2426 1326 2466 expendere
1353 2426 1461 2457 dictos
1486 2425 1633 2456 florenos
1659 2428 1790 2456 centum
1817 2425 1857 2456 de
1884 2425 2008 2465 quibus
2026 2432 2129 2465 supra

308 2489 338 2518 in
366 2489 580 2528 reparaeione
606 2493 636 2519 et
663 2498 720 2519 seu
747 2489 894 2520 construi
922 2491 952 2519 et
978 2489 1120 2529 reaptari
1148 2488 1303 2520 faciendo
1329 2489 1510 2519 claustrum
1538 2488 1615 2519 dicti
1644 2488 1870 2519 monasterii...

366 2646 395 2669 (l)
412 2645 467 2665 x'mli
484 2646 497 2665 il
514 2645 655 2666 document-1
672 2646 707 2666 del
727 2647 748 2666 Η
765 2647 890 2667 novembre
909 2647 966 2667 1478.
