2347 3444
322 194 383 225 176

1061 398 1420 439 CCCLXXIII.

407 524 511 552 Frate
549 525 703 553 Battista
730 525 889 557 Rancati,
918 525 1149 553 Procuratore
1175 524 1210 552 di
1237 524 1271 552 S.
1299 524 1484 560 Agostino,
1511 524 1628 553 riceve
1665 525 1689 553 il
1714 530 1924 561 pagamento
1949 526 1984 554 di
2009 535 2054 555 un
2079 527 2130 556 af-

317 577 392 606 fitto
417 577 452 606 di
477 586 544 606 una
570 586 655 606 casa
681 578 714 606 in
740 578 863 606 Pavia.

913 663 1067 693 1472,
1088 665 1431 693 nover¹11n·e‚
1459 664 1536 688 13.

892 770 954 790 Arcu.
973 769 1052 790 Notati
1070 769 1091 790 di
1109 768 1186 790 pavia.
1203 780 1227 783 —
1243 769 1290 790 Atti
1307 769 1329 790 di
1346 770 1473 791 Francesco
1489 769 1565 791 Sisn.

332 1014 333 1021 ἵ
380 963 502 1078 Ν
562 981 651 1007 ELLA
676 984 755 1007 casa
781 976 835 1007 del
857 977 978 1011 notaio,
1006 977 1037 1007 in
1063 975 1262 1008 Parrocclu’a
1287 977 1322 1008 cli
1346 975 1378 1008 S.
1405 976 1513 1008 Maria
1541 976 1688 1018 Capella.
1727 977 1936 1009 Venerabilis
1972 978 2130 1010 dominus

583 1038 682 1070 frater
708 1037 859 1079 Baptista
886 1039 927 1070 de
955 1038 1135 1077 Rancliate‚
1162 1037 1300 1070 Ordinis
1326 1038 1462 1070 fratrum
1490 1038 1732 1070 Heremitaruni
1753 1039 1858 1070 sancti
1880 1038 2058 1079 Augustini
2085 1039 2132 1071 ci-

339 1136 403 1137 ffis?
445 1136 464 1137 ἶ
519 1136 532 1137 Π
583 1101 695 1132 vitatis
732 1100 847 1141 Papie,
886 1101 1039 1132 sindicus
1065 1104 1095 1132 et
1122 1103 1318 1141 procurator
1322 1127 1372 1133 .....
1410 1099 1557 1141 Capituli
1584 1104 1614 1132 et
1639 1099 1838 1133 Conventus
1874 1102 1962 1133 dicte
1987 1101 2130 1133 ecclesie

315 1164 421 1194 sancti
448 1162 639 1204 Augustini,
664 1164 766 1194 riceve
791 1163 834 1194 (la
860 1162 968 1194 Psetro
1001 1163 1298 1203 Vcttematifloritzi
1325 1164 1361 1195 II
1384 1172 1446 1204 per
1467 1162 1575 1203 affitto
1601 1163 1636 1194 cli
1659 1172 1700 1194 un
1726 1172 1812 1194 anno
1823 1162 1921 1203 sinito
1940 1163 1974 1194 al
1991 1162 2022 1196 S.
2042 1163 2132 1195 Mar-

315 1226 380 1256 tino
401 1226 565 1265 prossimo
586 1228 726 1265 passato
753 1226 893 1257 duarum
920 1226 1159 1266 apothecarum
1187 1228 1401 1263 muratarum,
1428 1227 1623 1266 cupataruni
1642 1227 1673 1257 et
1692 1225 1923 1257 solariataruni
1943 1226 2128 1266 positarum

314 1290 345 1318 et
371 1287 548 1318 iacentium
576 1288 606 1318 in
633 1288 767 1319 civitate
793 1286 897 1328 Papie
925 1288 955 1318 in
983 1287 1082 1319 Porta
1108 1288 1214 1319 sancti
1243 1287 1411 1325 Iohannis,
1439 1288 1470 1319 in
1497 1287 1661 1319 Parocliia
1687 1287 1794 1319 sancti
1813 1286 2016 1325 Geminiani,
2041 1288 2131 1319 inve-

313 1350 387 1381 stite
407 1352 673 1390 perpetuamente
697 1359 717 1381 ιι
743 1350 829 1381 (letto
862 1350 1035 1382 Vestemati
1058 1350 1115 1381 dal
1141 1349 1307 1383 Convento
1333 1359 1392 1382 con
1411 1351 1598 1382 istrumento
1616 1359 1636 1381 a
1654 1350 1759 1390 rogito
1784 1349 1926 1381 Antonio
1952 1349 2129 1381 Preottoni.

1046 1541 1406 1583 CCCLXXIV.

400 1669 505 1697 Frate
531 1669 687 1698 Eusebio
713 1669 755 1697 de
780 1669 966 1705 Legieriis,
994 1670 1228 1698 Procuratore
1253 1670 1288 1698 di
1314 1670 1347 1701 S.
1374 1670 1561 1706 Agostino,
1588 1670 1633 1698 da
1659 1670 1869 1698 investitura
1886 1669 2081 1698 novennale
2096 1669 2129 1698 di

313 1731 359 1750 un
384 1726 536 1752 terreno.

959 1819 1112 1851 1473,
1133 1819 1415 1851 {eumz-aio,
1434 1820 1487 1845 9.

853 1925 930 1947 (Aren.
948 1925 969 1945 di
985 1924 1053 1946 Stato
1069 1925 1090 1946 di
1106 1925 1202 1946 Milano.
1218 1937 1243 1939 —
1260 1925 1364 1952 Pergam,
1381 1926 1402 1946 di
1419 1925 1441 1947 S.
1458 1926 1588 1952 Agostino).

419 2118 465 2234 I
558 2137 581 2163 N
607 2141 739 2164 camera
765 2132 891 2163 domini
918 2132 1029 2164 fratris
1064 2132 1206 2164 Euxebii
1233 2133 1274 2164 de
1302 2132 1453 2173 Ligeriis,
1479 2133 1532 2164 nel
1557 2136 1741 2165 monastero
1767 2133 1857 2174 degli
1880 2134 2070 2173 Eremitani‚
2097 2136 2128 2166 in

579 2193 744 2227 Citadella
782 2195 870 2226 dicte
900 2195 1056 2233 civitatis,
1094 2196 1298 2227 venerabilis
1332 2196 1382 2226 vir
1418 2194 1457 2226 D.
1484 2195 1584 2227 frater
1617 2195 1791 2227 Euxebius
1817 2196 1858 2227 de
1886 2195 2025 2237 Ligeriis
2051 2205 2131 2229 con—

580 2266 700 2289 versus
725 2258 805 2289 dicti
832 2256 970 2289 Ordinis
996 2260 1027 2289 et
1053 2256 1252 2289 Conventus
1268 2258 1374 2289 sancti
1395 2257 1574 2298 Augustini
1594 2260 1624 2289 et
1642 2258 1794 2290 sindicus
1809 2259 1912 2290 totius
1930 2257 2128 2291 Conventus

313 2323 343 2352 et
369 2319 527 2361 Capituli,
554 2320 641 2351 locat
666 2319 810 2351 Pedrolo
847 2320 888 2351 de
921 2318 1088 2360 Cugnolo‚
1115 2320 1177 2352 loci
1205 2319 1322 2351 Turris
1347 2320 1389 2351 de
1415 2318 1584 2352 Sachettis
1609 2320 1650 2352 de
1677 2319 1769 2352 Ultra
1796 2319 1936 2359 Padum,
1962 2321 2003 2352 ad
2022 2329 2130 2353 annos

315 2392 433 2413 noveni
460 2383 501 2413 (ie
539 2382 637 2422 petiis
674 2385 758 2413 terre
795 2382 974 2414 advineate
1001 2384 1031 2413 et
1058 2383 1182 2414 cultive
1208 2383 1239 2413 in
1267 2382 1341 2414 loco
1379 2381 1496 2413 Turris
1533 2382 1574 2413 de
1611 2380 1776 2419 Sachetis‚
1802 2382 2073 2415 dell'estensione
2097 2383 2133 2415 di

313 2445 358 2476 30
377 2444 528 2484 lierticlze,
552 2453 612 2484 per
634 2444 657 2475 il
681 2453 805 2476 canone
830 2444 917 2475 della
943 2445 1070 2476 tertiani
1099 2447 1226 2485 partein
1253 2445 1319 2475 vini
1347 2454 1387 2476 ex
1415 2445 1541 2476 vitibus
1556 2444 1782 2475 existentibus
1808 2445 1982 2482 etc.,duos
2007 2445 2130 2477 sacnos

316 2506 469 2537 fiirinenti
497 2507 527 2537 in
556 2507 618 2537 kal.
646 2506 788 2547 Augusti
815 2510 845 2538 et
872 2515 932 2547 par
958 2516 1059 2538 unum
1086 2516 1265 2547 caponum.

383 2568 531 2599 Notui'o:
558 2568 698 2599 lacobus
724 2569 765 2600 de
792 2568 968 2610 Pragaliis‚
993 2569 1082 2601 filius
1108 2570 1233 2600 domini
1260 2569 1387 2601 Zanini.
