2347 3444
323 201 388 232 110

319 334 428 365 stiolle
455 334 646 374 predicte...
675 334 705 364 in
731 343 800 374 quo
826 338 919 366 erant
946 334 1019 374 ipse
1045 335 1204 366 dominus
1230 334 1330 366 trater
1355 333 1555 366 Laurentius
1581 334 1671 374 prior
1688 337 1812 366 etcum
1831 343 1904 366 eo...
1924 335 2136 374 venerabiles

318 396 443 427 domini
470 395 571 427 trater
597 395 776 427 lacobinus
801 396 843 427 de
869 394 1012 437 Stropis,
1046 396 1145 428 frater
1172 396 1290 427 Petrus
1309 396 1350 428 de
1369 394 1496 430 Calvis,
1515 395 1614 428 frater
1632 396 1804 428 Melchion
1823 396 1864 428 de
1882 396 2019 435 Lucino,
2037 397 2138 429 frater

318 456 520 489 Guillclinus
545 458 586 489 de
617 457 816 498 Rigonibus,
854 458 954 490 frater
992 457 1183 490 Bertolinus
1220 459 1261 490 de
1300 458 1428 495 Hassis,
1466 457 1566 489 frater
1603 457 1814 499 Augustinus
1851 459 1892 490 de
1930 458 2136 498 Mediolano,

317 520 417 551 frater
454 519 666 560 Augustinus
691 520 732 551 de
759 519 937 558 Nlarliano,
957 520 1057 552 frater
1082 520 1198 552 Nicola
1225 521 1266 552 de
1293 520 1430 558 Madiis,
1457 520 1556 552 frater
1571 518 1730 552 Clemens
1756 521 1797 552 de
1824 520 1956 554 Rivolta
1982 523 2012 553 et
2039 521 2138 553 trater

317 580 486 614 Stct'fanus
513 582 554 613 de
581 581 712 619 Varcia,
731 590 849 613 onmes
868 581 986 614 fratres
1005 582 1148 622 professi
1168 583 1255 614 dicte
1281 582 1435 620 ecclesie,
1461 582 1666 614 facientes...
1694 583 1797 622 quaxi
1825 582 1989 623 integrum
2009 584 2139 623 capitu-

318 644 428 674 lum....
454 644 484 675 si
508 644 695 675 costitaisce
716 646 926 684 procuratore
943 653 960 675 e
977 644 1114 675 31011000
1132 644 1185 675 ciel
1203 643 1369 676 Conventa
1396 644 1599 676 venerabilis
1619 645 1667 675 vir
1685 645 1843 676 dominus
1869 644 1969 676 frater
1995 644 2138 677 Heusta-

316 706 413 737 chius
439 706 480 737 dc
506 705 624 743 Nocte,
651 704 790 737 Ordinis
816 708 932 737 sancte
960 705 1133 737 Mostiollc
1150 707 1308 746 predicte,
1335 707 1365 738 in
1391 715 1433 737 11n
1459 715 1518 737 con
1545 709 1589 737 tre
1606 707 1698 737 notai
1715 706 1750 737 cli
1764 705 1916 738 Paula...
1947 706 2139 747 specialiter

318 767 359 798 ad
388 767 581 808 petendum,
597 768 802 808 exigendum
829 770 860 799 et
886 768 1162 808 consequendum
1189 768 1300 799 omnia
1328 768 1415 799 bona
1441 771 1472 799 et
1491 768 1715 808 proprietates
1733 777 1798 808 que
1816 767 1948 800 fuerunt
1966 768 2138 808 quondam

317 830 452 861 domine
479 828 662 870 Symonine
681 829 722 861 de
741 828 882 866 Porcus,
909 830 972 861 sibi
993 832 1023 861 ct
1043 830 1193 869 predicto
1212 830 1394 861 conventui
1414 830 1609 870 spectancia
1627 832 1657 861 et
1677 832 1879 870 spectantes,
1900 830 2015 871 vigore
2033 831 2138 862 dona-

318 892 426 923 cionis
452 891 541 922 aliax
570 891 656 923 tacte
683 901 742 932 per
769 892 876 932 ipsam
903 891 1072 922 dominam
1100 890 1317 932 Symoninam
1345 891 1578 931 suprascripto
1604 891 1798 922 conventui.

1042 1064 1416 1105 CCLXXVIII.
2345 1058 2347 1073 '

407 1184 600 1211 Riassunto
638 1182 732 1211 della
770 1186 938 1210 sentenza
974 1182 1206 1219 pronunciata
1242 1182 1336 1210 nella
1363 1191 1472 1211 causa
1497 1182 1590 1218 degli
1629 1182 1824 1211 Eremitani
1849 1182 1884 1210 di
1911 1182 1945 1211 S.
1973 1182 2139 1211 Barnaba

319 1237 353 1265 di
381 1236 541 1265 Brescia.

981 1331 1131 1362 1457,
1162 1338 1382 1363 naarzo9
1411 1332 1485 1356 13.

863 1429 930 1449 Arcti.
948 1428 1027 1449 Notar.
1045 1428 1066 1449 di
1084 1428 1162 1449 pavia.
1178 1439 1203 1442 —
1219 1428 1267 1449 Atti
1283 1428 1305 1449 di
1321 1428 1436 1455 Agostino
1452 1428 1610 1454 Gravanagoss

406 1588 485 1705 S
564 1605 739 1631 ΕΝΤΕΝΖΑ
772 1601 991 1641 pronunciata
1029 1600 1109 1632 dall'
1123 1600 1244 1632 arbitro
1269 1609 1286 1632 e
1311 1602 1538 1633 commissario
1575 1601 1684 1633 dottor
1719 1600 1896 1633 Gerolamo
1937 1601 2138 1642 Mangiaria‚

585 1663 673 1695 110110
698 1673 801 1695 cansa
822 1673 923 1705 per
908 1664 953 1695 σ11
976 1664 1158 1695 Ε10111110111
1181 1665 1216 1696 cii
1240 1663 1272 1696 S.
1299 1664 1457 1696 Barnaba
1483 1664 1518 1695 011
1541 1664 1687 1696 Brescia.

485 1761 549 1763 ‚A
678 1725 823 1765 Obblioa
849 1726 873 1757 il
899 1725 1065 1758 Giovanni
1089 1725 1224 1757 Berioni
1247 1735 1267 1757 a
1288 1729 1477 1767 presentare
1503 1727 1537 1758 al
1556 1729 1767 1767 procuratore
1785 1726 1876 1767 frate
1900 1727 2033 1759 Andrea
2057 1728 2069 1759 i
2092 1736 2140 1759 re-

315 1789 409 1827 wistri
433 1761 519 1819 110110
546 1789 693 1827 vestrone
718 1788 842 1819 sociale
867 1788 902 1819 a'i
928 1786 1094 1820 Giovanni
1118 1797 1134 1819 e
1161 1787 1244 1820 0101
1240 1797 1298 1828 σιο
1324 1789 1459 1821 Bertoni
1478 1798 1539 1830 per
1560 1789 1708 1820 stabilire
1725 1789 1748 1820 il
1765 1789 1886 1820 credito
1911 1789 1965 1821 del
1983 1791 2140 1821 convento

319 1859 408 1882 verso
435 1850 458 1881 il
482 1850 625 1882 Bertoni.

408 1912 554 1952 Obbliga
580 1913 603 1944 il
627 1912 762 1944 Bertoni
785 1922 805 1944 0
830 1913 981 1944 sborsare
1007 1913 1030 1944 il
1049 1922 1172 1953 prezzo
1198 1913 1285 1945 della
1321 1913 1407 1945 111010
1433 1914 1468 1945 (11
1491 1922 1556 1945 una
1589 1922 1669 1945 casa
1694 1914 1726 1945 in
1752 1913 1858 1945 Pania
1884 1914 1915 1945 in
1941 1913 2140 1946 Parrocclzia

315 1976 350 2007 (11
373 1975 405 2007 S.
436 1975 573 2015 Giorgio
599 1976 630 2006 in
657 1975 848 2013 For-norom,
874 1976 1075 2007 nominando
1096 1977 1195 2016 periti
1214 1984 1275 2016 per
1297 1976 1329 2007 la
1354 1977 1453 2007 stitna
1478 1976 1565 2007 della
1590 1978 1708 2007 stesso.

409 2037 592 2070 Condatino
618 2038 642 2069 il
666 2038 801 2069 Bertoni
835 2038 918 2070 nelle
943 2047 1038 2078 spese
1063 2039 1097 2070 cli
1120 2047 1234 2077 caasa,
1260 2038 1301 2070 eal
1325 2047 1345 2070 a
1366 2047 1495 2079 pagare
1531 2038 1646 2070 inoltre
1682 2038 1795 2070 a'acati
1830 2041 1959 2079 quattro
1993 2038 2025 2070 α’
2038 2047 2094 2070 010
2120 2047 2140 2070 α

308 2100 398 2140 frate
424 2100 551 2139 Angelo
577 2100 620 2131 da
653 2100 794 2136 Vercelli,
821 2100 879 2131 clze
904 2100 928 2131 li
951 2109 1055 2131 aveva
1081 2100 1226 2132 sborsati
1249 2101 1284 2132 al
1308 2101 1534 2133 commissario
1556 2110 1617 2142 per
1639 2101 1668 2133 le
1693 2109 1787 2142 spese
1812 2100 1899 2132 della
1925 2110 2038 2133 caasa.

1063 2284 1386 2325 CCLXXIX.

408 2393 605 2430 Quietanza
633 2394 664 2423 d'
684 2395 796 2422 affitto
821 2395 1006 2424 rilasciata
1032 2395 1076 2423 da
1103 2395 1192 2423 frate
1218 2395 1374 2423 Eusebio
1401 2395 1443 2422 de
1469 2394 1656 2430 Legieriis.

968 2516 1122 2546 1457,
1153 2523 1256 2541 1112]
1263 2516 1402 2548 agio,
1431 2516 1508 2540 31.

881 2621 957 2645 (Arcti,
975 2622 1054 2643 Notar.
1072 2622 1092 2642 di
1111 2621 1180 2642 Pavia
1197 2633 1221 2635 —
1237 2622 1284 2642 Atti
1301 2622 1322 2642 di
1339 2621 1450 2643 Giacomo
1467 2621 1573 2642 ferrari).

388 2805 509 2921 N
567 2822 656 2849 ELLA
693 2818 826 2858 bottega
851 2818 904 2850 del
927 2821 1089 2850 mercante
1128 2818 1301 2860 Gnnifotio
1338 2819 1435 2851 Basti
1458 2819 1489 2850 in
1523 2817 1719 2849 Parrocchia
1755 2817 1810 2849 dei
1844 2816 1940 2850 Santi
1974 2816 2142 2849 Damiczno

560 2883 561 2893 ³
588 2889 604 2912 0
629 2880 792 2918 Romano,
818 2879 984 2912 Dominus
1011 2881 1110 2913 frater
1136 2881 1311 2913 Euxebius
1337 2882 1378 2913 de
1397 2881 1545 2922 Legeriis
1560 2880 1744 2912 sindicus..
1749 2880 1986 2911 ,dominorum
2005 2878 2142 2918 prioris,

460 2978 536 2979 ἶ
559 2942 748 2979 Fratrum
792 2941 991 2975 Conventus
1028 2946 1058 2975 et
1096 2941 1243 2984 Capituli
1282 2943 1426 2975 ecclesie
1463 2943 1570 2974 sancti
1598 2941 1778 2983 Augustini
1817 2942 2003 2982 papiensis,
2039 2941 2143 2973 riceve

319 3004 362 3035 da
387 3005 590 3045 Ambrogi'no
619 3004 760 3037 Gliisoni
783 3005 845 3036 clue
865 3004 980 3045 fiorini
999 3014 1061 3046 per
1083 3005 1191 3046 affitto
1218 3005 1253 3037 di
1276 3014 1317 3037 an
1343 3013 1430 3036 anno
1456 3004 1572 3036 diana
1590 3012 1670 3036 casa
1699 3003 1758 3035 del
1781 3002 1948 3036 Conventa
1984 3003 2016 3034 in
2041 3001 2143 3034 Porta

320 3066 516 3104 Palacense,
542 3066 741 3098 Parroccln'a
767 3067 802 3098 di
826 3066 859 3099 S.
885 3067 1077 3108 Easaperio.
