2347 3444
1880 159 1940 189 105

215 298 311 330 Nello
335 300 441 329 stesso
466 300 573 338 tempo
598 296 746 329 cilchmra
771 297 806 328 di
828 297 965 328 rIcevere
990 295 1033 327 cta
1058 294 1200 326 Antonio
1226 293 1395 324 Preottoni
1419 295 1463 324 tre
1487 292 1601 323 sacelli
1625 292 1659 323 cli
1676 291 1850 332 fruniento,
1880 302 1938 332 pro

126 369 215 392 anno
241 360 398 400 presenti,
425 360 555 400 legatos
581 359 715 400 singulo
741 367 829 390 anno
866 358 955 389 dicto
993 356 1172 388 conventui
1199 364 1258 394 per
1283 355 1456 386 dominum
1495 354 1694 385 Nicliolaum
1721 354 1762 385 de
1790 354 1940 385 l'reotto-

128 423 228 453 nibus
253 422 331 453 olim
357 422 490 453 fratrem
517 421 595 452 dieti
623 421 748 452 domini
776 419 910 451 Antonii
938 420 968 450 in
995 420 1067 450 cius
1086 419 1294 449 testamento.

906 592 1172 633 CCLXXI.

218 702 449 731 Testamento
475 703 510 730 di
536 702 626 730 Gian
652 702 847 731 Tommaso
884 701 1058 730 Bombelli
1086 710 1105 729 a
1132 701 1253 728 favore
1290 699 1324 728 di
1362 699 1451 727 frate
1489 698 1654 726 Gabriele
1693 697 1869 725 Bombelli
1907 697 1942 725 di

129 756 163 784 S.
192 755 374 791 Agostino.

790 851 943 881 1456,
970 851 1208 880 utrumn-e,
1233 849 1285 873 O·

692 948 769 971 (Aren,
786 948 865 968 Notas.
883 947 903 967 di
922 947 998 968 l’avia⁴
1015 958 1039 960 —
1061 947 1107 967 Atti
1124 946 1145 966 di
1162 946 1279 966 Lodovico
1296 945 1363 971 Leggi
1382 962 1385 965 .

368 1220 369 1223 '
397 1234 491 1256 maso
528 1224 693 1256 Bombelli
716 1225 751 1256 αι’
777 1223 901 1261 Cremu,
940 1224 1097 1255 cittaclino
1123 1223 1157 1254 cti
1181 1223 1299 1261 Ρανία,
1329 1222 1428 1263 figlio
1454 1222 1507 1254 (tvl
1524 1222 1565 1262 su
1590 1221 1762 1261 Agostino,
1801 1229 1860 1252 con
1894 1221 1947 1251 cui

397 1288 478 1319 dicit
504 1289 534 1319 et
560 1289 765 1327 protestatur
790 1287 880 1327 quod
907 1286 985 1317 dare
1012 1286 1112 1316 debet
1130 1285 1267 1316 domino
1285 1284 1374 1316 tratri
1394 1283 1554 1324 Rapliaeli
1574 1283 1615 1314 de
1635 1282 1774 1323 Rapallo
1808 1281 1946 1314 Ordinis

129 1351 236 1382 sancti
275 1349 457 1390 Augu-tini
495 1350 643 1380 florenos
679 1349 924 1389 quinquaginta
958 1350 1067 1379 tres...
1094 1347 1135 1378 de
1160 1349 1192 1379 et
1217 1356 1278 1387 pro
1303 1347 1429 1387 quibus
1455 1346 1531 1377 fecit
1557 1345 1665 1377 eidem
1692 1345 1829 1376 domino
1855 1344 1944 1375 fratri

193 1150 315 1266 N
368 1137 466 1219 :ELLA
491 1171 571 1194 casa
596 1163 650 1195 del
673 1165 826 1194 testatore
851 1164 881 1194 ιἰι
903 1162 1098 1203 parroccltt‘a
1123 1162 1158 1193 cti
1182 1161 1214 1193 S.
1241 1161 1403 1192 Ιηνεηῑίο.
1435 1160 1643 1190 Testamento
1669 1159 1703 1190 cti
1729 1157 1815 1190 Glari
1847 1157 1943 1188 Tom-

368 1251 370 1276 l

131 1412 293 1453 Raphaeli
320 1412 569 1453 obligacionem
596 1421 655 1452 per
681 1412 946 1447 instrumentum,
972 1420 988 1441 e
1013 1419 1052 1441 ne
1078 1410 1192 1441 ordina
1217 1410 1241 1441 il
1259 1411 1472 1450 pagamento.
1511 1407 1657 1440 Stabiliti
1691 1407 1806 1447 quincti
1837 1406 1947 1438 alcuni

129 1475 240 1515 legati,
268 1476 299 1506 in
326 1475 485 1505 omnibus
510 1476 620 1505 autem
646 1473 721 1505 aliis
747 1473 819 1504 suis
845 1473 943 1504 bonis
970 1472 1152 1503 mobilibus
1177 1474 1207 1503 et
1234 1471 1507 1502 immobilibus...
1534 1470 1620 1501 idem
1648 1472 1787 1501 testator
1805 1469 1947 1500 instituit

130 1538 195 1569 sibi
223 1537 380 1568 heredem
408 1536 632 1567 universalem
660 1536 832 1566 dominum
860 1535 992 1566 fratrem
1019 1533 1211 1566 Gabrielem
1236 1534 1277 1565 de
1305 1533 1489 1564 Bombellis
1515 1533 1588 1564 eius
1614 1532 1784 1563 testatoris
1814 1531 1946 1562 fratrem

129 1600 378 1640 presentialiter
402 1600 663 1630 commorantem
691 1598 722 1629 in
749 1600 915 1629 conventu
942 1597 1048 1629 sancti
1076 1596 1255 1637 Augustini
1272 1595 1387 1636 Papie‚
1405 1604 1479 1627 eum
1499 1604 1554 1626 ore
1574 1594 1710 1634 proprio
1730 1593 1945 1630 nominando,

130 1671 205 1694 cum
232 1671 332 1693 onere
358 1661 553 1693 attendendi
579 1663 611 1692 et
633 1660 838 1701 adimplendi
866 1662 897 1691 et
922 1659 1127 1691 observandi
1154 1659 1265 1689 onmia
1283 1660 1315 1689 et
1333 1658 1465 1698 singula
1491 1657 1721 1697 suprascripta
1748 1656 1866 1696 legata,
1886 1657 1947 1686 ete.

892 1833 1185 1874 CCLXXII.

221 1972 327 2000 Frate
353 1971 537 1999 Gualtiero
563 1970 660 1999 Corti
685 1970 832 1998 rilascia
858 1969 1044 2006 quietanza
1071 1968 1103 1996 d’
1121 1968 1245 1996 affitto.

786 2074 932 2105 1450,
958 2074 1192 2102 ‹nunu-e,
1219 2072 1293 2096 19.

692 2172 769 2193 <Ascli¹
787 2171 866 2192 Notar.
884 2171 905 2191 ‹li
923 2170 1000 2191 F'avia⁴
1018 2181 1042 2183 —
1058 2170 1105 2190 Ani
1122 2169 1143 2189 di
1160 2169 1271 2190 Giacomo
1287 2168 1374 2189 Ferrari
1392 2185 1396 2188 .

244 2368 292 2484 I
381 2387 404 2413 Ν
429 2390 509 2413 casa
534 2381 587 2412 del
602 2380 769 2412 causidico
787 2378 861 2410 Ant.
880 2377 1056 2413 Preottoni,
1075 2385 1095 2407 a
1113 2375 1214 2407 Porta
1233 2375 1411 2411 Lanciense,
1431 2373 1629 2405 Parroccln'n
1648 2373 1682 2405 cti
1698 2372 1730 2405 S.
1756 2373 1836 2404 Vito.
1856 2373 1952 2404 Frate

155 2464 157 2496 Ι
375 2459 376 2485 l
404 2442 599 2476 Gualterius
625 2441 666 2472 de
691 2439 803 2477 Curte,
829 2448 919 2471 come
944 2438 1080 2470 sinciaco
1106 2438 1140 2469 cii
1164 2436 1197 2469 S.
1222 2439 1393 2477 Agostino,
1420 2438 1523 2468 riceve
1536 2436 1579 2468 cla
1605 2436 1784 2475 Ambmgio
1813 2434 1955 2474 Ghisolsi

155 2502 227 2542 (We
259 2495 377 2545 W'l
398 2505 514 2546 fiorini
536 2504 599 2536 due
619 2512 682 2544 per
703 2502 811 2543 affitto
830 2502 864 2533 cti
880 2510 921 2532 un
940 2509 1026 2532 antio
1052 2500 1175 2540 spirato
1194 2500 1228 2531 al
1245 2499 1277 2532 S.
1297 2500 1439 2531 Martino
1465 2499 1500 2530 cti
1522 2507 1587 2529 una
1613 2506 1693 2529 casa
1711 2498 1742 2529 in
1761 2496 1862 2528 Porta
1887 2496 1955 2528 Ρα-

140 2568 278 2604 lacense,
306 2567 505 2600 Parroccln'a
530 2567 565 2598 cti
590 2565 622 2599 S.
649 2565 841 2606 Eusaperz'o,
867 2563 925 2595 ctze
950 2562 1141 2603 appamene
1166 2562 1199 2593 a!
1226 2561 1392 2594 Convento
1411 2561 1506 2592 titulo
1523 2560 1716 2592 donationis
1734 2561 1765 2591 et
1787 2559 1954 2591 cessionis

141 2630 252 2662 habite
277 2639 295 2662 a
320 2630 456 2662 domina
483 2629 635 2661 Katelina
660 2628 701 2660 de
727 2627 890 2659 Becliaria
917 2625 1030 2656 relicta
1056 2625 1225 2664 quondam
1253 2624 1376 2655 nobilis
1403 2623 1462 2655 viri
1489 2622 1615 2654 domini
1642 2621 1800 2653 Iohannis
1825 2621 1953 2652 Marchi

141 2693 182 2724 de
209 2692 406 2724 Fiambertis
424 2690 484 2731 (l).

200 2860 231 2883 tl>
245 2859 301 2880 Vedi
317 2859 368 2880 doc.
385 2864 405 2879 n.
422 2858 537 2880 CCXLlll.

1931 3077 1953 3095 14
