2347 3444
228 335 321 364 extra
348 340 462 362 muros
488 329 601 371 papie,
628 330 865 371 requirentium
892 331 1056 370 oportune
1083 327 1250 369 provideri
1278 326 1399 357 debere
1426 328 1459 357 ut
1496 325 1623 356 oblatio
1649 326 1824 365 generalis,
1851 335 1915 365 que
1942 326 2039 356 solita

228 397 278 426 est
304 395 371 426 fieri
399 395 462 425 iam
489 393 602 425 multis
626 393 724 424 annis
749 392 876 432 elapsis
901 392 942 423 ad
971 392 1077 432 ipsam
1104 390 1291 426 ecclesiam,
1317 388 1383 425 fiat,
1421 396 1534 418 eorum
1570 388 1785 427 requisicioni
1812 396 1957 418 annuere
1985 396 2043 418 vo-

230 458 345 493 lentes,
371 457 589 497 providerunt
614 458 645 486 et
671 455 848 495 provident
875 454 966 494 quod
994 454 1067 493 ipsa
1093 452 1219 483 oblatio
1246 451 1301 482 siat
1326 450 1367 481 ad
1394 450 1622 480 omnimodam
1649 458 1762 480 eorum
1790 449 2040 488 requisitionem

229 522 259 550 et
285 520 364 550 fiant
391 519 594 559 proclamata
620 519 811 558 opportuna
837 519 868 548 et
892 517 990 547 etiam
1017 515 1072 546 t'iat
1099 514 1222 545 bulleta
1260 513 1440 544 solutionis
1467 521 1526 552 pro
1554 511 1701 551 predicta
1728 511 1904 541 oblacione
1934 511 2042 542 fienda

229 582 270 612 de
295 581 431 611 florenis
458 581 582 616 decem,
609 582 706 620 prout
731 588 819 610 anno
847 578 1002 619 preterito
1028 579 1058 608 et
1084 577 1181 607 etiam
1209 575 1284 607 aliis
1311 574 1475 615 preteritis
1501 573 1587 604 tacta
1614 572 1685 604 tuit.

1047 768 1256 808 DXLV.

320 881 525 910 Donazione
552 881 645 908 della
670 880 748 910 nob.
776 880 975 907 Elisabetta
1002 878 1164 906 Bandelli
1190 887 1207 906 e
1234 877 1289 905 del
1316 877 1395 905 nob.
1424 876 1622 904 Franeesco
1649 874 1771 909 Giorgi
1797 883 1816 902 a
1836 874 1870 902 S.
1899 874 2022 902 Paolo.

892 1003 909 1026 1
918 1002 1030 1025 400
1041 1017 1054 1031 ,
1089 1008 1193 1025 1125)
1202 1007 1308 1031 uzo,
1341 1001 1393 1024 8.

734 1090 801 1113 (Arcli
828 1090 907 1109 Notar.
934 1089 954 1109 di
973 1089 1041 1109 l'avia
1060 1100 1081 1102 —
1099 1089 1145 1109 Atti
1163 1089 1183 1108 di
1201 1089 1313 1109 Giovnnni
1331 1088 1408 1108 l'ietro
1426 1087 1545 1111 lmodelli).

251 1242 252 1280 l

251 1309 252 1345 i
341 1287 389 1403 I
482 1304 505 1330 N
530 1298 733 1329 monasterio
760 1297 864 1327 sancti
893 1295 998 1332 Pauli,
1025 1295 1162 1327 Ordinis
1190 1295 1476 1325 Heremitanorum
1515 1293 1619 1324 sancti
1659 1292 1837 1333 Augustini
1864 1292 1904 1322 de
1930 1290 2056 1323 Obser-

504 1361 634 1397 vancia,
661 1360 713 1391 siti
741 1361 834 1390 extra
860 1361 890 1389 et
917 1367 1020 1399 prope
1049 1357 1181 1388 Portam
1209 1360 1321 1388 sancte
1349 1357 1454 1387 Marie
1482 1357 1511 1387 in
1541 1355 1668 1387 Pertica
1696 1354 1809 1395 papie,
1841 1354 1995 1385 videlicet
2021 1354 2051 1384 in

325 1461 346 1462 ⁷⁷
421 1460 469 1461 „W
505 1423 657 1455 sacristia
683 1422 903 1462 suprascripti
931 1421 1134 1451 monasterii.
1161 1420 1275 1460 lbique
1302 1420 1332 1450 in
1360 1420 1526 1459 presentia
1554 1419 1615 1449 mei
1643 1418 1760 1448 notarii
1791 1420 1822 1448 et
1848 1418 1980 1448 testium
2008 1417 2056 1447 in-

236 1488 501 1528 frascriptorum,
528 1494 587 1516 nec
614 1494 679 1516 non
706 1487 735 1515 et
762 1485 792 1515 in
821 1484 994 1524 presencia
1020 1483 1143 1523 egregii
1170 1485 1199 1513 et
1227 1483 1401 1522 prudentis
1428 1482 1487 1512 viri
1515 1481 1640 1511 domini
1680 1480 1815 1511 Antonii
1853 1478 2054 1511 Cliristofori

239 1551 279 1582 de
306 1549 417 1587 Curte,
443 1549 501 1580 filii
528 1548 700 1588 quondam
728 1547 854 1578 domini
883 1546 1021 1582 Nlatliei,
1047 1544 1210 1577 Consulis
1236 1545 1367 1576 lusticie
1405 1542 1569 1576 Comunis
1603 1543 1689 1574 dicte
1715 1543 1862 1573 civitatis
1888 1541 1990 1582 Papie
2027 1544 2057 1572 et

239 1613 490 1644 iurisdicionem
517 1611 720 1641 ordinariam
748 1609 903 1640 habentis
929 1611 959 1639 et
984 1608 1167 1638 obtinentis
1195 1609 1224 1638 in
1253 1608 1325 1647 ipsa
1351 1608 1485 1638 civitate
1511 1607 1652 1645 eiusque
1682 1605 1852 1641 comitatu,
1872 1604 2055 1635 secundum

238 1675 379 1706 formam
407 1676 606 1705 statutorum
633 1674 663 1703 et
689 1672 843 1703 ordinum
870 1670 1035 1703 Comunis
1062 1671 1147 1701 dicte
1173 1670 1319 1701 civitatis
1346 1669 1460 1709 Papte,
1487 1668 1636 1699 sedentis
1663 1667 1785 1698 ibidem
1813 1675 1873 1706 pro
1900 1665 2057 1696 tribunali

240 1746 341 1778 super
367 1737 514 1777 quodam
542 1736 674 1766 bancho
701 1735 813 1775 posito
840 1734 870 1764 in
898 1734 1129 1774 suprascripto
1157 1733 1240 1769 loco,
1267 1732 1358 1772 quod
1390 1732 1555 1763 banclium
1575 1732 1605 1761 et
1624 1738 1722 1770 quem
1743 1729 1850 1760 locum
1882 1729 1954 1768 ipse
1985 1737 2058 1768 pre—

240 1799 349 1831 factus
375 1799 533 1830 dominus
559 1796 688 1830 Consul
716 1806 776 1837 pro
802 1805 864 1827 suo
892 1796 1032 1827 iuridico
1058 1795 1214 1826 tribunali
1242 1796 1272 1825 et
1298 1794 1371 1825 loco
1399 1794 1520 1824 idoneo
1546 1793 1588 1824 ad
1616 1793 1702 1823 bunc
1727 1793 1836 1822 actum
1871 1790 2060 1830 specialiter

241 1861 468 1902 peragendum
495 1860 606 1901 ellegit
631 1861 662 1890 et
687 1859 809 1899 elligit,
836 1867 1000 1898 suamque
1027 1859 1057 1888 et
1084 1856 1248 1889 Comunis
1276 1856 1377 1896 Papie
1414 1856 1644 1887 auctoritatem
1684 1854 1805 1894 pariter
1830 1855 1861 1884 et
1887 1853 2054 1883 decretum

242 1924 272 1954 in
314 1923 473 1954 omnibus
513 1924 544 1953 et
585 1922 729 1962 singulis
771 1920 1016 1961 infrascriptis,
1056 1929 1130 1950 cum
1173 1919 1270 1959 plena
1310 1921 1340 1949 et
1383 1920 1509 1949 matura
1549 1925 1650 1948 cause
1691 1915 1910 1956 cognicione‚
1952 1923 1989 1945 ac
2026 1923 2058 1945 re

243 1987 273 2016 et
300 1985 452 2025 negocio,
479 1985 519 2015 de
546 1983 671 2024 quibus
698 1983 792 2020 infra,
820 1992 877 2023 per
903 1983 996 2023 prius
1027 1982 1110 2012 bene
1128 1984 1158 2012 et
1177 1981 1351 2022 diligenter
1379 1980 1523 2020 cognitis
1552 1981 1582 2010 et
1612 1978 1800 2014 discussis,
1838 1977 1950 2007 debita
1988 1985 2061 2016 pre-

240 2048 378 2079 cedente
405 2047 648 2083 insinuacione‚
675 2046 804 2083 dantis,
832 2045 1035 2085 prestantis,
1075 2044 1246 2084 largientis
1283 2046 1313 2074 et
1352 2042 1595 2082 interponentis
1624 2049 1661 2071 ac
1689 2040 1888 2075 insinuatis,
1927 2038 2060 2069 Nobilis

242 2111 378 2141 domina
405 2109 535 2141 lsabeta
562 2109 602 2140 de
630 2108 801 2145 Bandelis,
827 2107 894 2138 filia
921 2107 1092 2147 quondam
1131 2106 1327 2146 spectabilis
1364 2105 1423 2135 viri
1463 2104 1589 2135 domini
1628 2102 1793 2133 Francisci
1824 2103 1854 2132 et
1880 2110 1965 2131 uxor
2002 2110 2060 2131 no-

242 2173 319 2204 bilis
346 2173 405 2204 viri
434 2172 559 2203 domini
587 2171 742 2203 Bassiani
770 2171 810 2201 de
837 2169 1012 2211 Georgiis,
1039 2169 1095 2200 tilii
1123 2169 1292 2209 quondam
1320 2167 1516 2208 spectabilis
1542 2166 1602 2196 viri
1630 2165 1755 2196 domini
1785 2163 1882 2201 Petri,
1909 2166 1939 2194 et
1966 2172 2060 2194 soror

245 2244 282 2266 ac
309 2235 405 2266 heres
430 2234 473 2265 ab
500 2235 668 2272 intestato,
696 2242 755 2274 pro
783 2242 847 2264 una
874 2232 1012 2263 dimidia
1040 2232 1210 2271 quondam
1249 2230 1372 2261 nobilis
1414 2229 1566 2260 Hectoris
1593 2229 1632 2259 de
1660 2227 1842 2264 Bandellis,
1880 2226 1958 2256 olim
2001 2225 2057 2256 tilii

244 2297 415 2337 quondam
441 2299 472 2328 et
499 2296 632 2327 heredis
658 2295 860 2327 universalis
887 2294 1004 2335 prefati
1032 2294 1202 2334 quondam
1230 2293 1355 2324 domini
1384 2291 1549 2323 Francisci
1576 2293 1606 2321 et
1632 2290 1742 2321 fratris
1780 2290 1888 2329 ipsius
1925 2289 2059 2319 domine

244 2359 384 2397 lsabete,
410 2368 483 2390 cum
511 2359 696 2399 presencia,
723 2358 870 2395 licencia,
898 2357 1059 2398 parabola
1085 2359 1115 2387 et
1139 2364 1307 2387 consensu
1334 2353 1553 2394 suprascripti
1573 2353 1699 2384 domini
1727 2351 1882 2383 Bassiani
1901 2351 1973 2382 eius
1992 2359 2060 2381 ma-

243 2423 305 2459 riti,
333 2431 392 2453 nec
419 2431 484 2452 non
511 2423 543 2453 et
568 2430 641 2452 cum
670 2421 854 2461 presencia,
882 2420 1024 2457 licentia,
1052 2418 1212 2459 parabola
1238 2419 1268 2448 et
1294 2425 1461 2448 consensu
1500 2415 1680 2446 venerandi
1719 2414 1845 2445 domini
1884 2413 2057 2453 presbiteri

244 2484 346 2516 Blasii
374 2484 414 2515 de
441 2484 674 2525 Ligamuscliis
700 2484 838 2515 rectoris
863 2483 1003 2514 ecclesie
1029 2482 1133 2513 sancti
1161 2479 1245 2512 Sixti
1274 2479 1388 2519 Papie,
1415 2479 1454 2509 de
1480 2478 1576 2509 cuius
1614 2477 1771 2517 parochia
1802 2478 1851 2507 est
1889 2476 1963 2516 ipsa
2001 2475 2061 2506 do-

244 2547 331 2578 mina
359 2546 499 2585 lsabeta,
526 2548 556 2577 et
582 2546 707 2577 nobilis
734 2546 793 2576 viri
821 2545 947 2576 domini
975 2544 1125 2576 Viscardi
1153 2543 1193 2573 de
1219 2541 1459 2577 Canevanova,
1486 2540 1542 2570 tilii
1569 2539 1740 2579 quondam
1779 2538 1905 2569 domini
1944 2536 2058 2573 Alesii,

242 2609 416 2640 amborum
459 2610 644 2640 vicinorum
685 2608 836 2639 eiusdem
880 2610 972 2648 porte
1013 2608 1043 2637 et
1085 2605 1242 2646 parochie
1284 2603 1511 2643 suprascripte
1553 2602 1686 2632 domine
1736 2600 1885 2637 lsabete,
1927 2599 2060 2630 adhibi-

243 2674 350 2703 torum
377 2673 407 2702 et
433 2673 627 2702 vocatorum
656 2671 729 2702 loco
756 2671 897 2701 duorum
925 2671 1098 2710 parentum
1125 2670 1155 2698 et
1180 2666 1394 2697 attinencium
1423 2665 1531 2705 ipsius
1571 2663 1706 2694 domine
1744 2662 1893 2699 lsabete‚
1935 2661 2060 2701 quibus

245 2735 318 2774 ipsa
358 2734 437 2765 dicit
476 2742 586 2764 carere
623 2733 665 2764 ad
703 2741 843 2773 presens
868 2734 898 2763 et
925 2740 989 2762 non
1033 2730 1131 2761 nabet
1170 2730 1200 2759 in
1238 2728 1371 2759 civitate
1414 2725 1516 2766 Papie
1553 2728 1583 2756 et
1621 2726 1676 2765 qui
1719 2726 1858 2765 possent
1899 2724 2058 2754 interesse

245 2797 320 2827 huic
360 2796 566 2834 contractui,
615 2796 787 2826 hominum
826 2795 912 2825 bone
951 2794 1067 2829 vocis,
1104 2791 1315 2823 condicionis
1352 2792 1383 2820 et
1420 2788 1528 2825 fame,
1574 2788 1736 2819 maiorum
1775 2788 1860 2818 etate
1897 2794 2058 2816 annorum

245 2859 515 2899 vigintiquinque
541 2867 601 2898 pro
628 2860 769 2897 utroque
796 2857 957 2897 ipsorum,
984 2857 1081 2896 prout
1099 2863 1139 2885 ex
1159 2861 1272 2884 eorum
1299 2851 1494 2892 aspectibus
1519 2850 1691 2890 corporeis
1717 2849 1888 2880 evidenter
1919 2850 2057 2887 apparet

244 2923 274 2951 et
301 2921 364 2960 ipsi
391 2921 434 2951 ita
459 2919 530 2951 fore
556 2929 670 2951 verum
697 2920 821 2957 dicunt,
847 2918 1063 2954 confitentur,
1090 2917 1315 2956 protestantur
1340 2916 1370 2944 et
1397 2914 1504 2944 iurant
1530 2912 1571 2944 ad
1602 2914 1716 2943 sancta
1754 2910 1814 2941 Dei
1852 2909 2056 2949 Evangelia.

245 2983 401 3014 manibus
426 2991 539 3014 eorum
565 2982 783 3022 corporaliter
808 2981 904 3012 tactis
931 2979 1115 3020 scripturis,
1143 2978 1172 3008 in
1200 2976 1355 3008 manibus
1381 2975 1499 3016 prefati
1526 2975 1651 3006 domini
1678 2972 1840 3006 Consulis
1857 2972 1983 3003 eisdem
2010 2971 2059 3001 di-

245 3047 333 3076 ctum
360 3045 580 3076 iuramentum
606 3044 808 3081 defferentis,
834 3043 982 3074 omnium
1011 3042 1053 3072 ibi
1082 3040 1290 3081 presencium
1317 3040 1347 3069 et
1373 3047 1487 3069 eorum
1515 3037 1733 3077 presenciam,
1753 3035 1936 3071 licenciam,
1963 3041 2058 3074 para—
