2347 3444
1936 174 1994 205 177

915 356 1247 397 CCCLXXV.

271 465 441 501 Religiosi
468 466 693 501 Agostiniani
718 466 897 502 promossi
924 465 994 501 agli
1020 465 1142 494 Ordini
1170 465 1281 493 Sacri.

827 578 982 609 1473,
1012 584 1232 609 rnlztrzo,
1253 578 1329 603 1:30

729 666 806 688 (Areli.
824 666 903 687 Notar.
920 666 941 686 di
960 666 1036 686 Pavia.
1054 678 1077 679 j
1094 666 1141 686 Atti
1157 666 1178 686 di
1196 666 1273 686 Pietro
1289 665 1440 688 Monibreto).

247 847 358 965 O
424 866 602 894 RDlNATlO
628 863 795 903 generalis
821 872 878 903 per
904 864 1123 895 reverendum
1150 863 1322 894 dominum
1349 863 1556 904 Episcopum
1583 862 1809 895 Bericensem.

194 917 196 955 l
416 933 417 947 ¹
602 923 651 955 Ad
679 925 818 964 primam
845 927 1039 956 tonsuram:

194 957 216 1021 l-
490 986 603 1018 Frater
628 986 786 1019 Albertus
811 988 852 1019 de
878 987 1040 1025 Belbello⁷
1067 988 1172 1019 sancti
1200 987 1424 1029 Augustini...

334 1046 384 1078 Ad
411 1048 716 1079 subdiaconatum:

222 1108 335 1140 Frater
361 1108 591 1141 Bertolameus
617 1110 658 1141 de
685 1110 842 1148 Novaria,
869 1114 983 1143 sancte
1010 1112 1181 1143 Mustiole.

333 1170 383 1202 Ad
411 1172 647 1203 diaconatum:

222 1224 334 1256 Frater
359 1224 571 1265 Augustinus
598 1225 638 1256 de
665 1225 781 1263 Beato,
808 1229 923 1258 sancte
949 1227 1120 1259 Mustiole.

900 1374 1259 1415 CCCLXXVI.

265 1482 292 1510 11
319 1482 442 1510 Priore
469 1482 641 1510 Generale
679 1483 767 1511 frate
805 1484 976 1512 Giacomo
1013 1484 1180 1520 d'Aquila
1217 1492 1373 1520 approva
1411 1483 1607 1512 l'elezione
1633 1484 1667 1512 di
1694 1484 1783 1512 frate
1817 1484 1988 1512 Giacomo

176 1536 367 1572 Campeggi
394 1544 413 1563 a
440 1536 665 1564 Provinciale
692 1537 726 1564 di
752 1537 977 1568 Lombardia,

849 1632 997 1665 1473,
1026 1633 1262 1664 gitugl109
1290 1633 1343 1657 9.

690 1720 766 1744 (Aren,
784 1721 863 1741 Notas,
881 1721 901 1741 di
919 1721 996 1741 Paviar
1014 1732 1037 1734 Λ
1054 1721 1100 1742 Atti
1117 1721 1138 1741 di
1155 1720 1278 1742 Guniforto
1294 1720 1468 1746 strazzapatti).

188 1873 191 1949 Ι
256 1903 343 2020 F
417 1922 537 1951 RATER
563 1918 704 1950 lacobus
729 1918 770 1950 de
797 1917 929 1958 Aquila,
954 1928 1048 1950 sacre
1085 1919 1252 1959 theologie
1290 1919 1473 1959 professor,
1512 1919 1606 1951 Prior
1642 1918 1817 1951 Generalis
1844 1919 1982 1952 Ordinis

188 1955 190 2034 y
438 1981 574 2012 fratrum
604 1980 845 2012 Heremitarum
873 1981 978 2012 sancti
999 1980 1178 2021 Augustini
1199 1981 1274 2012 licet
1293 1981 1487 2019 immeritus,
1507 1981 1690 2012 venerabili
1710 1982 1782 2012 viro
1801 1982 1831 2012 in
1851 1979 1987 2013 Christo

188 2040 189 2080 l
438 2043 561 2074 dilecto
588 2043 748 2083 magistro
774 2043 910 2074 Iohanni
938 2044 978 2074 de
1006 2041 1196 2083 Campesis,
1224 2042 1425 2074 Provinciali
1452 2042 1631 2075 Provincie
1671 2044 1777 2075 sancti
1805 2043 1984 2084 Augustini

173 2105 324 2136 eiusdem
350 2104 499 2143 Ordinis,
525 2106 666 2137 salutem
694 2106 724 2136 in
752 2105 897 2137 Domino
923 2106 1170 2146 sempiternam.

262 2166 468 2199 Electionem
494 2170 583 2199 tuam
612 2168 801 2200 unanimem
828 2170 858 2199 et
884 2169 1080 2199 canonicam
1107 2168 1148 2199 ad
1175 2167 1444 2199 Provincialatus
1481 2168 1640 2203 officium,
1669 2177 1732 2199 una
1760 2178 1834 2200 cum
1860 2168 1985 2199 diffini-

172 2229 321 2261 tionibus
347 2232 378 2262 et
404 2231 684 2270 promotionibus,
710 2232 929 2271 acceptamus
954 2233 985 2261 et
1010 2231 1241 2270 approbamus
1278 2232 1309 2261 et
1346 2233 1460 2261 tenore
1497 2231 1702 2270 presentium
1736 2231 1983 2262 confirmamus.

173 2290 272 2329 Quod
298 2292 445 2324 officium
472 2294 505 2324 ut
530 2292 752 2324 favorabilius
778 2293 979 2333 pleniusque
1013 2302 1169 2324 exercere
1207 2293 1332 2333 possis,
1370 2292 1600 2333 infrascriptas
1637 2293 1762 2333 gratias
1787 2294 1845 2325 tibi
1873 2293 1986 2325 confe-

174 2354 288 2392 rimus,
315 2354 492 2386 videlicet:
518 2356 645 2395 septies
672 2356 839 2387 universis
865 2355 1011 2386 subditis
1049 2364 1152 2395 super
1177 2355 1306 2386 macula
1345 2355 1597 2395 irregularitatis
1624 2356 1654 2386 in
1681 2356 1820 2387 casibus
1853 2356 1894 2387 ad
1922 2365 1984 2387 nos

174 2417 419 2457 pertinentibus
445 2418 645 2458 dispensare
672 2418 806 2455 valeas;
832 2417 949 2449 fratres
975 2426 1221 2457 quoscumque,
1247 2418 1319 2448 sive
1346 2416 1479 2449 Priores
1497 2418 1570 2449 sive
1585 2418 1830 2458 cuiuscumque
1848 2418 1985 2450 alterius

172 2479 309 2519 gradus,
335 2480 362 2510 si
389 2488 477 2520 opus
502 2479 610 2517 fuerit,
637 2480 784 2517 visitare,
811 2480 999 2517 emendare,
1026 2479 1256 2519 penitentiare,
1282 2480 1586 2517 excommunicare,
1623 2480 1802 2511 absolvere
1839 2481 1936 2512 etiam
1963 2490 1981 2512 a

173 2541 310 2572 crimine
335 2542 518 2582 apostasie‚
544 2544 674 2582 septem
700 2544 875 2582 apostatas
901 2542 1065 2581 accipere,
1092 2542 1275 2572 iuramenta
1302 2543 1462 2581 prestare,
1489 2542 1649 2573 vicarium
1678 2551 1779 2573 unum
1799 2543 1850 2574 vel
1871 2543 1984 2583 plures

173 2603 200 2635 si
226 2612 313 2644 opus
337 2603 444 2641 fuerit,
481 2605 664 2642 instituere,
691 2603 824 2635 Priores
861 2604 1031 2635 demeritis
1057 2603 1319 2643 precedentibus
1357 2603 1498 2643 privare,
1536 2603 1577 2635 de
1611 2613 1700 2635 novo
1738 2605 1920 2643 instituere,
1947 2607 1984 2637 li-

173 2665 315 2697 centiam
342 2666 509 2697 vendendi
536 2668 567 2698 et
592 2666 819 2698 commutandi
848 2666 878 2696 in
906 2665 1078 2696 utilitatem
1106 2667 1332 2696 conventuum
1372 2665 1460 2697 bona
1498 2665 1680 2697 immobilia
1707 2667 1858 2706 prebere,
1884 2669 1984 2699 ratio-

174 2727 275 2758 nabili
313 2736 416 2759 causa
453 2728 670 2765 subsistente,
708 2728 874 2759 licentiam
913 2736 1029 2758 sacros
1066 2727 1202 2758 ordines
1239 2727 1445 2767 suscipiendi
1484 2736 1719 2768 quoscumque
1756 2729 1917 2761 conferre.
1945 2730 1983 2761 Et

172 2790 307 2821 tandem
333 2790 391 2821 tibi
417 2791 636 2822 concedimus
673 2791 784 2822 omnia
810 2793 841 2822 et
867 2789 1010 2830 singula,
1048 2798 1112 2829 que
1138 2789 1183 2820 tui
1211 2789 1483 2829 predecessores,
1519 2791 1601 2822 ultra
1628 2791 1685 2822 tibi
1713 2792 1869 2831 superius
1903 2802 1983 2823 con-

173 2860 281 2887 cessa,
318 2853 406 2884 soliti
444 2855 521 2884 sunt
559 2853 668 2884 facere
694 2856 724 2884 et
751 2853 884 2889 habere,
912 2853 941 2883 in
976 2851 1118 2882 Nomine
1156 2850 1264 2882 Patris
1298 2854 1328 2883 et
1365 2851 1436 2883 Filii
1463 2854 1493 2884 et
1519 2851 1664 2893 Spiritus
1701 2852 1827 2892 Sancti,
1866 2853 1980 2886 Amen.

172 2913 401 2955 Precipientes
426 2916 584 2947 omnibus
609 2917 640 2947 et
666 2916 808 2956 singulis
835 2915 986 2953 patribus
1012 2916 1043 2945 et
1068 2913 1238 2951 fratribus,
1264 2914 1433 2954 prioribus
1459 2917 1490 2946 et
1509 2924 1573 2946 non
1600 2916 1781 2955 prioribus,
1807 2917 1981 2956 graduatis

171 2978 201 3008 et
227 2986 292 3007 non
318 2977 502 3018 graduatis,
539 2978 625 3009 dicte
662 2978 839 3018 provintie,
866 2978 896 3007 in
924 2976 1074 3007 meritum
1113 2977 1227 3007 sancte
1261 2976 1451 3008 obedientie
1478 2980 1508 3008 et
1534 2978 1597 3009 sub
1623 2987 1710 3018 pena
1737 2980 1848 3009 nostre
1875 2979 1982 3010 rebel-

171 3039 281 3077 lionis,
307 3042 475 3079 quatenus
501 3041 558 3071 tibi
586 3042 755 3080 tamquam
784 3040 881 3071 nobis
908 3039 1077 3070 obediant.
1106 3038 1343 3070 lnobedientes
1361 3048 1441 3070 vero
1460 3041 1491 3070 et
1510 3039 1651 3071 rebelles
1670 3041 1978 3080 supraiwniinatain

1951 3108 1977 3128 22
