2347 3444
332 214 396 246 290

333 349 480 388 ipsorum
509 349 617 389 ipsum
646 349 865 379 iuramentum
893 347 1072 379 deferentis
1098 350 1128 378 et
1155 347 1345 387 prestantis,
1372 346 1463 386 quod
1490 346 1530 376 de
1555 348 1664 376 cetero
1701 346 1790 376 omni
1817 348 1964 386 ternpore
1990 349 2020 376 et
2045 354 2143 382 casu,

333 411 396 450 ipsi
423 410 540 442 fratres
568 410 788 451 Augustinus,
815 410 1008 444 ieronimus,
1036 409 1160 445 Ratael‚
1188 408 1298 440 David
1324 417 1361 439 ac
1389 408 1586 439 Laurentius
1612 408 1651 438 de
1678 406 1880 438 Brochardis
1916 410 2010 438 erunt
2043 408 2147 439 hobe-

333 473 462 504 dientes
487 476 517 504 et
544 473 660 504 fideles
688 472 816 513 prefato
843 473 980 503 domino
1007 470 1160 502 Generali
1188 479 1225 501 ac
1253 471 1315 510 ipsi
1343 470 1480 500 domino
1511 469 1642 500 Vicario
1668 472 1698 500 et
1723 470 1922 509 cuicumque
1942 468 2046 500 Priori
2067 470 2144 501 dicti

334 536 524 566 monasterii
551 538 581 566 et
608 535 864 566 suecessoribus
890 535 971 567 suis.
998 538 1028 564 et
1054 534 1142 564 dicto
1170 532 1384 566 monasterio,
1410 535 1441 562 et
1467 532 1558 571 quod
1585 532 1699 563 vivent
1725 532 1797 563 sine
1824 519 1970 572 proprio.
1998 531 2035 563 Et
2054 532 2144 572 quod

334 607 515 638 numquam
542 601 636 628 erunt
663 598 692 628 in
720 597 892 630 conscilio,
919 605 1029 636 opere.
1058 604 1115 626 nec
1142 597 1280 625 tractatu
1309 594 1363 625 ubi
1403 594 1509 624 honor
1539 594 1642 634 patris
1667 596 1697 625 et
1724 594 1812 625 bona
1838 594 1915 625 dicti
1954 594 2145 625 monasterii

332 669 369 691 ac
396 659 571 692 Generalis
597 663 626 690 et
654 658 778 690 prioris
803 662 833 689 et
862 657 1008 688 Fratrum
1046 656 1196 687 eiusdem
1236 656 1427 687 monasterii
1456 656 1637 696 perdantur
1662 664 1720 687 seu
1748 656 1975 687 diminuantur
2002 656 2052 687 vel
2080 656 2144 687 ledi

334 723 466 762 possint
493 722 592 752 modo
619 721 732 760 aliquo
760 720 809 751 vel
837 728 928 755 casu,
954 722 984 750 et
1011 719 1037 749 si
1058 718 1137 749 illud
1165 718 1322 749 sciverint
1342 727 1401 758 pro
1421 727 1522 758 posse
1541 727 1604 749 suo
1623 718 1842 749 notificabunt
1867 720 1898 749 et
1924 718 2149 759 propalabunt

333 788 363 815 et
390 793 447 815 seu
475 787 588 814 notum
615 787 645 814 et
673 782 883 813 manifestum
911 781 1042 812 facient.
1061 780 1195 818 Quibus
1213 780 1372 811 omnibus
1387 781 1434 811 sic
1449 781 1593 820 peractis
1610 789 1727 812 omnes
1747 781 1908 812 intrarunt
1923 781 1953 811 in
1973 781 2147 812 ecclesiam

334 847 411 877 dicti
450 846 653 879 monasterii.
691 849 720 876 et
759 845 789 875 in
828 844 901 875 loco
927 847 957 874 et
983 847 1058 874 ante
1099 843 1201 874 altare
1240 843 1348 874 maius
1374 843 1451 874 dicti
1486 843 1678 874 monasterii
1704 846 1735 874 et
1760 843 1859 875 flexis
1884 843 2028 883 genibus
2053 851 2088 874 se
2114 851 2149 874 se

334 910 575 940 constituerunt
602 911 631 938 et
658 907 777 938 deinde
815 906 913 937 flexis
950 906 1104 946 genibus,
1143 906 1340 946 precedente
1373 905 1515 936 oschulo
1552 906 1645 946 pacis
1671 914 1728 946 per
1753 914 1812 937 eos
1837 909 1868 937 et
1894 905 2076 946 quemlibet
2103 906 2151 946 ip-

335 980 445 1001 sorum
472 979 545 1001 cum
573 970 656 1010 ipsis
683 969 828 999 dominis
848 968 990 1005 vicario,
1017 968 1192 1009 Magistris
1217 971 1249 999 et
1275 967 1455 1005 Fratribus,
1472 968 1543 1008 ipse
1558 968 1716 1000 dominus
1742 968 1894 1000 Vicarius
1913 968 2152 1009 suprascriptis

335 1033 481 1064 dominis
506 1032 665 1063 fratribus
699 1031 888 1071 Augustino
916 1030 955 1061 de
983 1030 1011 1061 la
1039 1030 1198 1067 Ecclesia,
1237 1030 1399 1061 leronimo
1426 1030 1466 1061 de
1493 1029 1710 1067 garsionibus,
1738 1029 1862 1063 Rataeli
1890 1031 1930 1061 de
1957 1030 2150 1067 Brentanis,

335 1095 444 1126 David
472 1095 512 1126 de
540 1094 686 1125 Artadiis
711 1096 742 1124 et
768 1093 950 1124 Laurencio
977 1093 1017 1124 de
1044 1092 1247 1124 Brochardis
1265 1093 1398 1124 stallum
1417 1096 1448 1124 et
1467 1093 1574 1124 locum
1602 1093 1633 1124 in
1659 1093 1762 1124 choro
1780 1093 1866 1124 dicte
1884 1093 2023 1125 ecclesie
2038 1094 2151 1124 sancte

336 1157 496 1188 Mustiole
522 1157 711 1197 assignavit
737 1158 767 1186 et
793 1156 955 1196 assignat.
991 1155 1029 1186 Et
1064 1155 1150 1191 inde,
1188 1157 1247 1186 etc.
1286 1154 1505 1186 Presentibus
1543 1155 1680 1186 domino
1718 1154 1920 1186 Francischo
1947 1155 1987 1186 de
2013 1153 2153 1187 Grassis

338 1221 418 1251 iuris
457 1220 630 1259 utriusque
669 1218 821 1249 scholare
858 1218 926 1248 filio
960 1218 1126 1258 magnifici
1154 1220 1185 1248 et
1209 1217 1386 1249 clarissimi
1414 1218 1494 1248 iuris
1531 1218 1705 1258 utriusque
1731 1218 1880 1249 doctoris
1917 1216 1957 1249 D.
1984 1217 2152 1254 Iohannis,

335 1283 425 1313 lll.nii
454 1281 587 1312 Domini
617 1281 825 1311 Mareliionis
852 1279 1093 1311 Montisferrati
1121 1280 1334 1316 consciliarii,
1359 1282 1390 1310 et
1416 1278 1580 1320 Giorgino
1606 1280 1646 1311 de
1672 1278 1791 1312 Sachis
1809 1279 1956 1311 furnario
1982 1279 2028 1319 fq.
2055 1278 2156 1310 Fran-

333 1345 436 1376 cisclii
465 1343 540 1374 inde
566 1343 721 1374 testibus.

426 1407 524 1439 Um'to
549 1406 584 1436 al
608 1406 802 1437 documento
828 1405 844 1436 ἑ
869 1405 893 1436 il
916 1407 1072 1445 seguente
1097 1404 1274 1445 autograso
1290 1415 1299 1436 .·

424 1469 493 1509 Ego
520 1467 619 1498 trater
646 1467 793 1508 Rapliael
821 1467 861 1498 de
888 1467 1065 1498 Brentanis
1090 1466 1172 1498 satio
1199 1466 1456 1507 professionem,
1476 1468 1634 1508 promitto
1659 1467 1885 1498 obedientiam
1913 1466 1984 1498 Deo
2003 1465 2156 1507 Onnipo-

334 1532 412 1562 tenti
439 1534 469 1561 et
495 1530 590 1561 beate
619 1530 724 1560 Marie
762 1538 894 1569 semper
931 1529 1058 1569 Virgini
1096 1531 1127 1560 et
1160 1529 1218 1559 tibi
1256 1528 1347 1560 fratri
1391 1529 1585 1567 Melchioni,
1627 1529 1760 1560 nomine
1797 1531 1827 1560 et
1865 1529 1936 1560 vice
1975 1527 2152 1561 Generalis

336 1593 461 1624 Prioris
488 1593 641 1633 Magistri
670 1591 818 1623 Anselmi
846 1592 886 1623 de
914 1592 1029 1623 Monte
1056 1591 1237 1627 Falchono,
1265 1591 1412 1623 Fratrum
1441 1591 1681 1623 Heremitarum
1697 1590 1835 1623 Ordinis
1850 1591 1955 1622 sancti
1975 1590 2154 1631 Augustini

335 1661 366 1687 et
392 1655 649 1687 successoribus
674 1655 757 1691 eius,
784 1655 896 1685 vivere
922 1655 994 1685 sine
1021 1654 1157 1694 proprio
1183 1657 1213 1685 et
1240 1655 1270 1685 in
1297 1655 1449 1685 castitate
1475 1655 1658 1685 secundum
1686 1654 1833 1695 regulam
1860 1654 1947 1685 beati
1978 1653 2156 1694 Augustini

338 1727 446 1758 usque
471 1718 513 1749 ad
541 1720 689 1748 mortem.

1097 1891 1396 1930 DXXXIX.

427 2011 454 2039 11
481 2011 634 2039 Comune
661 2011 695 2039 di
721 2010 833 2038 Pavia
871 2010 1047 2046 ringrazia
1085 2010 1173 2038 frate
1211 2010 1371 2038 Mariano
1397 2010 1441 2038 da
1468 2009 1682 2038 Genazzano
1706 2018 1767 2046 per
1793 2018 1897 2038 avere
1923 2014 2099 2038 accettato
2124 2010 2158 2038 la

339 2065 587 2101 predicazione
613 2064 851 2100 quaresimale
876 2064 970 2092 nella
996 2063 1212 2092 Cattedrale.

900 2186 1062 2215 1489,
1092 2186 1416 2215 (lieelrxlwre,
1446 2186 1599 2211 13=130

673 2284 756 2305 Museo
773 2284 821 2305 Ciu⁴
839 2284 860 2304 di
877 2286 934 2304 stor‚
951 2286 1011 2309 patr.
1028 2284 1049 2304 di
1067 2283 1137 2304 Pavia
1153 2295 1176 2297 —
1193 2283 1283 2309 Regin.
1298 2284 1385 2309 proris*
1402 2289 1454 2304 ann<
1474 2284 1531 2308 1489,
1548 2283 1586 2304 tol.
1602 2284 1644 2307 (νὴ
1660 2289 1672 2304 e
1688 2284 1779 2304 Lenem*
1795 2283 1898 2308 Ducflli).

404 2476 551 2591 M
590 2490 889 2529 CCCCLxxxlx,
916 2491 969 2522 die
995 2490 1061 2522 Xlll
1089 2491 1288 2528 decembris,
1315 2491 1346 2521 in
1373 2491 1536 2530 vesperis.

701 2552 900 2585 Convocato
926 2553 1099 2590 conscilio,
1125 2555 1185 2584 etc.

702 2615 816 2655 ibique
843 2615 960 2656 prefati
988 2615 1113 2646 domini
1141 2615 1351 2646 attendentes
1377 2615 1548 2646 dominum
1577 2618 1701 2656 patrem
1728 2615 1859 2647 fratrem
1895 2617 2083 2648 Marianum
2110 2626 2163 2649 or-

346 2677 434 2707 dinis
461 2677 564 2707 sancti
594 2676 783 2717 Augustini,
811 2680 986 2708 venturum
1013 2685 1099 2714 esse,
1126 2677 1385 2717 quadragesima
1416 2678 1568 2717 proxime
1594 2677 1714 2713 futura,
1729 2678 1770 2709 ad
1788 2679 2028 2718 predicandum
2049 2680 2078 2710 in
2099 2680 2161 2711 hac

345 2739 490 2774 civitate,
518 2739 592 2769 ideo
620 2739 839 2778 providerunt
864 2742 894 2770 et
921 2739 1099 2779 provident
1126 2739 1216 2779 quod
1243 2739 1350 2770 eidem
1378 2739 1566 2771 scribantur
1592 2740 1695 2771 littere
1729 2742 1979 2781 rengratiatorie
2005 2744 2103 2782 prout
2129 2743 2160 2773 in

346 2800 402 2831 filo
429 2800 638 2831 diversorum
666 2804 742 2831 sunt
772 2804 928 2832 annotate
946 2798 1007 2840 (1).

402 2966 432 2986 (lv
448 2960 464 2986 Ε
480 2966 493 2985 il
510 2966 599 2986 celebre
616 2968 707 2985 oratore
723 2965 781 2985 irate
799 2965 903 2985 Mariano
919 2966 947 2986 da
971 2966 1125 2991 Genauano,
1150 2967 1171 2987 di
1193 2967 1228 2987 cui
1284 2967 1425 2988 documento
1441 2968 1582 2993 lurueggiarc
1592 2974 1621 2988 un
1633 2968 1739 2993 episudio
1749 2969 1807 2989 della
1819 2969 1866 2990 vita
1878 2969 1898 2990 di
1911 2972 1996 2995 questo
2007 2969 2160 2995 grandempi·

351 3017 395 3031 non
411 3011 528 3031 cre-dianio
544 3010 565 3030 di
582 3010 653 3030 dover
670 3009 703 3029 iar
720 3010 798 3035 pamla
821 3014 927 3035 :ippuuto
951 3012 1033 3036 perche
1049 3012 1070 3032 di
1088 3012 1117 3032 lui
1134 3012 1230 3037 parlano
1285 3012 1352 3032 sodio
1375 3018 1419 3032 non
1442 3012 1578 3032 conosciuto
1600 3018 1700 3036 ancora.
1722 3019 1734 3033 c
1756 3013 1895 3034 dimostrare
1918 3016 2006 3040 quanto
2022 3014 2068 3034 alta
2089 3014 2158 3035 §tima

352 3056 406 3076 tutti
423 3056 451 3079 gli
467 3055 568 3075 scrittori
585 3054 723 3078 nuuisiiiiiani
740 3060 751 3075 e
767 3055 796 3079 gli
812 3055 890 3075 sunici
907 3055 965 3076 della
982 3056 1118 3076 letteraium
1140 3062 1151 3077 e
1167 3056 1225 3077 della
1282 3056 1381 3081 godessc
1397 3056 1418 3076 in
1435 3056 1504 3077 pavia
1520 3058 1605 3082 questo
1620 3057 1722 3081 glorioso
1739 3057 1801 3083 figlio
1817 3058 1838 3078 di
1855 3057 1876 3078 S,
1895 3058 2016 3084 Agostino.

351 3100 488 3125 eloquenza.
506 3099 523 3120 A
540 3099 575 3119 noi
592 3099 603 3119 e
620 3099 640 3119 di
661 3099 730 3119 molta
753 3098 927 3120 suddisiazione
950 3100 963 3120 il
989 3103 1069 3125 potere
1091 3101 1126 3121 col
1149 3103 1230 3121 nostro
