2347 3444
332 164 393 195 184

327 295 571 337 flagitantibus
598 298 697 338 igitur
721 307 802 339 sepe
830 299 914 339 ipsis
940 297 1243 331 Carthusiensibus
1270 301 1303 328 ut
1329 297 1495 329 eiusmodi
1523 297 1680 329 voluntas
1713 297 1963 338 adimpleretur,
1988 299 2141 330 animad-

326 361 494 390 vertentes
521 360 582 391 hoc
607 361 648 392 ad
675 369 761 392 onus
789 365 938 392 nostrum
966 364 1130 400 spectare,
1158 370 1197 391 ne
1224 369 1323 399 quam
1352 359 1532 399 impietatis
1558 360 1706 399 speciem
1733 368 1811 400 erga
1838 360 1982 392 maiores
2009 364 2142 393 nostros

324 424 354 452 et
381 422 554 461 presertim
583 423 612 453 in
642 423 750 463 ipsum
779 432 941 463 proavum
970 425 1118 453 nostrum
1147 421 1291 461 perferre
1307 421 1508 459 videremur,
1527 430 1670 461 quenam
1690 425 1780 453 esset
1799 431 1892 453 mens
1911 426 2024 454 nostra
2043 424 2142 455 vobis

324 491 404 523 sepe
431 484 709 523 significavimus.
738 484 833 515 Nunc
862 493 950 520 vcro,
978 492 1051 514 cum
1079 483 1295 514 statuerimus
1310 483 1456 523 amplius
1483 492 1547 513 non
1574 483 1707 514 differre
1733 484 1813 523 quin
1840 492 1964 524 corpus
1983 493 2042 516 seu
2060 493 2139 516 ossa

326 545 434 585 ipsius
461 547 577 586 proavi
598 547 700 577 nostri
723 547 751 576 in
773 546 1011 576 monasterinm
1039 544 1258 582 cartusiense‚
1285 554 1353 585 quo
1379 545 1535 585 oblegata
1563 544 1751 576 fueruntex
1768 547 1979 584 testamento,
2005 547 2139 578 tandem

323 607 574 645 transferantur,
601 618 668 648 quo
695 608 808 638 maiori
838 615 1022 647 possumus
1048 606 1161 637 studio
1188 615 1250 638 vos
1277 607 1448 638 hortamur
1473 609 1504 638 et
1524 615 1681 647 rogamus
1708 609 1741 638 ut
1768 608 1799 638 in
1825 607 1958 639 animos
1973 608 2140 641 inducatis

324 673 455 701 vestros
482 679 520 701 ne
548 670 799 710 prenominatus
826 667 902 699 Dux
930 671 1024 699 extra
1051 668 1169 703 locum,
1199 669 1254 700 ubi
1280 677 1316 700 se
1344 671 1508 700 mortuum
1535 669 1659 709 deponi
1687 670 1871 707 constituit,
1897 670 2043 710 amplius
2062 680 2140 702 con—

323 732 487 771 spiciatur
512 735 542 763 et
570 735 711 767 maneat,
737 735 767 761 ct
795 731 826 761 in
854 731 914 761 hac
940 730 1119 761 cadaveris
1144 730 1218 762 eius
1244 731 1462 763 translatione
1490 732 1520 762 in
1548 732 1788 762 monasterium
1825 732 2035 764 cartusiense
2072 741 2141 764 ma-

320 794 460 834 gnificas
487 797 516 824 et
543 794 711 824 solemnes
738 801 881 832 pompas
907 792 1077 829 adhibere,
1094 795 1126 824 ut
1147 793 1319 833 religionis
1345 795 1455 825 vestre
1475 802 1547 825 mos
1565 796 1614 825 est
1633 796 1733 834 atque
1755 794 1863 834 ipsius
1883 795 2045 835 principis
2071 795 2140 826 sin-

322 856 448 895 gularis
474 856 579 895 gloria
605 855 770 894 deposcit.
797 853 872 891 Qua
900 864 932 886 re
959 857 1046 886 certe
1074 855 1104 885 in
1133 855 1194 886 hoc
1233 857 1383 895 tempore
1421 856 1534 887 carius
1570 856 1703 888 efficere
1742 857 1841 888 nobis
1879 857 1959 888 nihil
1986 858 2139 897 potestis.

321 917 394 949 Dat.
423 917 536 957 Papic‚
562 917 615 948 die
643 916 712 947 XVl
740 916 910 954 februarii,
941 917 1033 948 1474.
1062 916 1081 947 l.
1109 916 1339 957 Antiquarius.

1021 1100 1436 1141 CCCLXXXIV.

410 1227 601 1255 Relazione
635 1227 691 1255 del
728 1231 908 1263 trasporto
945 1227 1036 1255 delle
1074 1227 1210 1264 spoglie
1236 1228 1270 1255 di
1297 1228 1387 1256 Gian
1425 1228 1606 1257 Galeazzo
1643 1228 1806 1257 Visconti
1833 1229 1877 1257 da
1903 1229 1938 1258 S.
1965 1230 2139 1266 Agostino

318 1280 389 1308 alla
417 1280 566 1309 Certosa
593 1280 627 1308 di
654 1280 776 1311 Pavia.

1000 1385 1154 1417 1474,
1185 1392 1400 1418 111511'20,
1430 1387 1469 1411 1.

847 1483 923 1504 (Archi
941 1483 962 1503 di
979 1482 1046 1504 Staio
1062 1483 1082 1504 di
1099 1483 1195 1504 Milano.
1213 1495 1236 1497 —
1253 1483 1331 1504 Diario
1347 1484 1369 1504 di
1385 1483 1454 1505 Cicco
1470 1484 1617 1509 Simonetta)⁴

335 1732 336 1740 ἵ
393 1684 500 1802 C
565 1703 651 1731 ΟΡΙΑ
677 1700 718 1731 de
744 1709 809 1731 una
835 1700 949 1732 lettera
986 1700 1039 1732 del
1081 1699 1317 1733 Referendario
1343 1700 1384 1732 de
1411 1699 1516 1732 Pavia
1542 1701 1668 1741 scripta
1694 1701 1758 1732 alla
1784 1700 1983 1732 excellentia
2009 1700 2061 1732 del
2089 1699 2141 1733 Si-

335 1745 337 1808 [
558 1781 559 1814 l
587 1771 690 1803 gnore
727 1762 780 1794 del
818 1762 935 1794 ordine
960 1764 991 1794 et
1017 1762 1195 1794 solemnita
1221 1763 1345 1794 servati
1372 1763 1461 1795 circa
1487 1763 1506 1794 il
1533 1763 1667 1795 tradure
1704 1763 1758 1795 dal
1797 1763 1894 1794 luoco
1926 1763 1968 1794 ad
1995 1763 2094 1795 luoco
2119 1763 2139 1794 il

335 1827 337 1857 l
367 1858 374 1860 ,⁷
408 1859 425 1860 Π
502 1826 559 1861 ψ]
587 1833 691 1865 corpo
716 1824 769 1856 del
797 1824 966 1856 illustriss.
1004 1823 1146 1866 Signore
1185 1824 1330 1856 Iohanne
1357 1823 1505 1857 Galeazo
1531 1825 1639 1865 primo
1665 1823 1772 1863 Duca,
1799 1825 1923 1865 scripta
1943 1825 1962 1856 il
1981 1824 2014 1856 di
2033 1825 2140 1865 primo

320 1885 363 1917 de
390 1895 501 1918 marzo
530 1884 691 1926 1474(1).

407 1948 634 1981 lllustrissime
661 1949 823 1990 Princeps
849 1952 880 1981 et
906 1950 1192 1982 excellentissime
1218 1950 1352 1981 domine
1379 1950 1514 1981 domine
1542 1950 1583 1981 mi
1610 1949 1890 1991 singularissime.

408 2011 469 2043 Nel
496 2012 694 2044 translatare
721 2012 798 2052 hogi
825 2011 883 2043 s'e
910 2012 999 2044 facto
1024 2012 1078 2043 del
1105 2021 1209 2052 corpo
1235 2012 1288 2043 del
1315 2011 1433 2043 illustr.
1460 2011 1631 2052 quondam
1658 2012 1793 2052 signore
1829 2011 1917 2043 duca
1955 2011 2062 2051 primo
2089 2010 2138 2042 lo-

319 2078 403 2109 hane
430 2075 578 2108 Galeazo
603 2076 645 2106 da
672 2075 701 2106 la
728 2075 854 2107 chiesia
880 2075 921 2106 de
947 2077 1065 2106 sancto
1091 2074 1283 2116 Augustino
1308 2075 1349 2106 de
1376 2076 1496 2114 questa
1522 2074 1587 2106 cita
1612 2074 1654 2105 ad
1681 2074 1858 2106 ecclesiam
1885 2074 2138 2111 cartusiensem,

319 2140 350 2171 lo
377 2138 616 2179 Omnipotente
655 2136 719 2168 Dio
753 2146 793 2168 ne
820 2138 861 2169 ha
887 2146 1055 2169 concesso
1094 2137 1181 2169 bella
1219 2138 1324 2178 gratia
1362 2137 1413 2169 ch’
1429 2137 1458 2169 el
1496 2138 1608 2177 tempo
1646 2145 1686 2168 ne
1713 2136 1754 2168 ha
1780 2136 1906 2168 servito
1931 2141 1962 2167 et
1989 2145 2054 2167 non
2081 2136 2139 2168 s’e

320 2202 498 2233 manchato
525 2201 555 2231 in
582 2209 663 2232 cosa
689 2200 808 2231 alcuna
835 2209 894 2240 per
920 2200 1083 2231 honorare
1110 2200 1201 2231 dicto
1227 2209 1341 2240 corpo.
1369 2199 1402 2230 ln
1429 2200 1546 2240 primis
1571 2199 1616 2240 gli
1643 2207 1728 2230 sono
1753 2199 1829 2230 stati
1856 2199 1915 2230 tuti
1943 2198 1962 2229 li
1990 2198 2140 2230 fratiob-

319 2264 467 2295 servanti
494 2265 525 2295 et
552 2263 753 2295 mendicanti
791 2263 832 2294 de
870 2264 990 2303 questa
1016 2263 1080 2294 cita
1106 2264 1137 2294 et
1164 2262 1194 2293 lo
1221 2262 1310 2294 clero
1343 2264 1503 2302 exempto
1529 2263 1559 2293 et
1585 2271 1650 2292 non
1677 2263 1836 2301 exempto
1862 2261 2003 2293 insieme
2029 2270 2091 2293 con
2118 2261 2138 2292 li

320 2327 485 2364 canonici,
511 2326 624 2357 abbati
651 2328 682 2357 et
709 2326 850 2363 monaci,
888 2326 1048 2357 ciascuno
1085 2334 1147 2356 con
1175 2325 1203 2356 le
1230 2333 1290 2356 sue
1328 2333 1435 2362 croce,
1473 2325 1534 2356 che
1560 2324 1577 2355 e
1604 2326 1691 2355 stato
1717 2323 1804 2355 bella
1829 2332 1910 2355 cosa
1935 2324 1978 2355 da
2004 2323 2137 2355 vedere.

321 2388 450 2420 Deinde
478 2389 496 2420 li
524 2398 609 2420 sono
647 2389 722 2420 stati
761 2389 819 2420 tuti
858 2388 927 2429 duy
954 2388 973 2419 li
1002 2387 1133 2421 Rectori
1152 2385 1203 2427 (2)
1229 2397 1291 2419 con
1318 2388 1378 2418 tuti
1405 2387 1424 2418 li
1453 2387 1581 2427 prelati,
1607 2386 1733 2427 signori
1761 2388 1791 2418 et
1817 2386 1889 2418 altri
1917 2386 2038 2418 scolari
2066 2387 2137 2418 stu-

321 2452 420 2482 denti.
448 2451 561 2482 Tertio
587 2452 646 2482 tuti
674 2451 693 2482 li
720 2451 841 2482 oticiali
869 2460 931 2482 con
959 2451 977 2482 li
1005 2450 1193 2482 Presidenti
1232 2450 1273 2482 de
1311 2451 1430 2490 questa
1467 2448 1644 2489 magnifica
1670 2448 1839 2480 comunita
1866 2449 1977 2480 vestiti
2003 2448 2045 2480 da
2071 2457 2140 2480 me-

322 2514 418 2545 sticia
445 2517 477 2544 ut
503 2514 598 2545 decet
617 2511 676 2552 (3).
704 2512 832 2551 Quarto
857 2514 915 2545 tuti
944 2514 963 2544 li
991 2512 1127 2544 Doctori
1155 2512 1276 2553 legenti
1304 2513 1335 2543 et
1361 2520 1425 2542 non
1453 2511 1574 2552 legenti
1601 2512 1631 2542 et
1658 2510 1677 2541 li
1705 2510 1881 2551 principali
1911 2510 2136 2542 zentilhomini

322 2578 353 2607 et
379 2576 525 2607 eitadini.
552 2575 707 2616 Denique
734 2585 814 2607 vero
840 2576 899 2607 tuti
928 2576 946 2606 li
966 2575 1112 2607 artesani
1139 2584 1201 2606 con
1230 2575 1248 2605 li
1276 2574 1349 2605 suoi
1384 2573 1514 2614 insegni
1532 2570 1593 2611 (4),
1619 2575 1650 2604 et
1676 2574 1709 2604 ut
1735 2573 1836 2604 credo
1872 2574 1963 2605 totus
1990 2572 2138 2613 populus

327 2750 348 2770 di
366 2750 455 2775 Filippo
471 2750 544 2770 Maria
561 2750 663 2770 visconti
680 2756 691 2770 e
707 2750 742 2770 dei
759 2749 896 2770 successori.
909 2750 954 2770 Orn
966 2750 984 2769 si
997 2754 1068 2775 pensa
1084 2749 1207 2770 all'adem-
1262 2748 1340 2769 sconti
1355 2753 1366 2768 e
1380 2747 1414 2773 gli
1430 2746 1516 2773 Ssnrza
1533 2752 1578 2767 ecc.
1596 2747 1640 2767 vol⁴
1659 2747 1684 2772 ll,
1700 2752 1752 2772 pag.
1769 2747 1815 2768 360,

328 2795 430 2820 pimenti)
446 2794 482 2814 del
498 2794 605 2819 disposui
622 2794 650 2814 da
667 2794 723 2814 Gian
740 2794 855 2814 Uulcano
871 2794 892 2814 in
908 2794 1000 2819 seguito
1020 2794 1063 2814 alle
1079 2793 1204 2814 insistenzc
1313 2793 1343 2815 (2)
1359 2792 1446 2812 intendi
1462 2792 1467 2812 i
1484 2791 1528 2812 duc
1554 2791 1641 2812 rectiori
1667 2791 1719 2811 dell*
1741 2791 1872 2813 Universitix
1897 2791 1957 2817 degli
1981 2791 2061 2817 studii,
2088 2790 2137 2812 cio&

327 2839 362 2859 (lei
381 2838 487 2863 Religiosi
504 2838 627 2863 Certosini,
644 2838 775 2863 ossequiosi
795 2844 862 2858 verso
879 2838 898 2858 la
916 2838 1024 2858 memoria
1041 2838 1076 2858 dcl
1093 2838 1142 2857 loro
1159 2843 1205 2857 mu-
1261 2837 1338 2862 quello
1354 2836 1412 2856 della
1429 2835 1512 2856 facoltx'i
1529 2835 1564 2855 dei
1581 2835 1670 2859 giuristi
1687 2842 1698 2855 c
1715 2836 1791 2860 quello
1807 2835 1866 2861 degli
1883 2835 1958 2856 anisii
1975 2841 1986 2856 e
2003 2834 2092 2856 medici.

328 2883 396 2903 nilico
412 2882 563 2903 benefatture,
582 2883 637 2903 Vedi
656 2882 678 2903 Ρ.
697 2882 835 2905 ΜΟΙΩΑΟΙΗ,
853 2882 871 2902 ΙΙ
888 2884 1009 2907 trus-parto
1029 2882 1092 2902 della
1108 2882 1204 2902 credula
1313 2881 1343 2901 «3¹1
1372 2879 1427 2901 cine
1443 2879 1600 2904 gl'impicssati
1617 2879 1652 2899 del
1669 2878 1772 2900 Comune
1790 2879 1810 2899 di
1829 2879 1898 2900 Pavia
1914 2879 1948 2900 coi
1965 2879 2040 2900 dedici
2064 2878 2137 2900 Presi-

329 2928 406 2948 salma
422 2928 446 2948 111·
464 2927 488 2948 G.
508 2928 533 2947 (ἱ,
556 2927 671 2951 Visa-anri,
688 2927 708 2946 in
726 2927 836 2947 Memorio
852 2932 863 2946 c
880 2926 1019 2946 Dncrmwnti
1032 2932 1075 2952 per
1090 2927 1112 2946 Iu
1129 2926 1205 2946 storia
1261 2925 1323 2946 demi
1340 2924 1376 2945 del
1392 2924 1510 2949 Consiglio
1526 2924 1547 2944 di
1565 2923 1722 2944 l’rovvisionc.

329 2973 353 2993 ‹Ii
369 2972 441 2993 Ρανιίι
457 2978 468 2993 e
483 2978 525 2992 suo
548 2971 684 2997 Principum
700 2976 720 2991 a.
739 2971 753 2995 Ι,
770 2971 795 2991 V.
813 2971 828 2995 Ι,
845 2970 899 2991 lasc⁴
924 2971 999 2991 ν-ΧῚΙ,
1017 2977 1028 2991 c
1044 2970 1069 2991 O.
1090 2970 1200 2991 ROMANO
1309 2969 1338 2993 14)
1353 2968 1421 2989 Ossia
1438 2968 1442 2988 i
1459 2968 1607 2993 componenti
1625 2968 1629 2988 i
1647 2967 1744 2988 Paratici
1762 2968 1819 2988 delle
1835 2968 1877 2988 arti
1894 2974 1906 2989 c
1922 2967 2022 2989 mcstieri
2035 2967 2069 2988 coi
2085 2972 2135 2988 ves-

328 3018 367 3038 cit.
384 3017 442 3037 nella
459 3018 512 3037 nota
528 3016 549 3036 al
565 3016 616 3036 doc
634 3021 655 3036 n.
673 3015 790 3036 cxxmx.
1259 3013 1302 3034 silli
1319 3013 1340 3033 di
1357 3013 1450 3034 ciascun
1467 3012 1581 3033 paratim,

382 3061 412 3085 (1)
428 3061 442 3081 ll
459 3061 599 3081 documento
615 3059 637 3080 lu
654 3059 788 3085 pubblicato
810 3059 882 3080 anche
902 3059 930 3079 da
947 3058 971 3080 C*
989 3058 1124 3083 ΜΑΟΕΝΤΛ,
1142 3058 1151 3079 Ι
1170 3058 1203 3078 Vi-
