2347 3444
949 394 1275 437 CDLXXVI.

295 505 401 534 Frate
426 506 584 534 Lorenzo
609 505 652 534 da
677 505 804 539 Biella‚
832 505 1063 533 Procuratore
1088 504 1123 532 di
1149 504 1185 532 S.
1212 503 1389 536 Mostiola,
1415 502 1534 531 rieeve
1552 502 1576 530 il
1593 506 1803 539 pagamento
1821 502 2019 531 dell'affitto

208 559 265 588 dei
291 559 370 587 beni
396 559 431 588 di
457 559 506 587 ea
532 559 626 587 della
651 563 758 588 terra.

843 662 997 692 1482,
1029 663 1188 687 ottob»
1194 668 1268 692 re,
1301 661 1391 685 22.

752 751 829 774 <Aren⁴
847 751 927 771 Notar.
944 750 965 771 di
983 751 1060 772 Pavia.
1076 762 1101 765 -
1117 750 1165 772 Atti
1181 750 1202 771 di
1220 750 1340 772 Leonardo
1356 749 1469 773 Buscati).

447 889 450 958 1

225 886 228 978 ι
315 935 361 1050 Ι
449 953 478 978 :N
503 948 648 979 claustro
675 948 865 979 monasterii
893 950 1006 979 sancte
1032 948 1225 979 Mustiole...
1251 946 1433 980 Confessio
1458 947 1544 978 tacta
1575 956 1632 988 per
1657 946 1882 978 venerabilem
1917 946 2022 977 virum

449 1001 450 1004 ¹
478 1010 650 1041 dominum
676 1010 807 1041 tratrem
837 1010 1047 1042 Laurentium
1074 1011 1114 1042 de
1141 1010 1255 1049 Biella,
1282 1009 1419 1042 Ordinis
1447 1010 1685 1041 Heremitarum
1713 1010 1817 1041 sancti
1846 1009 2023 1050 Augustini

346 1108 357 1109 ἶ
440 1108 443 1109 ⁷
480 1072 582 1113 Papie
609 1074 640 1103 in
666 1075 832 1104 conventu
860 1076 972 1104 sancte
1011 1073 1215 1105 Mustiolle...
1253 1073 1418 1104 sindicum
1444 1074 1475 1104 et
1501 1074 1792 1113 procuratorem...
1830 1071 2021 1103 monasterii

209 1137 322 1166 sancte
349 1135 542 1166 Mustioie...
570 1144 688 1167 versus
715 1136 931 1175 spectabilem
959 1136 1131 1167 dominum
1158 1135 1337 1167 Iohannem
1365 1136 1405 1166 de
1432 1135 1578 1173 Becaria,
1605 1135 1707 1166 filium
1746 1134 1917 1174 quondam
1957 1142 2024 1164 ma-

211 1197 322 1237 gnifici
350 1197 459 1238 legum
486 1198 634 1229 doctoris
660 1200 690 1228 et
717 1198 829 1229 militis
856 1198 980 1229 domini
1008 1197 1128 1229 Petri...
1154 1198 1196 1229 ab
1222 1207 1261 1229 eo
1288 1198 1481 1229 habuisse...
1507 1197 1630 1228 sachos
1664 1199 1807 1236 quatuor
1843 1197 2025 1236 papienses

210 1259 366 1290 furmenti
393 1269 452 1300 pro
478 1260 554 1290 ficto
582 1260 681 1291 unius
706 1260 782 1290 anni
811 1260 891 1291 finiti
920 1261 949 1291 in
977 1260 1126 1291 calendis
1152 1261 1285 1301 augusti
1313 1260 1465 1300 proxime
1492 1259 1666 1300 preteritiS,
1701 1259 1800 1290 unius
1827 1259 1913 1298 petie
1943 1260 2025 1289 terre

212 1322 274 1353 site
301 1322 331 1352 in
359 1322 432 1353 loco
459 1321 589 1353 Domus
615 1322 655 1353 de
682 1322 711 1353 la
738 1320 897 1362 terra(l).

948 1487 1301 1527 CDLXXVII.

304 1597 409 1624 Frate
435 1597 658 1625 Bartolorneo
684 1597 859 1625 Fazzardi
886 1597 1100 1633 Cappellano
1119 1597 1153 1625 di
1173 1597 1207 1625 S.
1228 1597 1338 1625 Maria
1356 1606 1373 1624 e
1392 1597 1480 1624 frate
1507 1596 1727 1624 Bartolomeo
1746 1596 1789 1624 da
1806 1595 2026 1623 Castellazzo

215 1649 444 1677 Procuratore
470 1649 504 1677 di
531 1650 566 1678 S.
594 1650 765 1685 Agostino
791 1659 977 1686 comprano
1002 1659 1062 1686 per
1088 1655 1211 1686 questa
1236 1650 1392 1686 cappella
1416 1650 1537 1678 alcune
1562 1653 1651 1677 terre
1677 1648 1711 1676 di
1737 1648 1924 1684 Filighera.

816 1764 970 1795 1482,
999 1765 1350 1795 110verr11)re‚
1379 1763 1431 1788 9.

736 1852 813 1875 (Arcb.
831 1852 910 1872 Νοῐῑυ4
928 1852 949 1872 di
967 1851 1037 1873 Pavia
1053 1862 1077 1865 -—
1093 1851 1140 1872 Atti
1157 1851 1178 1872 di
1195 1851 1318 1873 Guniforto
1334 1850 1510 1877 Strazzapatti).

320 2035 368 2150 I
463 2055 486 2081 N
512 2050 645 2080 nomine
671 2048 805 2080 Domini
833 2049 948 2080 Amen.
975 2049 1071 2080 Anno
1097 2058 1115 2080 a
1142 2049 1313 2080 nativitate
1338 2050 1488 2080 eiusdem
1523 2049 1699 2080 millesimo
1733 2048 2030 2089 quatrigentesimo

484 2112 714 2153 octuagesimo
741 2112 901 2148 secundo,
929 2112 1095 2142 indicione
1121 2111 1380 2151 quintadecima,
1404 2111 1457 2142 die
1476 2120 1564 2141 nono
1584 2111 1709 2141 mensis
1727 2110 1931 2147 novembris,
1951 2110 2030 2140 hora

421 2210 424 2211 ⁷
484 2183 581 2205 none.
608 2173 640 2205 In
668 2174 766 2205 solita
791 2172 956 2206 Citadeila
981 2174 1127 2205 civitatis
1153 2173 1267 2214 Papie,
1294 2174 1449 2204 videlicet
1467 2174 1497 2204 in
1516 2173 1662 2204 claustro
1692 2172 1840 2203 secundo
1859 2174 1889 2202 et
1908 2172 2031 2202 maiore

218 2235 417 2268 Conventus
444 2236 592 2268 Fratrum
619 2237 723 2267 sancti
751 2235 941 2277 Augustini,
968 2237 1020 2267 siti
1041 2237 1070 2266 in
1092 2235 1189 2267 Porta
1209 2235 1326 2267 Palatii
1347 2236 1377 2266 in
1398 2236 1555 2275 parocbia
1574 2235 1678 2266 sancti
1699 2234 1829 2265 Andree
1848 2234 1888 2264 de
1907 2233 2030 2264 Brolio.

220 2298 334 2338 ibique
361 2299 392 2329 in
419 2299 586 2339 presentia
612 2299 674 2329 mei
701 2299 818 2329 notarii
846 2300 876 2329 et
902 2299 1034 2329 testium
1062 2297 1369 2338 infrascriptorum:
1396 2296 1481 2329 Cum
1509 2306 1621 2328 verum
1649 2297 1691 2327 sit
1710 2296 1800 2336 quod
1821 2296 1883 2326 iam
1904 2295 2030 2335 pridem

217 2363 248 2392 et
266 2370 373 2401 usque
399 2361 452 2392 die
478 2361 581 2392 XXVI
609 2361 734 2392 mensis
759 2361 908 2392 octubris
935 2361 1086 2401 proxime
1113 2361 1256 2400 preteriti
1285 2359 1461 2391 iacobinus
1487 2359 1527 2390 de
1553 2357 1707 2396 Garetis,
1744 2358 1833 2389 t'ilius
1859 2358 2029 2397 quondam

216 2422 406 2464 Augustini,
437 2423 604 2454 habitator
630 2432 730 2463 super
748 2423 912 2454 territorio
931 2421 1043 2455 Curtis
1062 2421 1170 2453 Olone
1188 2430 1369 2462 campanee
1388 2421 1562 2461 papiensis
1580 2422 1610 2451 et
1630 2420 1810 2451 vicariatus
1829 2419 2030 2459 Belzoyosii‚

217 2494 279 2516 suo
306 2485 442 2525 proprio
468 2486 601 2516 nomine
627 2487 657 2516 et
683 2485 816 2515 nomine
842 2486 871 2515 et
899 2485 968 2515 vice
996 2483 1162 2515 Bertolani
1189 2484 1261 2514 eius
1286 2483 1407 2519 fratris,
1435 2492 1494 2522 pro
1521 2491 1587 2522 quo
1613 2482 1653 2513 de
1680 2483 1750 2512 rato
1770 2481 1938 2521 promixit,
1958 2481 2032 2512 inti-

218 2548 357 2578 maverit
381 2549 412 2578 et
438 2547 684 2578 denuntiaverit
709 2547 750 2578 ad
777 2547 878 2578 altare
905 2546 1038 2577 domine
1064 2548 1176 2577 sancte
1204 2546 1318 2580 Marie,
1347 2545 1503 2576 heredum
1542 2544 1712 2584 quondam
1751 2542 1964 2583 Sagiimbene
1990 2543 2030 2574 de

218 2609 392 2647 Fazardis,
429 2612 656 2641 constructum
684 2610 714 2640 in
742 2610 848 2649 primo
874 2609 1019 2640 claustro
1046 2608 1122 2639 dicti
1149 2610 1335 2638 conventus
1361 2609 1390 2638 ct
1416 2607 1457 2637 ad
1486 2607 1594 2646 ipsum
1621 2608 1822 2637 conventum
1841 2602 1902 2643 (2),
1920 2614 1957 2636 ac
1976 2614 2032 2636 ve-

219 2671 358 2702 nerabili
385 2671 522 2702 domino
548 2671 638 2702 fratri
666 2671 876 2702 Bertolameo
902 2671 942 2701 de
968 2669 1151 2702 Castelatio
1176 2667 1227 2708 (3)
1253 2669 1382 2700 sindico
1408 2670 1438 2699 et
1465 2668 1669 2708 procuratori
1698 2668 1806 2707 ipsius
1832 2669 2029 2701 conventus,

218 2733 282 2764 illic
310 2734 453 2773 presenti
480 2736 511 2764 et
536 2734 695 2771 audienti,
722 2733 813 2773 quod
841 2734 911 2773 ipse
939 2732 1125 2769 lamminis,
1152 2740 1213 2762 suo
1239 2733 1269 2762 ct
1295 2731 1383 2761 dicto
1403 2730 1546 2767 nomine,
1566 2739 1625 2770 pro
1646 2730 1750 2769 pretio
1771 2729 1927 2759 librarum
1954 2731 2029 2759 octo

273 2890 304 2914 (1)
320 2890 351 2910 Lo
366 2892 443 2911 stesso
466 2892 605 2916 pagamento
627 2891 648 2911 di
664 2890 740 2911 atfitto
762 2890 773 2911 ὲ
796 2890 854 2911 fatto
870 2889 906 2910 dat
928 2889 1034 2910 sscccaria
1050 2889 1095 2908 ailo
1151 2888 1243 2908 vembre
1259 2887 1294 2907 dci
1313 2887 1370 2911 1483,
1387 2887 1407 2907 io
1424 2887 1537 2907 trovianio
1553 2887 1632 2911 eletto,
1648 2887 1683 2907 col
1699 2886 1817 2907 causidico
1829 2886 1929 2906 Antonio
1940 2885 2024 2909 Cosso,

221 2936 298 2955 stesso
322 2934 380 2955 frate
404 2935 506 2955 Lorenzo
521 2941 564 2955 eon
579 2936 629 2956 atto
645 2935 680 2955 del
697 2935 775 2955 notaio
792 2934 900 2959 Buscati,
922 2934 942 2954 ai
969 2934 991 2953 ui
1010 2934 1093 2958 agusto
1150 2933 1300 2957 procuratore
1323 2931 1350 2951 ed
1372 2931 1460 2951 arbitro
1482 2936 1522 2956 per
1544 2931 1564 2951 ia
1587 2931 1655 2951 stima
1678 2931 1713 2951 dei
1737 2930 1912 2955 migiioramenti
1928 2929 1979 2950 fatti
1995 2929 2023 2949 da

225 2980 281 3005 143⁸,
298 2985 325 3005 pe
341 2980 361 3000 le
376 2979 494 3000 annualita
512 2980 562 3001 1483
576 2986 588 3000 e
606 2980 662 3001 1484.
1150 2976 1205 2996 certi
1222 2975 1368 2996 Ambrosioni
1384 2975 1405 2995 in
1421 2980 1465 2995 uua
1483 2980 1536 2996 casn
1553 2975 1574 2995 di
1591 2975 1709 3000 propri-:ta
1725 2974 1761 2995 del
1777 2974 1880 2999 [πίοι-(ιω
1891 2974 1912 2994 di
1925 2973 1947 2994 S.
1964 2973 2025 2993 Mar-

275 3024 305 3049 t2)
320 3024 376 3045 Vedi
392 3024 406 3044 ii
421 3024 561 3045 documento
577 3024 612 3045 del
628 3025 650 3045 21
668 3024 740 3050 aprile
758 3024 814 3045 14794
1151 3021 1208 3041 cello
1224 3020 1245 3040 di
1263 3019 1340 3040 I‘avia.

274 3069 304 3092 (31
319 3068 408 3093 Questo
424 3068 547 3094 Reiigmw,
563 3074 605 3089 con
620 3070 671 3089 atto
686 3069 708 3089 di
725 3068 844 3090 Leonardo
861 3068 954 3089 ancati
970 3067 1006 3088 del
1024 3067 1047 3087 13
1057 3072 1096 3087 no-
