2347 3444
1866 224 1902 255 61

101 367 211 408 gnatis
236 367 268 398 et
293 365 400 406 quasi.
427 363 465 395 Et
491 372 610 395 versus
637 371 870 403 quascumque
897 370 1071 402 personas,
1098 368 1151 391 res
1177 361 1208 391 et
1234 360 1332 397 bona,
1359 368 1418 399 pro
1444 359 1492 390 eis
1519 360 1549 390 et
1575 367 1690 390 eorum
1709 357 1907 393 occaxione,

101 433 313 469 quacumque
339 426 525 458 occaxione
551 427 583 457 et
608 434 722 456 causa.
750 425 795 456 lta
821 426 929 456 tamen
956 425 986 455 et
1012 433 1050 455 eo
1077 423 1173 455 salvo
1210 422 1301 462 quod
1339 421 1468 461 capella
1507 421 1580 461 ipsa
1607 428 1741 459 semper
1767 420 1840 455 stet,
1868 418 1910 449 sit

102 492 133 522 et
159 490 337 527 remaneat,
363 489 455 520 iuxta
481 487 664 519 canonicas
689 487 880 524 sanciones,
907 494 1031 526 corpus
1056 486 1087 516 et
1112 484 1296 516 membrum
1334 483 1420 514 dicte
1457 482 1600 514 ecclesie
1638 491 1697 522 pro
1735 481 1834 512 dictis
1867 480 1908 511 de

103 551 314 585 Sclaft'enatis
339 553 370 583 et
396 550 495 582 modo
521 551 551 581 et
577 549 681 581 forma
720 549 889 589 predictis.
917 548 955 580 Et
980 557 1056 580 sese
1094 547 1235 578 invicem
1274 554 1420 586 congrue
1446 547 1476 576 et
1501 545 1612 576 debite
1650 543 1835 575 refferendo
1861 543 1913 580 de,

105 615 135 646 in
162 618 193 646 et
219 623 279 655 pro
305 613 465 654 predictis
491 612 649 652 superius
675 612 849 649 dedicatis,
875 610 1069 651 assignatis,
1096 609 1262 646 tradditis,
1287 608 1376 639 datis
1402 610 1433 638 et
1459 607 1568 646 quasi,
1606 606 1813 637 constituunt
1840 614 1916 644 pro-

104 679 274 708 curatores
300 678 331 708 et
356 675 512 706 dominos
539 674 569 704 in
597 683 663 705 rem
691 674 871 713 propriam,
898 672 1003 704 salvis
1030 673 1063 703 ut
1089 680 1202 712 supra,
1229 679 1302 702 cum
1330 669 1505 710 posicione
1532 668 1726 699 omnimoda
1753 668 1783 698 in
1804 667 1912 698 locum

106 748 203 771 suum
230 748 289 779 per
313 737 446 769 omnia:
484 745 583 776 quarn
622 737 734 767 turrim
773 745 846 766 cum
885 734 1065 766 liedifficiis
1091 734 1162 765 suis
1188 733 1298 764 dictus
1317 732 1474 763 dominus
1501 730 1713 771 Augustinus
1739 739 1796 769 per
1822 738 1857 760 se
1884 730 1914 759 et

106 802 179 833 eius
206 801 347 832 lieredes
372 799 545 831 constituit
571 808 611 830 ex
640 808 726 829 nunc
753 800 783 829 et
810 799 850 829 de
888 800 1010 834 cetero,
1049 796 1181 827 nomine
1217 796 1305 827 dicte
1332 794 1470 834 capelle,
1504 802 1578 824 cum
1606 794 1636 824 et
1662 792 1726 823 sub
1753 792 1860 832 pactis
1887 792 1917 822 et

106 863 394 895 convencionibus
419 861 607 897 antedictis,
634 863 755 897 tenere,
782 860 960 900 possidere
986 862 1017 891 et
1043 859 1138 899 quasi
1145 883 1216 889 .......
1245 866 1422 897 usquequo
1447 856 1559 887 dictus
1585 856 1773 886 conventus
1799 854 1839 884 de
1866 853 1915 884 eis

108 925 361 966 possessionem
367 949 438 955 .......
476 923 644 963 acceperit
671 923 889 962 corporalem.
927 920 1035 959 Quam
1062 920 1248 961 accipiendi
1275 921 1305 951 et
1333 918 1477 950 habendi
1505 920 1536 949 et
1562 916 1724 957 quicquid
1753 916 1828 947 inde
1856 924 1914 946 vo-

109 988 227 1020 luerint
252 986 408 1023 faciendi,
434 995 476 1017 ex
504 994 602 1022 nunc,
628 985 733 1016 salvis
760 985 935 1025 premissis
962 984 1068 1024 pactis
1094 986 1124 1015 et
1150 981 1450 1014 convencionibus.
1476 988 1624 1012 exnunc
1657 979 1830 1010 licenciam
1850 987 1920 1008 om-

109 1050 277 1081 nimodam
303 1048 458 1080 concedit
484 1049 515 1079 et
540 1048 606 1078 dat.
635 1047 678 1078 lta
704 1047 794 1087 quod
822 1049 851 1077 et
878 1056 918 1077 eo
945 1047 1044 1077 modo
1070 1045 1218 1086 predicte
1245 1044 1395 1075 fecerunt
1420 1045 1451 1074 et
1477 1042 1603 1074 faciunt
1630 1043 1742 1082 partes
1770 1041 1854 1080 ipse,
1881 1042 1914 1071 ut

109 1112 150 1143 de
176 1114 287 1143 cetero
313 1112 409 1151 pacta
436 1111 467 1142 et
493 1110 754 1146 convenciones,
781 1109 821 1140 de
848 1109 972 1149 quibus
1010 1117 1122 1148 supra,
1159 1107 1392 1143 observentur,
1433 1106 1512 1136 fiant
1537 1106 1568 1136 et
1594 1103 1795 1144 exequcioni
1830 1112 1922 1133 man-

110 1174 239 1206 dentur.
266 1173 304 1204 Et
331 1173 442 1204 dictus
468 1174 668 1208 conventus,
695 1172 827 1202 nomine
854 1171 940 1202 dicte
979 1170 1118 1210 capelle,
1157 1169 1249 1200 iuxta
1288 1169 1436 1208 ipsarum
1463 1166 1731 1198 convencionum
1758 1167 1918 1201 tenorem,

110 1238 140 1268 et
167 1245 226 1276 pro
263 1244 311 1272 ea,
355 1234 508 1271 habeant,
545 1235 689 1269 teneant,
724 1233 893 1273 gaudeant
919 1234 949 1263 et
976 1232 1172 1272 possideant
1210 1231 1330 1261 dictam
1368 1230 1481 1260 turrim
1508 1237 1582 1260 cum
1621 1228 1692 1259 suis
1726 1226 1916 1263 liedifficiis,

111 1298 251 1338 suisque
277 1296 487 1333 accessibus,
514 1296 718 1336 spectanciis
744 1297 774 1326 et
801 1295 1015 1335 pertinenciis
1042 1295 1072 1324 in
1100 1294 1263 1334 integrum
1291 1293 1362 1323 sine
1388 1291 1662 1327 contradictione,
1688 1290 1748 1321 sed
1775 1298 1850 1321 cum
1878 1289 1924 1319 le-

114 1360 252 1401 giptima
278 1359 485 1390 deffensione
520 1358 597 1389 dicti
635 1360 823 1388 conventus
849 1359 879 1388 et
905 1357 1029 1387 domini
1058 1355 1235 1391 Augustini
1263 1362 1569 1393 successorumque
1603 1361 1738 1383 suorum
1766 1352 1808 1382 ab
1834 1352 1923 1381 omni

114 1430 270 1462 persona,
296 1421 449 1457 ecclesia,
476 1420 629 1460 collegio,
666 1420 798 1450 comuni
826 1422 856 1450 et
883 1419 1110 1455 universitate,
1136 1419 1167 1449 et
1194 1418 1247 1455 ita,
1275 1419 1307 1448 nt
1334 1425 1435 1456 supra
1462 1418 1492 1446 et
1519 1415 1601 1446 infra
1628 1415 1826 1446 continetur,
1861 1413 1925 1444 sibi

115 1484 199 1525 ipsis
224 1483 265 1515 ad
293 1483 447 1519 invicem,
473 1482 621 1513 vicissim
649 1483 679 1512 et
706 1482 885 1521 reciproce,
912 1480 1056 1521 singulla
1082 1479 1238 1520 singullis
1276 1487 1423 1518 congrue
1449 1480 1479 1508 et
1505 1477 1617 1508 debite
1656 1476 1852 1513 refferendo,
1878 1477 1927 1506 at-

115 1546 261 1583 tendere,
288 1545 408 1581 facere,
435 1545 617 1575 observare
642 1545 673 1574 et
699 1543 882 1583 adimplere
908 1543 1103 1582 promittunt
1128 1544 1158 1572 et
1184 1540 1390 1572 conveniunt
1426 1548 1464 1570 ac
1499 1539 1642 1575 solvere,
1668 1547 1706 1569 ac
1733 1538 1831 1568 etiam
1859 1546 1927 1568 ma-

117 1609 216 1640 nibus
242 1616 354 1639 eorum
382 1605 563 1646 Scripturis
590 1605 806 1645 corporaliter
831 1605 938 1641 factis,
966 1605 996 1635 in
1023 1604 1178 1635 manibus
1203 1603 1282 1634 dicti
1309 1602 1434 1633 domini
1462 1600 1695 1632 Provinciallis
1722 1601 1870 1631 iurarunt
1895 1600 1927 1630 et

114 1671 221 1702 iurant
259 1678 317 1710 per
348 1678 423 1700 sese
450 1671 480 1699 et
506 1677 631 1703 eorum,
658 1668 756 1698 dictis
791 1667 992 1704 nominibus,
1027 1674 1255 1703 successores,
1281 1665 1321 1695 ad
1349 1666 1463 1695 sancta
1490 1662 1551 1694 Dei
1580 1662 1785 1703 Evangellia,
1817 1664 1848 1692 et
1878 1662 1926 1692 eis

116 1734 146 1764 in
173 1732 286 1772 aliquo
312 1734 426 1763 contra
452 1740 516 1761 non
544 1730 664 1767 facere,
691 1730 810 1767 dicere,
837 1738 1007 1769 opponere
1034 1728 1085 1759 vel
1113 1729 1224 1759 venire
1251 1736 1310 1767 per
1335 1735 1411 1758 sese
1438 1734 1705 1764 sucessoresque
1743 1732 1835 1761 suos,
1862 1724 1926 1755 sub

117 1803 201 1835 pena
227 1794 361 1834 periurii
388 1795 419 1824 et
445 1793 475 1823 in
502 1792 723 1832 preiudicium
750 1792 933 1822 animarum
961 1790 1270 1822 contrafacientium
1298 1791 1328 1820 et
1354 1788 1418 1820 sub
1444 1797 1530 1828 pena
1550 1787 1752 1818 reffectionis
1778 1788 1807 1817 et
1834 1786 1928 1817 resti-

117 1856 254 1888 tutionis
281 1856 406 1896 integre
432 1855 578 1885 omnium
606 1856 636 1885 et
662 1853 882 1894 singullorum
902 1853 1134 1893 dampnorum,
1154 1852 1315 1883 interesse
1333 1853 1364 1882 et
1382 1858 1609 1890 expensarum
1615 1875 1675 1880 ......
1695 1848 1924 1880 faciendorum

116 1918 370 1959 quomodolibet
395 1919 425 1948 et
451 1917 645 1953 fiendarum,
672 1917 751 1947 ratis
777 1918 807 1947 et
833 1916 937 1947 firmis
963 1914 1211 1946 nicliillominus
1238 1913 1450 1944 manentibus
1477 1912 1635 1943 omnibus
1653 1913 1683 1942 et
1709 1910 1852 1950 singulis
1871 1919 1927 1941 su-

117 1980 312 2021 prascriptis
337 1982 368 2010 et
395 1979 626 2019 infrascriptis.
654 1978 692 2009 Et
718 1987 778 2018 pro
805 1978 868 2009 biis
894 1978 1051 2008 omnibus
1077 1978 1107 2007 et
1134 1975 1287 2016 singulis,
1314 1975 1361 2006 sic
1387 1975 1523 2005 firmiter
1549 1976 1579 2004 et
1605 1973 1785 2004 efficaciter
1821 1974 1928 2003 atten-

117 2042 247 2079 dendis,
273 2042 404 2077 fiendis,
431 2040 605 2071 solvendis
631 2042 661 2071 et
687 2040 921 2076 observandis,
948 2039 1025 2070 dicti
1053 2038 1177 2069 domini
1206 2037 1308 2074 Prior,
1336 2036 1509 2077 Magister,
1536 2035 1653 2066 tratres
1679 2037 1710 2066 et
1728 2033 1927 2066 Conventus

117 2105 227 2135 omnia
253 2104 417 2135 dictorum
444 2101 643 2134 Conventus
669 2104 699 2133 et
725 2102 879 2137 ecclesie,
906 2102 994 2132 dicto
1021 2101 1158 2132 domino
1195 2099 1385 2140 Augustino
1423 2098 1579 2138 presenti,
1615 2097 1785 2137 recipienti
1813 2098 1843 2127 et
1870 2097 1928 2127 sti-

118 2167 266 2208 pulanti:
293 2168 323 2197 et
349 2166 460 2196 dictus
486 2165 643 2196 dominus
670 2164 875 2204 Augustinus
901 2164 1011 2194 omnia
1037 2164 1110 2194 eius
1136 2163 1235 2193 dictis
1261 2161 1407 2192 dominis
1426 2160 1541 2196 Priori,
1562 2160 1736 2200 Magistro.
1757 2159 1927 2190 Fratribus

119 2231 150 2260 et
176 2227 376 2265 Conventui
403 2228 491 2258 dicte
517 2227 645 2267 capelle
671 2227 819 2266 dictique
846 2228 1032 2256 conventus
1060 2225 1203 2260 nomine,
1230 2224 1481 2264 stipulantibus,
1510 2223 1597 2253 bona
1625 2222 1793 2262 presentia
1819 2223 1850 2252 et
1876 2220 1927 2251 fu-

120 2293 202 2328 tura,
217 2290 364 2322 mobillia
390 2291 421 2321 et
447 2289 630 2320 immobilia
657 2289 783 2329 pigneri
811 2291 840 2319 et
867 2289 1020 2328 ipotliece
1047 2287 1237 2326 obligarunt
1263 2288 1292 2317 et
1319 2286 1478 2326 obligant.
1499 2284 1548 2316 Ad
1576 2294 1640 2324 que
1667 2284 1778 2314 omnia
1804 2285 1835 2314 et
1861 2283 1929 2313 sin-

120 2354 209 2394 gulla
235 2355 268 2384 ut
294 2361 405 2392 supra,
432 2361 492 2392 pro
519 2354 610 2392 parte
636 2351 714 2382 dicti
742 2353 929 2382 conventus
966 2350 1086 2386 fienda,
1124 2349 1291 2389 promissa
1324 2350 1355 2379 et
1381 2349 1557 2383 conventa,
1583 2346 1786 2378 attendenda
1813 2347 1843 2376 et
1869 2345 1929 2375 ob-

120 2415 296 2452 servanda,
322 2415 432 2446 dictus
459 2414 617 2445 dominus
643 2413 888 2449 Provinciallis,
916 2412 1038 2443 sedens
1066 2414 1099 2442 ut
1125 2420 1238 2451 supra,
1265 2411 1295 2441 in
1324 2411 1388 2441 niis
1414 2410 1548 2449 scriptis
1574 2418 1647 2440 cum
1686 2416 1788 2439 cause
1816 2407 1930 2447 cogni-

121 2479 220 2515 tione,
246 2477 383 2509 eosdem
409 2477 564 2508 dominos
591 2475 750 2513 Priorem,
770 2475 982 2515 Magistrum,
1001 2474 1118 2505 fratres
1137 2476 1168 2505 et
1186 2471 1399 2505 Conventum
1426 2473 1652 2512 acceptantes,
1679 2479 1799 2501 versus
1819 2470 1928 2509 ipsum

123 2540 293 2571 dominum
320 2539 544 2580 Augustinum
571 2540 814 2578 acceptarum,
841 2537 1102 2576 condempnavit
1129 2537 1159 2567 et
1184 2535 1411 2575 condempnat
1437 2534 1598 2574 predictis
1624 2533 1781 2564 omnibus
1807 2534 1837 2563 et
1863 2532 1931 2562 sin-

123 2602 233 2643 gullis,
258 2602 330 2633 eius
356 2603 386 2633 et
411 2602 488 2633 dicti
516 2600 653 2633 Ordinis
679 2601 921 2636 auctoritatem,
949 2598 1227 2634 insinuacionem,
1255 2597 1426 2628 licenciam
1446 2596 1655 2636 presenciam
1675 2597 1705 2626 et
1725 2602 1929 2626 consensum

125 2665 348 2704 interponens,
374 2664 469 2700 dans,
496 2666 650 2704 prestans
676 2665 706 2694 et
732 2663 917 2693 insinuans.
946 2661 983 2691 Et
1009 2661 1049 2691 ad
1078 2661 1232 2697 invicem,
1259 2659 1419 2696 vicissim,
1447 2659 1604 2698 recipere,
1630 2656 1762 2696 singula
1789 2656 1931 2695 singulis

125 2734 269 2767 congrue
296 2728 325 2757 et
349 2726 461 2757 debite
488 2725 672 2757 refferendo
698 2725 777 2756 dicti
804 2723 929 2755 domini
958 2722 1060 2759 Prior,
1088 2722 1260 2762 Magister,
1281 2720 1410 2752 Fratres
1437 2722 1467 2752 et
1493 2718 1691 2752 Conventus
1718 2720 1747 2750 et
1774 2718 1932 2749 dominus

126 2787 344 2828 Augustinus,
371 2788 467 2819 etiam
494 2788 615 2819 virtute
641 2790 672 2818 et
697 2796 739 2818 ex
767 2786 906 2818 licencia
932 2788 963 2816 et
989 2784 1195 2821 auctoritate,
1222 2784 1262 2815 de
1289 2783 1413 2823 quibus
1441 2783 1470 2813 in
1499 2781 1721 2821 infrascriptis
1748 2780 1863 2811 litteris
1897 2780 1931 2810 fit

127 2850 265 2887 mencio,
293 2850 527 2881 renunciarunt
552 2851 584 2881 et
610 2849 804 2880 renunciant
830 2857 889 2888 per
914 2855 1113 2887 expressum
1140 2846 1330 2886 exceptioni
1358 2854 1422 2875 non
1449 2844 1610 2876 factarum
1649 2843 1811 2874 dictarum
1839 2841 1933 2872 dedi-

127 2912 284 2948 meionis,
320 2912 585 2952 assignationum
619 2912 718 2949 dotis,
755 2910 1013 2945 traddicionum,
1046 2909 1223 2939 dacionum
1250 2910 1281 2939 et
1307 2907 1415 2947 quasi,
1443 2907 1543 2937 modo
1569 2908 1599 2937 et
1626 2905 1742 2941 forma,
1768 2904 1876 2944 pactis
1902 2906 1933 2934 et

127 2973 413 3005 convencionibus
439 2974 617 3005 antedictis
643 2979 674 3005 et
701 2976 733 3005 ut
760 2981 873 3013 supra,
900 2974 929 3003 et
957 2971 1182 3011 predictarum
1210 2978 1317 3001 rerum
1344 2971 1378 3000 ut
1404 2978 1505 3009 supra
1525 2970 1694 3008 gestarum
1714 2966 1873 2997 factarum
1901 2967 1931 2996 et

127 3035 365 3076 promissarum
392 3037 426 3066 ut
450 3044 562 3076 supra,
588 3038 649 3067 etc.
676 3038 706 3067 et
732 3035 922 3075 exceptioni
950 3033 1106 3064 infactum
1133 3034 1164 3063 et
1189 3031 1267 3063 dolli
1295 3031 1370 3062 mali
1376 3056 1436 3062 ......
1463 3030 1514 3062 vel
1542 3040 1583 3062 ex
1611 3030 1732 3060 iniusta
1758 3036 1860 3059 causa
1879 3027 1931 3058 vel

127 3097 171 3128 ob
195 3098 323 3137 turpem
350 3106 486 3129 causam
492 3123 553 3129 ......
580 3098 757 3138 privilegio
794 3097 854 3128 fori
861 3122 921 3128 ......
960 3095 1232 3135 quibuscumque
1259 3095 1289 3125 et
1315 3093 1473 3124 omnibus
1511 3091 1775 3133 probacionibus
1801 3091 1832 3120 et
1858 3098 1934 3129 pro-
