2347 3444
290 170 350 199 116

281 304 496 339 conveniant,
523 304 553 334 in
581 304 697 344 primis
724 304 952 335 necessarium
980 304 1079 335 nobis
1105 303 1174 335 fore
1194 303 1383 335 iudicamus
1403 306 1436 334 ut
1454 303 1643 335 divinarum
1671 313 1778 335 rerum
1798 305 1908 336 cultus
1925 305 2098 343 habeatur,

281 367 352 397 sine
378 375 446 406 quo
473 366 515 396 nil
555 366 675 397 stabile
714 375 908 406 permanere
947 370 1068 406 potest,
1095 370 1136 401 et,
1163 366 1225 397 nisi
1254 366 1346 406 prius
1384 368 1621 406 cognoscatur,
1647 365 1783 397 difficile
1817 369 1867 398 est
1894 369 1927 398 ut
1953 367 2096 408 adipisci

280 428 398 468 possit.
437 425 522 459 Cum
559 431 670 459 autem
699 430 731 459 ut
758 428 937 468 plurimum
966 438 982 459 a
1011 428 1282 468 predicatoribus
1320 428 1375 468 qui
1414 428 1535 458 similia
1575 428 1751 468 inteligunt
1777 429 1965 460 divinarum
1993 439 2099 461 rerum

284 490 438 522 habenda
477 491 518 521 sit
556 491 721 531 cognicio,
747 493 776 521 et
805 490 969 521 informati
1009 491 1050 521 de
1088 491 1246 526 sciencia,
1285 490 1436 521 moribus
1472 493 1503 521 et
1541 491 1608 522 vita
1645 490 1850 531 dicendique
1876 491 2035 523 facilitate
2060 500 2099 523 ac

281 553 431 584 doctrine
458 553 555 592 copia
584 553 785 584 venerabilis
812 562 906 584 sacre
934 553 1055 592 pagine
1081 553 1230 583 doctoris
1256 553 1382 583 domini
1410 553 1520 584 fratris
1546 551 1682 593 Georgii
1702 553 1777 584 dela
1797 552 1949 585 pusterla
1966 554 2101 594 placen-

282 616 351 651 tini,
378 615 610 655 paternitatem
650 617 794 646 vestram
833 615 1017 646 affectuose
1055 615 1287 654 deprecantur,
1315 618 1347 646 ut
1374 624 1434 646 sua
1462 615 1668 655 benignitate
1706 615 1815 646 taliter
1852 616 2029 656 providere
2066 618 2097 647 et

282 687 381 717 agere
420 677 509 713 velit,
547 677 637 717 quod
676 677 819 708 eundem
859 678 947 717 apud
976 676 1079 709 Cives
1107 678 1189 709 istos
1217 677 1246 708 in
1275 678 1335 708 liac
1363 677 1516 717 proxime
1556 680 1695 708 ventura
1736 677 2015 718 quadragessima
2042 678 2100 709 lia-

283 741 433 776 beamus,
461 740 551 780 quod
591 740 688 771 facile
726 741 910 779 paternitas
938 742 1047 771 vestra
1074 740 1115 771 ab
1142 750 1182 771 eo
1208 740 1383 776 obtinebit,
1411 739 1437 770 si
1465 740 1576 771 tallem
1615 740 1761 780 graciam
1789 740 1888 771 nobis
1914 740 2100 772 concedere

283 803 452 842 disponat,
491 805 523 833 ut
561 803 770 838 arbitramur,
797 805 827 833 et
854 802 988 833 firmiier
1013 811 1200 842 speramus.
1228 802 1297 833 Nec
1325 802 1507 842 proderunt
1533 803 1790 839 excusaciones,
1825 802 1851 833 si
1879 810 1964 842 quas
1991 802 2100 834 facere

284 865 383 896 vellet
411 865 496 896 idem
525 863 563 895 l).
592 864 692 895 frater
729 862 898 904 Georgius
925 864 951 895 si
979 864 1061 895 forte
1087 864 1224 903 alegarit
1261 865 1340 895 alibi
1379 865 1594 904 promixisse,
1621 865 1698 904 quia
1725 865 1924 896 obediencia
1958 865 2101 896 eundem

286 928 434 967 undique
461 927 650 958 excusabit.
679 927 752 957 Non
780 927 975 957 dubitamus
1002 926 1153 966 profecto
1179 927 1270 966 quod
1297 927 1407 958 tallem
1434 927 1576 958 fructum
1605 927 1861 967 predicaciones
1887 935 1947 958 sue
1974 927 2102 958 facture

285 992 378 1021 erunt
405 999 446 1021 ex
474 989 598 1029 quibus
625 992 691 1020 tota
721 990 779 1020 liec
807 987 937 1020 Civitas
963 998 1004 1019 ex
1033 989 1099 1019 talli
1126 989 1216 1019 dono
1244 989 1390 1020 infinitas
1416 990 1546 1029 gracias
1573 991 1603 1020 et
1629 990 1950 1021 commendaciones
1988 988 2102 1020 Pater-

285 1053 376 1083 nitati
417 1052 533 1083 Vestre
572 1060 706 1091 semper
744 1051 882 1082 reddere
920 1051 1134 1091 obligabitur.
1173 1051 1257 1082 Nam
1285 1051 1419 1087 fiducia,
1452 1060 1551 1091 quam
1579 1060 1656 1092 erga
1683 1051 1920 1083 Paternitatem
1948 1051 2100 1083 Vestram

284 1115 428 1154 amplam
456 1115 614 1153 gerimus,
641 1114 719 1144 facit
747 1116 779 1143 ut
807 1114 967 1144 brevibus
995 1113 1108 1144 verbis
1134 1113 1211 1144 talle
1249 1122 1371 1144 munus
1397 1114 1439 1145 ab
1465 1122 1503 1144 ea
1531 1114 1629 1145 nobis
1666 1114 1805 1145 concedi
1845 1116 2010 1154 petamus.
2038 1113 2103 1145 Va-

285 1178 357 1208 lete.
386 1176 522 1216 Papiae,
549 1176 607 1207 XV
634 1176 833 1213 decembris,
861 1174 1132 1216 MCCCCLVllJ.
1160 1175 1268 1207 Vestri
1295 1175 1453 1216 Deputati
1481 1176 1593 1207 officio
1619 1175 1867 1208 Provisionum.

994 1324 1397 1364 CCLXXXVII.

374 1434 440 1461 Per
467 1434 499 1461 la
526 1433 808 1469 giustificazione
835 1434 868 1461 di
894 1443 939 1462 un
966 1434 1201 1469 Agostiniano
1220 1439 1380 1470 sospetto
1407 1435 1463 1463 del
1490 1435 1582 1463 furto
1608 1434 1643 1462 di
1668 1443 1713 1462 un
1731 1434 1862 1463 Codice
1882 1434 1917 1462 di
1935 1434 2106 1463 Cicerone

284 1487 380 1515 dalla
407 1487 606 1516 Biblioteca
633 1487 667 1515 di
694 1488 728 1515 S.
757 1487 880 1516 Marco
906 1487 940 1516 di
966 1487 1101 1516 Milano
1120 1486 1183 1527 (l).

940 1592 1092 1623 1459,
1123 1599 1345 1623 lxxem-zo,
1375 1593 1452 1618 12.

821 1690 898 1710 ‹Arclr
916 1690 995 1710 Notar.
1013 1690 1034 1710 di
1052 1690 1130 1711 Pavia.
1147 1702 1172 1704 ἡ
1188 1690 1235 1711 Atti
1252 1691 1273 1711 di
1290 1690 1403 1716 Agostino
1420 1691 1567 1716 Gravanagoi

388 1875 434 1989 Ι
529 1892 552 1918 Ν
579 1888 726 1919 claustro
753 1888 897 1920 ecclesie
925 1891 955 1920 et
981 1887 1181 1921 Conventus
1208 1890 1313 1921 sancti
1342 1889 1533 1931 Augustini,
1560 1891 1624 1922 sito
1651 1891 1682 1922 in
1709 1889 1875 1923 Citadella
1901 1890 2016 1932 papie,
2043 1891 2108 1923 Ve-

551 1951 686 1982 nantius
711 1952 800 1983 filius
826 1952 982 1984 Antoneli
1010 1952 1204 1993 Tempesta,
1231 1953 1271 1984 de
1298 1955 1381 1984 terra
1408 1954 1514 1984 sancti
1534 1951 1671 1985 Genesii
1692 1954 1843 1985 Marchie
1862 1953 2106 1993 Anclionitane,

550 2015 754 2046 constitutus
781 2015 811 2046 in
839 2016 1009 2055 presentia
1030 2016 1204 2047 reverendi
1232 2016 1337 2056 patris
1363 2017 1490 2048 domini
1517 2016 1720 2049 Manfredini
1740 2018 1781 2049 de
1801 2018 1992 2049 Mombreto
2011 2027 2106 2050 sacre

282 2077 404 2117 pagine
432 2077 592 2117 magistri,
619 2076 729 2108 fratris
756 2077 913 2109 Iohannis
956 2077 1123 2109 Francisci
1151 2079 1192 2109 de
1218 2077 1379 2119 Campise
1407 2080 1532 2117 biblici,
1558 2079 1668 2111 fratris
1695 2079 1894 2112 Bertolamei
1921 2081 1962 2112 de
1989 2079 2108 2113 Caste-

283 2140 368 2171 lacio
395 2140 539 2177 lectoris,
565 2139 675 2171 fratris
703 2139 812 2171 iacobi
840 2140 880 2171 de
908 2138 1056 2172 Cortona
1083 2142 1284 2181 subprioris,
1310 2141 1420 2173 fratris
1440 2141 1597 2174 lobannis
1616 2141 1777 2174 Gualterii
1797 2143 1838 2175 de
1857 2141 1970 2180 Curte,
1996 2143 2107 2175 fratris

284 2200 454 2233 Gabrielis
480 2202 521 2233 de
547 2200 772 2242 Carmagnola
800 2204 948 2243 magistri
976 2204 1195 2242 studentium,
1223 2213 1282 2235 nec
1309 2214 1373 2235 non
1401 2206 1431 2235 et
1456 2205 1582 2236 domini
1609 2204 1719 2237 fratris
1760 2204 1876 2236 Basilii
1903 2205 1944 2237 de
1971 2205 2107 2237 Basiliis

282 2265 323 2295 de
350 2266 468 2296 sancto
495 2262 651 2296 Genexio
677 2264 829 2297 Marciiie
856 2265 1091 2298 Anclionitane
1129 2266 1268 2298 Ordinis
1307 2266 1457 2298 Fratrum
1497 2267 1739 2298 Heremitarum
1777 2268 1885 2299 sancti
1924 2267 2104 2308 Augustini

283 2327 470 2366 papiensis,
497 2329 528 2357 et
554 2327 633 2358 dicti
661 2327 771 2359 fratris
798 2327 913 2359 Basilii
941 2328 1051 2360 fratris
1078 2330 1316 2361 conventualis
1342 2330 1449 2361 sancti
1477 2329 1606 2361 Marchi
1626 2329 1812 2361 Mediolani
1833 2329 1972 2361 Ordinis
1998 2331 2106 2362 sancti

283 2389 475 2429 Augustini,
501 2390 682 2421 confessus
708 2390 769 2422 fuit
795 2393 826 2422 et
852 2392 1029 2423 confitetur
1055 2401 1176 2423 versus
1202 2393 1312 2424 dictos
1339 2393 1495 2424 dominos
1521 2392 1638 2424 fratres
1673 2393 1778 2424 sancti
1807 2392 1986 2433 Augustini
2007 2395 2038 2424 et
2057 2393 2107 2424 di-

283 2454 370 2482 ctum
398 2451 530 2483 fratrem
559 2452 765 2484 Basilium....
804 2454 894 2494 quod
922 2454 975 2485 die
1002 2455 1110 2486 sabati
1139 2455 1292 2495 proxime
1330 2455 1496 2495 preterita,
1522 2464 1588 2495 que
1615 2455 1675 2486 fuit
1701 2455 1754 2486 die
1781 2455 1911 2487 decima
1938 2455 2106 2496 presentis

284 2514 410 2545 mensis
438 2514 567 2552 Marcii,
594 2516 666 2555 ipse
693 2515 888 2553 venantius,
915 2517 1033 2557 spiritu
1061 2517 1232 2549 diabolico
1259 2518 1449 2558 instigatus,
1475 2518 1615 2549 absente
1642 2520 1673 2549 et
1699 2518 1873 2559 ignorante
1899 2519 1990 2549 dicto
2007 2517 2106 2549 fratre

285 2575 423 2611 Basilio,
451 2586 526 2607 cum
554 2586 621 2617 quo
647 2578 827 2609 dormierat
843 2580 938 2610 nocte
957 2582 1034 2610 tunc
1055 2580 1267 2620 precedente,
1286 2590 1360 2612 cum
1379 2581 1526 2621 quodam
1546 2580 1659 2621 gladio
1678 2580 1798 2612 furtive
1813 2581 1942 2621 aperuit
1958 2581 2104 2612 bostium

285 2638 490 2669 bibliothece
517 2640 622 2670 sancti
652 2639 757 2671 Marci
786 2640 982 2679 Mediolani,
1009 2644 1051 2679 et,
1079 2642 1154 2682 ipso
1170 2643 1282 2673 hostio
1296 2645 1413 2683 aperto
1439 2651 1498 2683 per
1523 2652 1598 2674 eum
1631 2645 1663 2673 ut
1689 2642 1912 2683 supra‚furt0
1938 2643 2106 2674 subtraxit

284 2699 402 2730 librum
431 2699 530 2737 Tulii,
557 2701 587 2731 in
615 2710 682 2741 quo
709 2702 879 2734 volumine
907 2703 979 2734 libri
999 2703 1065 2735 fere
1084 2706 1161 2735 sunt
1187 2705 1299 2735 omnia
1318 2714 1420 2745 opera
1439 2705 1512 2736 eius
1531 2704 1643 2742 Tullii,
1662 2707 1724 2742 etc,
1743 2707 1774 2736 et
1796 2705 1874 2736 dum
1895 2705 2007 2745 fugam
2026 2705 2108 2736 arri-

283 2762 414 2801 puisset
442 2762 515 2802 ipse
543 2762 735 2795 Venancius
762 2773 836 2795 cum
864 2765 953 2796 dicto
973 2765 1067 2803 libro,
1095 2767 1263 2797 veniendo
1290 2766 1428 2807 Papiam
1455 2776 1530 2798 cum
1557 2767 1648 2798 dicto
1668 2767 1760 2803 libro,
1782 2768 1951 2808 insequuti
1971 2766 2104 2798 fuerunt

287 2920 432 2940 nevolruentc
448 2921 610 2946 concliindere,
625 2921 666 2942 elie
682 2921 776 2947 dunque
792 2922 805 2941 il
823 2921 900 2942 Priore
916 2922 1028 2943 Generale
1044 2923 1102 2944 frate
1113 2923 1167 2945 Giu-
1221 2924 1282 2944 liano
1298 2924 1326 2944 da
1342 2923 1425 2944 Salerni
1442 2924 1463 2944 lo
1478 2924 1547 2944 abbia
1563 2924 1655 2945 indutio
1670 2930 1682 2945 a
1700 2925 1836 2950 rinunciare,
1853 2931 1864 2946 e
1880 2925 1959 2951 quindi
1972 2925 2030 2946 frate
2040 2925 2104 2946 Ates-

287 2964 347 2984 liano
364 2964 391 2984 da
408 2964 491 2985 Salerni
516 2965 613 2986 niorisse
639 2966 681 2986 ben
705 2966 777 2991 prima
802 2966 838 2986 del
864 2969 942 2992 tempo
958 2967 1113 2987 deterriiinato
1129 2967 1165 2988 dal
1221 2968 1307 2989 sandro
1318 2968 1383 2989 Oliva
1400 2969 1432 2989 sia
1449 2968 1560 2989 divcnuio
1576 2969 1667 2989 Vicario
1683 2969 1795 2990 Gener-ale
1811 2970 1884 2995 prima
1901 2970 1960 2990 della
1976 2971 2050 2990 morte
2066 2969 2102 2990 del

286 3008 393 3029 Toleni]
423 3009 469 3034 vu,
495 3015 547 3035 pag.
564 3010 606 3035 83),
623 3011 673 3031 ciue
690 3012 723 3031 tra
741 3011 754 3031 il
773 3012 796 3031 15
811 3011 832 3031 di
849 3012 921 3037 aprile
937 3017 948 3032 e
965 3012 977 3032 il
994 3012 1016 3032 21
1035 3012 1056 3032 di
1078 3014 1170 3037 mageio
1227 3018 1270 3034 suo
1287 3019 1432 3039 precessore:
1449 3014 1462 3034 il
1479 3014 1521 3035 elie
1537 3014 1593 3039 pero
1609 3020 1654 3034 non
1670 3016 1760 3035 consta

285 3052 321 3072 del
340 3054 403 3078 143¹),
420 3055 506 3079 purch-1·
522 3061 566 3075 non
583 3055 658 3080 voglia
675 3056 779 3076 ritenersi
796 3056 836 3076 clic
852 3056 873 3076 la
890 3057 992 3077 malattia
1005 3057 1026 3077 di
1038 3057 1096 3078 irate
1113 3058 1166 3079 Giu-
1274 3059 1305 3082 (11
1320 3058 1410 3084 Questo
1425 3059 1519 3080 curioso
1535 3059 1676 3079 documento
1691 3059 1702 3080 e
1719 3059 1868 3085 importante,
1885 3059 1918 3080 sia
1935 3059 2018 3086 perche
2034 3059 2045 3080 ὲ
2062 3064 2103 3085 per
