2347 3444
1910 205 1970 236 173

157 344 297 376 secundi
324 343 441 375 notarii
467 344 498 374 et
523 344 626 374 testes
651 341 866 382 espedientes
892 341 1053 372 interesse
1091 338 1222 379 possint
1247 339 1315 369 tute
1343 337 1445 368 libere
1471 339 1503 368 et
1540 337 1686 377 impune,
1714 337 1754 368 iis
1779 337 1820 368 de
1846 338 1971 377 quibus

159 414 262 446 supra
287 405 324 436 tit
349 405 482 442 mentio,
509 405 540 435 in
566 404 768 436 contrarium
795 402 998 434 facientibus
1023 410 1088 433 non
1115 400 1260 437 attentis,
1287 400 1411 440 quibus
1438 399 1469 430 in
1497 400 1558 430 hac
1586 400 1678 439 parte
1703 400 1889 437 dumtaxat,
1931 408 1971 430 ex

160 470 248 500 certa
275 469 387 498 nostra
412 467 553 498 scientia
580 467 793 507 derogamus,
821 465 918 496 bonis
956 466 1064 496 tamen
1103 463 1188 503 ipsis
1213 462 1467 493 transeuntibus
1493 470 1568 492 cum
1594 470 1694 492 onere
1732 470 1794 492 suo
1832 463 1863 492 et
1889 461 1974 491 obli-

161 530 300 570 gacione
325 529 489 569 ipothece,
515 528 670 560 solvendi
697 536 798 559 onera
825 528 855 558 in
883 527 937 558 illa
963 528 1055 567 parte
1075 526 1106 556 in
1125 534 1191 565 qua
1205 524 1348 555 solvitur
1362 524 1403 555 de
1418 523 1565 564 presenti
1581 532 1640 554 seu
1656 523 1808 554 solvetur
1825 524 1974 563 tempore

161 600 228 631 quo
254 591 474 631 suprascripti
501 592 693 622 contractus
718 589 800 621 fient
824 591 854 620 et
880 589 952 620 sine
978 587 1163 628 preiudicio
1190 586 1309 617 iurium
1336 586 1426 617 tercii
1454 587 1485 617 et
1511 585 1572 616 fori
1591 585 1832 617 declinacione,
1851 585 1975 624 quibus

162 661 226 683 non
254 653 457 684 intendimus
494 661 553 692 per
589 653 764 692 presentes
789 651 949 691 derogare
986 651 1015 681 et
1054 658 1112 690 per
1149 650 1337 689 respectum
1364 648 1404 679 ad
1432 648 1506 688 ipsa
1532 647 1602 678 iura
1628 647 1712 678 tertii
1739 648 1770 678 et
1797 646 1856 677 tori
1876 646 1978 678 decli-

163 715 301 745 nacione
328 715 387 745 hec
415 717 527 745 nostra
554 714 730 745 concessio
757 713 880 744 nullius
895 713 937 744 sit
956 712 1086 743 roboris
1104 714 1134 743 et
1154 711 1321 742 momenti.
1342 710 1373 741 ln
1393 719 1534 750 quorum
1554 709 1781 740 testimonium
1802 710 1977 749 presentes

163 776 230 806 ticri
258 776 419 807 iussimus
445 778 474 807 et
502 776 667 816 registrari
695 776 869 815 nostrique
895 774 995 815 sigilli
1022 773 1203 805 munimine
1220 773 1378 803 roborari.
1405 771 1491 803 Data
1518 770 1632 811 Papie,
1658 771 1711 802 die
1737 770 1795 801 XX
1824 770 1977 811 Augusti,

162 835 450 877 MCCCCLXXIJ.
478 836 642 868 lohannes
669 836 847 868 Antonius.

933 992 1212 1033 CCCLXX.

252 1111 416 1146 Proposta
441 1109 473 1138 di
497 1109 656 1138 arbitrato
682 1110 714 1138 in
740 1120 804 1139 una
821 1110 1049 1139 controversia
1066 1111 1114 1138 fra
1138 1109 1160 1138 il
1186 1110 1358 1138 Convento
1383 1109 1415 1137 di
1440 1109 1472 1137 S.
1499 1108 1657 1137 Mostiola
1682 1117 1700 1137 e
1725 1108 1746 1137 il
1771 1107 1980 1137 Provinciale

164 1164 248 1192 frate
272 1165 460 1192 Francesco
490 1163 602 1191 Trotti
620 1161 681 1203 (l)

818 1250 973 1281 1472,
1002 1258 1038 1275 εὶ
1044 1252 1221 1283 gosto,
1251 1250 1327 1274 31.

728 1347 794 1368 Ascli.
813 1347 891 1367 Notnr.
909 1347 930 1367 di
948 1347 1025 1368 l'avia,
1042 1358 1065 1360 —
1083 1347 1129 1367 Atti
1146 1347 1166 1367 di
1185 1347 1304 1367 Leonnrdo
1321 1346 1433 1367 Buscatit.

408 1516 410 1527 s

252 1532 358 1649 C
408 1545 521 1577 'ORAM
548 1544 646 1575 vobis
673 1545 856 1576 reverendo
893 1545 1029 1575 domino
1067 1544 1246 1576 Francisco
1271 1544 1312 1575 de
1339 1543 1452 1575 Trotis
1500 1544 1540 1575 de
1567 1542 1772 1575 Alexandria
1807 1552 1899 1574 sacre
1926 1552 1985 1583 pa-

408 1600 512 1648 ³gine
539 1607 728 1647 professore
765 1610 795 1638 et
832 1606 944 1638 Priore
981 1607 1178 1647 provinciali
1216 1607 1322 1638 sancti
1360 1606 1539 1647 Augustini
1566 1604 1704 1637 Ordinis
1730 1605 1984 1641 Heremitarum,

257 1705 279 1707 ἶ,
313 1705 401 1707 *vj
436 1672 607 1709 comparet
634 1671 664 1700 et
690 1678 725 1700 se
753 1672 920 1710 presentat
947 1669 1149 1701 venerabilis
1180 1669 1279 1700 frater
1304 1668 1522 1701 Guilliermus
1548 1669 1588 1700 de
1616 1668 1721 1709 Papia
1738 1666 1789 1707 (2)
1818 1669 1895 1700 dicti
1923 1662 1986 1700 Or-

171 1732 270 1770 dinis,
296 1731 494 1764 Conventus
519 1734 633 1763 sancte
672 1732 831 1763 Nlustiole
871 1731 984 1772 Papie,
1023 1732 1208 1763 occaxione
1245 1732 1454 1772 quarundam
1481 1733 1684 1763 assertarum
1723 1731 1903 1763 litterarum
1931 1740 1987 1762 ve-

171 1796 323 1832 strarum,
349 1803 408 1835 per
433 1803 573 1835 quarum
600 1794 753 1825 effectum
792 1803 924 1825 monere
962 1795 1121 1825 videmini
1159 1795 1283 1826 dictum
1322 1792 1535 1826 Conventurn
1574 1796 1688 1825 sancte
1726 1793 1898 1830 Mustiole‚
1925 1802 1984 1824 seu

171 1857 295 1888 dictum
321 1856 454 1888 fratrem
482 1855 727 1894 Guilliermum,
754 1856 817 1887 sub
843 1859 972 1888 asserta
999 1866 1083 1897 pena
1110 1857 1455 1894 excomunicacionis,
1493 1858 1660 1896 quatenus
1697 1856 1817 1887 debeat
1854 1855 1987 1887 satisfe-

171 1919 258 1951 cisse
284 1919 373 1950 tratri
402 1919 561 1950 Federico
587 1919 628 1950 de
655 1918 860 1950 Alexandria
887 1919 927 1950 de
953 1919 1085 1950 ducatis
1111 1919 1282 1955 tredecim,
1308 1920 1364 1950 aut
1389 1918 1496 1950 eidem
1524 1918 1746 1959 consignasse
1774 1927 1875 1949 unum
1902 1918 1987 1949 Mis-

170 1981 251 2020 sale,
278 1984 376 2022 prout
402 1982 524 2013 dicitur
549 1982 711 2013 contineri
739 1982 770 2012 in
797 1984 925 2013 asserta
951 1981 1124 2021 apodissa,
1150 1981 1191 2012 de
1216 1990 1282 2021 qua
1308 1981 1339 2011 in
1367 1981 1465 2012 dictis
1492 1981 1608 2012 litteris
1635 1981 1755 2012 vestris
1787 1981 1821 2011 fit
1853 1981 1986 2017 mentio,

171 2046 227 2075 aut
251 2044 473 2085 consignasse
500 2043 642 2075 Missale
667 2044 708 2075 de
735 2052 803 2084 quo
828 2043 979 2075 similiter
1005 2044 1036 2074 in
1062 2052 1100 2074 ea
1126 2043 1161 2074 fit
1187 2044 1320 2081 menti‹)‚
1346 2052 1422 2074 cum
1449 2043 1601 2074 clausula
1627 2045 1736 2074 tamen
1764 2043 1854 2083 quod
1883 2043 1909 2073 si
1945 2052 1985 2073 ex

171 2107 331 2146 predictis
356 2107 499 2138 senserit
524 2115 560 2137 se
587 2107 729 2147 gravari,
756 2109 948 2146 compareat
973 2115 1083 2137 coram
1111 2106 1209 2137 vobis
1236 2106 1319 2137 infra
1345 2106 1520 2137 terminum
1547 2106 1675 2137 dierum
1702 2105 1905 2145 quindecim,
1924 2107 1986 2136 etc.

170 2170 202 2200 et
227 2171 325 2209 prout
349 2169 398 2200 sic
425 2169 475 2200 vel
501 2169 606 2206 aliter,
633 2169 709 2209 plus
736 2168 786 2200 vel
815 2169 934 2205 minus,
961 2169 992 2199 in
1019 2168 1117 2199 dictis
1143 2168 1282 2199 assertis
1310 2168 1426 2199 litteris
1464 2168 1586 2199 vestris
1620 2168 1818 2205 continetur,
1845 2176 1910 2207 que
1937 2167 1988 2198 lit-

170 2234 237 2262 tere
262 2231 394 2262 fuerunt
419 2233 533 2271 aperte
559 2233 590 2262 et
615 2231 786 2272 publicate
813 2231 877 2271 ipsi
904 2231 1110 2271 comparenti
1137 2230 1370 2262 tantummodo
1395 2230 1449 2261 die
1476 2230 1627 2261 mercurii
1665 2229 1780 2270 XVlll]
1820 2230 1986 2270 presentis

171 2295 202 2324 et
226 2294 412 2325 occaxione
438 2294 586 2324 omnium
613 2294 643 2324 in
670 2294 719 2325 eis
745 2296 988 2331 contentorum,
1015 2293 1180 2333 quidquid
1207 2293 1421 2324 contineant:

260 2355 298 2387 Et
331 2357 412 2387 citra
449 2365 582 2396 semper
618 2357 767 2387 debitum
806 2365 1009 2387 consensum
1048 2356 1127 2386 dicit
1165 2355 1251 2386 idem
1289 2364 1488 2395 comparens
1525 2355 1633 2386 dictas
1674 2357 1822 2386 assertas
1860 2355 1986 2386 litteras

172 2420 302 2449 vestras
327 2417 396 2449 fore
424 2418 533 2450 nullas
559 2420 590 2449 et
615 2419 793 2449 transmitti
821 2427 885 2449 non
913 2418 1064 2458 potuisse
1091 2419 1121 2449 et
1148 2418 1257 2457 ipsum
1296 2417 1428 2448 fratrem
1466 2415 1674 2448 Guliermum
1702 2426 1766 2447 non
1794 2417 1896 2448 teneri
1924 2426 1984 2448 nec

171 2480 244 2521 cogi
286 2488 388 2520 posse
413 2480 454 2511 ad
482 2482 638 2512 contenta
664 2481 694 2511 in
723 2481 782 2517 eis,
820 2480 1005 2511 rationibus
1043 2481 1140 2511 etiam
1179 2479 1412 2519 infrascriptis,
1439 2482 1469 2510 et
1495 2480 1573 2519 quia
1610 2479 1697 2510 dicte
1734 2479 1839 2510 littere
1877 2481 1986 2510 vestre

172 2545 411 2582 processerunt
436 2545 546 2582 preter
571 2545 602 2574 et
627 2544 742 2574 contra
779 2542 917 2574 formam
955 2543 1197 2582 cuiuscumque
1235 2542 1336 2573 iuris:
1364 2541 1441 2573 Item
1467 2550 1485 2572 a
1512 2542 1621 2580 vobis,
1659 2551 1717 2573 seu
1753 2544 1845 2582 parte
1873 2542 1985 2577 vestri,

171 2604 227 2644 qui
255 2604 367 2636 fuistis
393 2605 423 2635 in
451 2605 525 2636 istis
551 2606 582 2636 in
609 2605 670 2637 hac
698 2608 790 2645 parte
817 2607 1011 2644 suspectus,
1049 2613 1123 2635 cum
1162 2604 1319 2635 videmini
1348 2612 1408 2635 vos
1435 2604 1520 2635 velle
1547 2605 1762 2635 intromittere
1790 2605 1820 2635 in
1848 2605 1900 2635 ius
1927 2605 1986 2635 mi—

171 2666 344 2698 nistrando
370 2667 401 2697 in
429 2667 480 2698 his
507 2668 538 2698 in
565 2667 690 2708 quibus
715 2668 824 2708 agitur
849 2668 890 2698 de
917 2667 1078 2698 interesse
1105 2668 1217 2698 vestro
1243 2668 1273 2697 et
1300 2667 1330 2696 in
1357 2665 1445 2697 tacto
1471 2667 1618 2706 proprio,
1638 2675 1712 2697 curn
1732 2667 1906 2707 presertim
1934 2675 1982 2703 ea,

170 2729 211 2760 de
235 2729 360 2769 quibus
386 2729 417 2760 in
443 2730 541 2761 dictis
578 2730 718 2761 assertis
756 2730 876 2761 vestris
915 2729 1032 2760 litteris
1058 2732 1088 2760 et
1113 2731 1241 2760 asserta
1279 2729 1441 2768 apodissa
1468 2729 1502 2760 fit
1528 2729 1664 2766 mentio,
1703 2730 1827 2770 agitata
1852 2729 1984 2760 fuerunt

171 2791 270 2822 vobis
295 2794 430 2823 auctore
457 2794 488 2823 et
513 2792 680 2824 existente
718 2793 749 2823 in
787 2790 965 2824 Conventu
1003 2790 1206 2822 Alexandrie
1232 2792 1263 2822 et
1289 2800 1329 2822 ex
1367 2799 1470 2822 causa
1512 2791 1674 2823 liberandi
1712 2800 1775 2823 vos
1801 2794 1831 2823 et
1857 2792 1983 2822 dictum

227 2948 258 2972 (1)
273 2947 395 2970 Riieriarno
411 2950 495 2974 questo
511 2949 660 2974 documento,
677 2949 760 2975 perche
776 2949 794 2969 si
810 2954 882 2974 vegga
899 2954 941 2969 cun
962 2950 1048 2973 quanta
1157 2948 1186 2972 (2)
1202 2947 1269 2968 Frate
1284 2947 1413 2973 Guglielmo
1429 2948 1457 2968 da
1474 2947 1543 2969 Pavia
1559 2948 1570 2969 e
1587 2949 1639 2974 quel
1664 2948 1722 2970 frate
1745 2948 1873 2973 Gugliclmo
1889 2949 1916 2970 de
1932 2949 1975 2969 Ari·

175 2993 295 3013 esattezza
309 2998 322 3013 e
338 2993 457 3019 proprieta
472 2993 490 3013 si
507 2993 624 3015 solessero
639 2994 753 3014 condurre
769 2994 788 3014 le
805 2993 923 3014 trattative
940 2993 1011 3013 anche
1028 2993 1048 3013 in
1104 2992 1211 3017 gonibus,
1234 2993 1274 3012 clu:
1297 2994 1427 3013 trovammo
1451 2993 1554 3013 membro
1576 2993 1635 3014 della
1651 2993 1774 3015 Comunita
1790 2994 1811 3014 di
1828 2993 1850 3013 S.
1867 2993 1977 3014 Mostiola

176 3037 342 3063 controversie,
358 3037 399 3058 che
415 3038 584 3059 naturalmente
599 3044 701 3064 sorgono
717 3039 813 3059 talvolta
835 3038 868 3058 tra
885 3044 913 3058 un
930 3037 1050 3059 convento
1106 3037 1152 3057 tino
1168 3036 1204 3056 dal
1222 3036 1279 3061 1457,
1295 3041 1306 3056 e
1322 3036 1356 3057 nel
1375 3036 1425 3057 1450
1441 3036 1518 3058 Priore
1534 3037 1593 3058 dello
1609 3039 1687 3058 stesso
1703 3037 1822 3059 Couvcnto

177 3086 189 3101 e
204 3080 295 3102 l'altro.
