2347 3444
1095 392 1349 433 CLXVII.

405 507 640 544 11C0nsig1i0
677 509 711 537 di
750 509 959 537 Provisione
997 509 1042 537 da
1079 509 1288 538 esecuzione
1325 510 1369 538 ad
1405 519 1450 538 un
1487 511 1629 539 decreto
1666 511 1789 540 ducale
1825 520 1886 547 per
1923 512 2086 542 l'offerta
2112 521 2131 542 a

317 560 351 589 S.
378 560 566 597 Agostino.

959 658 1113 689 1420,
1142 660 1362 690 agusto,
1392 658 1483 685 2¹7.

844 755 937 779 (Museo
953 755 1032 777 Civico
1048 756 1070 776 di
1086 757 1143 776 stor.
1161 756 1220 781 patr.
1238 755 1260 776 di
1277 754 1347 776 Pavia
1364 767 1386 770 ν
1403 757 1470 778 Arch.
1487 763 1551 783 pace.
1570 758 1596 783 h).

387 948 522 1064 NJK
557 966 710 994 CCCCXX
735 963 788 994 die
814 963 909 1004 xxvij
938 965 1064 995 mensis
1091 964 1246 1005 Augusti.

370 1005 404 1063 A
667 1022 864 1056 Convocato
879 1029 910 1056 et
925 1029 1129 1067 congregato
1156 1025 1309 1059 Consilio
1335 1027 1523 1060 Duodecim
1555 1027 1752 1069 Sapientum
1783 1028 1994 1060 provisionis
2013 1028 2128 1069 papie,

577 1090 648 1118 ete:
676 1087 774 1119 Facta
801 1090 899 1128 posta
925 1097 984 1128 per
1009 1089 1180 1120 dominum
1209 1089 1491 1123 Refferendarium
1518 1091 1787 1131 suprascriptum
1813 1100 1917 1131 super
1949 1091 2127 1122 oblacione

309 1149 413 1179 sancti
442 1148 619 1189 Augustini
647 1153 678 1180 et
703 1158 805 1190 super
832 1150 948 1182 litteris
975 1151 1114 1183 illustris
1140 1152 1265 1183 domini
1293 1153 1418 1183 domini
1446 1153 1549 1184 nostri
1577 1162 1679 1193 super
1697 1154 1759 1184 lioc
1777 1153 1952 1185 concessis
1972 1155 2003 1185 et
2021 1155 2129 1184 trans-

310 1212 422 1242 missis
448 1212 690 1252 suprascriptis
727 1212 873 1243 dominis
912 1212 1072 1245 potestati
1100 1216 1130 1245 et
1157 1213 1392 1247 Referendario
1419 1224 1478 1247 nec
1504 1225 1570 1247 non
1596 1214 1797 1253 Duodecim,
1823 1216 1911 1247 datis
1941 1215 2126 1247 Mediolani

309 1283 354 1304 xx
381 1274 514 1313 augusti
543 1283 715 1312 mccccxx,
742 1275 885 1315 signatis
912 1275 1087 1311 lohannes.
1114 1279 1145 1308 et
1170 1277 1269 1308 dictis
1295 1280 1327 1309 et
1353 1277 1521 1309 ventilatis
1559 1278 1634 1309 hinc
1662 1278 1738 1310 inde
1765 1287 1868 1319 super
1893 1279 1982 1310 dicta
2016 1280 2125 1318 posta,

308 1337 484 1367 unanimes
510 1337 730 1376 providerunt
755 1340 786 1369 et
812 1338 992 1378 provident
1018 1341 1117 1379 prout
1143 1339 1173 1369 in
1201 1339 1300 1371 dictis
1343 1339 1460 1371 litteris
1497 1340 1695 1378 continetur,
1721 1342 1751 1372 et
1777 1341 1997 1381 providerunt
2035 1341 2126 1381 quod

307 1398 386 1429 fiant
412 1398 536 1430 bullete
562 1400 752 1431 necessarie
778 1400 965 1432 secundum
992 1401 1213 1440 oblacionem‚
1239 1411 1304 1442 que
1330 1402 1431 1434 fiebat
1468 1405 1617 1443 ternpore
1644 1403 1675 1434 in
1702 1403 1802 1435 dictis
1832 1403 1948 1435 litteris
1975 1412 2128 1444 compre-

308 1461 414 1492 lrenso
441 1459 501 1499 (l).

1073 1621 1354 1661 CLXVIII.

394 1737 422 1765 11
448 1738 547 1766 Duca
573 1739 608 1767 di
635 1739 769 1768 Milano
806 1739 930 1768 ordina
968 1741 1030 1768 che
1069 1740 1123 1768 sia
1159 1740 1381 1777 ripristinata
1414 1741 1448 1769 la
1475 1741 1619 1770 solenne
1655 1741 1780 1770 offerta
1817 1742 1873 1770 del
1910 1742 2065 1771 Comune
2091 1742 2127 1771 di

306 1790 418 1819 Pavia
445 1800 464 1819 a
491 1792 525 1820 S.
554 1792 741 1828 Agostino.

958 1889 1101 1921 1421„
1132 1891 1352 1921 {ugost09
1381 1890 1471 1916 26.

822 1977 916 2001 (Museo
932 1977 1012 1999 Civico
1027 1978 1048 1998 di
1065 1979 1122 1998 stnr,
1139 1980 1199 2004 patr.
1216 1978 1237 1999 di
1255 1977 1325 1999 Pavia
1340 1990 1365 1992 —
1381 1979 1447 2000 Arclu.
1465 1984 1537 2005 paceo
1552 1981 1610 2007 408),

382 2161 489 2277 D
553 2181 602 2208 Ux
629 2177 816 2209 Mediolani
843 2179 904 2208 etc.
931 2176 1036 2217 Papie
1062 2177 1289 2218 Anglerieque
1316 2176 1452 2210 Comes.

662 2239 826 2271 Volumus
851 2240 942 2280 quod
969 2240 1132 2272 ordinetis
1158 2242 1189 2272 et
1214 2240 1356 2279 faciatis,
1384 2244 1418 2272 ut
1444 2242 1475 2272 in
1502 2242 1555 2273 die
1581 2241 1775 2274 festivitatis
1800 2242 1906 2273 sancti
1933 2241 2124 2283 Augustini,

573 2303 762 2342 praesentis
788 2303 876 2340 anni,
902 2303 958 2334 fiat
983 2303 1025 2334 ad
1052 2303 1230 2335 ecclesiam
1268 2305 1347 2336 dicti
1374 2302 1499 2342 Sancti,
1527 2305 1557 2335 in
1584 2302 1750 2336 Citadella
1788 2304 1876 2335 illius
1908 2307 2042 2336 nostrae
2067 2303 2125 2337 Ci-

307 2362 419 2393 vitatis
457 2364 582 2395 oblatio
621 2365 686 2402 illa,
724 2374 800 2405 que,
826 2368 857 2396 et
884 2365 948 2396 illis
987 2366 1088 2397 modo
1113 2368 1143 2397 et
1168 2366 1275 2398 forma
1308 2367 1433 2407 quibus
1460 2368 1633 2404 hactenus,
1658 2367 1727 2398 fieri
1766 2368 1944 2398 consuevit
1961 2364 2021 2407 (1).
2048 2366 2123 2399 Dat.

309 2423 504 2462 Mediolani,
531 2426 584 2457 die
611 2425 714 2457 XXVI
742 2426 897 2468 Augusti,
924 2426 1174 2460 MCCCCXXI.
1203 2428 1379 2460 lohannes.

361 2600 390 2623 (1)
407 2599 436 2619 La
453 2600 534 2620 lettera
551 2600 639 2625 ducale,
656 2604 781 2622 accc-nnana
798 2602 818 2622 iu
836 2605 920 2627 questo
936 2603 1028 2623 verbale
1045 2603 1190 2624 d'adunanza
1247 2604 1283 2624 dcl
1308 2604 1358 2625 1343
1372 2604 1432 2628 (doc.
1450 2610 1470 2624 u⁴
1488 2604 1584 2629 XXXV),
1601 2610 1612 2625 c
1628 2605 1669 2625 che
1685 2605 1698 2625 il
1715 2604 1779 2625 Dum
1804 2605 1825 2625 lo
1849 2610 1932 2626 avesse
1948 2605 2084 2627 ricliiamato
2098 2606 2119 2627 al

308 2643 343 2663 dcl
361 2643 479 2667 Consiglio
495 2644 516 2664 (li
534 2643 676 2668 provisione.
693 2646 704 2665 c
720 2646 804 2666 :munta
821 2646 927 2671 pcrmua.
944 2646 1039 2667 Scmbra
1056 2648 1096 2668 che
1112 2648 1125 2668 il
1144 2647 1187 2669 Co-
1243 2649 1337 2674 proprio
1352 2649 1438 2669 dovere
1454 2648 1603 2674 obligandolo
1617 2649 1638 2669 al
1655 2651 1794 2674 pagamento
1809 2650 1881 2670 :mclic
1897 2649 1956 2675 degli
1976 2650 2092 2671 arretrati.

309 2692 375 2707 mune
392 2693 431 2712 per
447 2688 466 2707 le
482 2690 592 2708 stromate
609 2688 698 2709 linnnze
713 2695 796 2709 uvesse
812 2696 905 2710 omesso
922 2696 961 2716 per
978 2691 1074 2716 qualche
1089 2697 1149 2711 anno
1166 2692 1185 2712 la
1295 2694 1324 2717 (1)
1340 2692 1427 2717 Questa
1443 2693 1525 2714 lettera
1541 2693 1577 2713 del
1594 2693 1657 2714 Duea
1673 2693 1684 2713 ὲ
1701 2693 1728 2713 da
1745 2693 1774 2713 lui
1791 2694 1871 2714 scritta
1889 2700 1928 2719 per
1951 2694 2033 2715 timore
2047 2695 2089 2715 che
2104 2695 2118 2715 il

307 2732 375 2752 solim
399 2732 520 2752 oblazione
542 2733 562 2752 :il
587 2734 685 2758 patrono
707 2733 728 2753 S.
753 2734 874 2759 Agustinn,
896 2740 908 2754 ει
925 2735 960 2755 cui
985 2735 1044 2755 ἐτι-,ἰ
1068 2736 1188 2760 obbligato
1244 2736 1348 2758 Comune
1364 2737 1477 2762 rip-nesse
1492 2738 1580 2762 quanto
1595 2742 1668 2758 aveva
1684 2737 2119 2764 fattonegtianniantccedenti‚omet-

307 2781 350 2796 con
366 2776 466 2801 speciale
483 2776 652 2797 deliberatione
668 2777 703 2797 dcl
722 2778 771 2798 133⁷)
792 2778 852 2801 (doc.
870 2784 890 2798 n⁴
908 2779 986 2804 XXVl)
1001 2786 1013 2799 e
1029 2785 1070 2800 con
1096 2782 1186 2801 statuto
1242 2781 1313 2802 tendo
1328 2781 1350 2802 di
1366 2780 1496 2802 soddislare
1511 2781 1660 2807 all'irnpegno
1675 2781 1852 2803 dell'oblazione
1867 2788 1879 2803 a
1895 2782 1917 2803 S.
1935 2782 2056 2809 Agostino.
