2347 3444
1962 198 2025 229 329

212 330 273 362 fuit
299 331 493 372 pubblicum
532 331 785 362 instrumentum
824 338 910 360 nunc
947 329 1117 369 quondam
1155 327 1292 359 domino
1330 326 1467 359 Stefano
1505 328 1545 358 de
1579 327 1686 360 Strata
1712 329 1789 359 olim
1818 331 1958 366 notario,
1995 333 2023 361 et

213 394 275 424 lioc
302 403 361 434 pro
386 393 633 425 constructione
658 394 688 423 et
714 392 938 423 fabricaeione
966 392 1064 422 unius
1089 390 1227 431 capelle,
1253 390 1476 421 construende
1495 393 1525 420 et
1544 399 1643 429 quam
1665 390 1749 420 idem
1778 392 1946 430 quondam
1968 392 2026 422 do-

213 456 322 486 minus
359 454 564 487 Ciuillermus
602 455 631 485 in
671 455 759 485 dicto
797 463 859 485 suo
887 454 1002 484 ultimo
1040 455 1272 484 testamento...
1311 452 1482 483 mandavit
1520 452 1587 482 fieri
1618 454 1648 482 et
1673 453 1820 483 construi
1847 453 1966 483 debere
1994 454 2022 483 in

212 517 299 548 dicta
325 517 476 554 ecclesia,
502 517 566 548 sub
592 516 759 547 vocabulo
785 518 975 547 sanctorum
1002 514 1126 548 Cosme
1152 518 1181 546 et
1208 514 1385 551 Damiani‚
1423 516 1453 545 et
1484 514 1571 544 illam
1611 514 1674 553 ipsi
1710 514 1834 544 domini
1870 513 1962 545 Prior
1995 518 2023 545 et

212 579 329 610 tratres
354 579 549 610 fabricatam
577 578 645 609 fore
672 579 785 609 dicunt
811 581 841 609 et
868 579 1093 618 protestantur
1120 578 1149 608 in
1178 578 1250 618 ipsa
1276 577 1416 608 ecclesia
1435 576 1499 607 sub
1525 576 1613 607 dicto
1641 576 1807 607 vocabulo
1834 579 2023 607 sanctorum

211 639 336 673 Cosme
361 643 391 672 et
417 640 570 672 Damiani
597 642 628 671 et
655 641 697 671 ita
725 641 788 680 ipsi
815 641 941 671 domini
981 639 1074 671 Prior
1099 642 1129 671 et
1155 639 1272 670 fratres
1305 639 1522 679 assignarunt
1548 640 1578 669 et
1604 638 1779 678 assignant
1816 638 1936 669 dictam
1974 647 2027 669 ca-

211 703 331 744 pellam
358 703 405 734 sic
432 703 637 741 fabricatam,
664 703 723 734 sed
751 712 815 733 non
843 703 980 739 finitam,
1007 703 1038 733 in
1065 702 1152 733 dicta
1178 701 1329 739 ecclesia,
1356 701 1438 732 inter
1463 700 1625 741 capellam
1653 700 1758 731 sancti
1786 700 1951 741 Nicliolay
1985 701 2025 731 de

209 765 389 796 Tolentino
426 767 456 796 et
492 765 653 805 capellam
692 765 822 795 illorum
860 765 900 795 de
927 764 1128 795 lximbardis
1153 766 1363 795 constructas
1390 763 1420 794 in
1447 763 1534 794 dicta
1560 762 1723 800 ecclesia,
1765 763 1853 793 dicto
1888 762 2024 793 domino

211 826 417 858 Bernardino
444 827 488 857 ibi
515 827 658 867 presenti
685 829 715 857 et
740 827 925 866 acceptanti
953 827 1086 857 nomine
1113 828 1145 857 ut
1172 834 1273 866 supra
1298 822 1359 864 (1).

945 1000 1288 1039 DLXXXIX.

297 1109 325 1137 11
351 1109 506 1137 Comune
532 1109 566 1137 di
594 1109 705 1136 Pavia
731 1109 813 1137 loda
839 1108 980 1145 l'opera
1007 1109 1041 1137 di
1067 1109 1212 1136 riforma
1250 1108 1448 1144 intrapresa
1475 1117 1493 1135 a
1517 1108 1550 1137 S.
1578 1107 1747 1135 Mostiola
1784 1107 1842 1135 dal
1880 1107 2024 1136 Vicario

208 1164 297 1191 frate
323 1163 519 1191 Benedetto
545 1162 589 1190 da
615 1162 761 1190 Milano.

845 1257 1005 1289 1494,
1038 1259 1280 1289 ottolu-e,
1311 1257 1385 1282 31.

535 1347 629 1369 (Museo
645 1346 693 1367 civ.
711 1346 732 1366 di
749 1347 821 1367 storia
838 1348 897 1372 patr⁴
915 1346 936 1366 di
954 1346 1023 1366 Pavia
1040 1356 1063 1359 —
1080 1346 1130 1366 Atti
1145 1346 1170 1366 cn
1185 1345 1288 1366 Ρνοννίς,
1307 1345 1381 1366 Pacco
1396 1345 1416 1369 3,
1433 1351 1444 1365 e
1461 1345 1535 1365 Paeto
1553 1345 1686 1370 Restm'osi).

262 1530 409 1646 M
451 1547 737 1580 CCCCLxXxxlffl,
764 1543 816 1573 die
844 1543 960 1573 ultimo
986 1542 1146 1579 octobris,
1174 1543 1204 1572 in
1232 1542 1395 1582 vesperis.

561 1604 760 1637 Convocato
785 1605 940 1641 consilio,
965 1607 1025 1635 etc.
1053 1603 1175 1635 Prefati
1203 1604 1328 1635 domini
1357 1603 1571 1635 Presidentes
1598 1603 1834 1634 Provisionum
1862 1602 2026 1635 Comunis

221 1640 223 1667 Ἰ
421 1703 437 1705 W
473 1667 620 1709 Papie....
647 1668 723 1699 item
751 1668 902 1699 similiter
927 1667 1146 1708 providerunt
1171 1669 1201 1697 et
1227 1666 1406 1707 provident
1432 1666 1522 1706 quod
1550 1666 1737 1697 scribantur
1756 1666 1859 1696 littere
1878 1665 2024 1696 Domino

208 1730 363 1763 Generali
391 1733 505 1762 sancte
533 1731 693 1762 Mostiole
720 1731 750 1761 in
777 1730 926 1761 favorem
953 1729 1064 1761 fratris
1091 1729 1260 1760 Benedicti
1287 1729 1364 1759 dicti
1392 1727 1531 1760 Ordinis
1556 1731 1586 1759 et
1612 1730 1710 1768 prout
1736 1730 1830 1759 erunt
1856 1730 2023 1759 annotate.

298 1845 490 1878 Reverende
518 1847 547 1877 in
575 1845 711 1878 Christo
737 1847 767 1876 et
793 1846 927 1876 domine
954 1845 1132 1885 plurimum
1160 1845 1366 1875 honorande.

296 1909 409 1939 Nostri
436 1908 540 1939 officii
567 1917 641 1940 esse
668 1909 902 1939 existimantes
928 1916 1106 1948 procurare
1131 1908 1221 1938 omni
1248 1907 1361 1938 studio
1387 1909 1417 1938 et
1443 1907 1616 1947 diligentia
1643 1909 1676 1937 ut
1703 1907 1836 1947 publica
1868 1906 1951 1937 bene
1978 1915 2026 1937 re—

205 1974 326 2011 gantur
351 1974 382 2002 et
408 1972 553 2002 maxime
580 1973 612 2002 ut
638 1971 748 2002 cultus
775 1971 911 2001 divinus¹
938 1979 1002 2000 non
1031 1970 1207 2006 minuatur,
1234 1970 1293 2000 sed
1319 1972 1481 2009 augeatur
1507 1970 1631 2009 potius,
1658 1970 1700 2000 ita
1728 1969 1818 2008 quod
1839 1969 1936 1999 saluti
1956 1969 2026 1999 [ni-

208 2043 334 2065 ¹marum
362 2036 550 2065 nostrarum
579 2034 662 2064 bene
688 2033 893 2069 consulatur,
920 2042 987 2072 quo
1013 2033 1047 2063 fit
1074 2034 1106 2063 ut
1133 2040 1338 2072 quamquam
1367 2032 1606 2063 monasterium
1633 2033 1746 2062 sancte
1766 2031 1939 2062 Mustione
1959 2040 2027 2062 ma-

208 2095 271 2126 lani
299 2096 339 2127 de
365 2104 400 2127 se
426 2096 619 2136 opinionem
648 2095 857 2136 preseferens
884 2095 983 2126 nobis
1009 2094 1146 2125 multum
1173 2103 1249 2125 cure
1276 2094 1484 2134 impenderit,
1511 2094 1644 2125 tandem
1679 2094 1792 2124 multis
1821 2093 2025 2124 clamoribus

207 2159 374 2190 excitatus
401 2158 618 2191 Reverendus
645 2157 741 2189 Pater
767 2157 807 2189 D.
834 2157 944 2188 Frater
970 2156 1228 2188 Bertbolomeus
1254 2157 1294 2187 de
1323 2156 1428 2197 Aquis
1454 2156 1682 2197 provincialis,
1709 2156 1749 2186 de
1776 2156 1920 2195 presenti
1947 2164 2025 2186 con-

207 2222 314 2252 stituit
341 2221 371 2251 in
398 2221 486 2252 dicto
514 2221 718 2252 monasterio
745 2221 775 2251 in
803 2220 962 2251 vicarium
991 2218 1220 2251 Reverendum
1248 2219 1449 2259 Magistrum
1477 2218 1516 2250 D.
1544 2218 1687 2249 Fratrem
1726 2218 1943 2249 Benedictum
1981 2218 2022 2249 de

209 2283 406 2314 Mediolano
424 2280 485 2322 (l),
511 2283 607 2314 cuius
633 2282 720 2314 fama
747 2282 837 2322 apud
865 2290 926 2313 nos
954 2282 1036 2312 bene
1063 2281 1218 2312 redolens
1243 2289 1375 2320 semper
1400 2280 1472 2318 fuit,
1497 2282 1527 2311 et
1555 2281 1585 2311 in
1614 2280 1675 2311 hoc
1702 2280 1765 2311 sibi
1792 2280 1915 2311 credite
1949 2289 2024 2320 pro-

208 2345 310 2376 vintie
336 2346 566 2385 experimento
593 2345 873 2385 diligentissimus
899 2346 929 2374 et
956 2344 1188 2383 integerrimus
1213 2343 1368 2382 cognitus
1394 2344 1464 2380 est;
1492 2343 1534 2373 ita
1562 2344 1596 2373 ut
1622 2342 1747 2373 nullum
1774 2342 1874 2373 alium
1909 2344 2023 2382 optare

208 2408 381 2448 possimus
407 2408 463 2447 qui
490 2408 597 2448 magis
624 2407 775 2447 religioni
802 2408 833 2437 et
858 2406 983 2437 civitati
1011 2406 1214 2436 conveniret.
1242 2404 1318 2435 Ideo
1346 2405 1524 2436 laudamus
1550 2405 1784 2445 provixionem
1813 2405 1889 2435 dicti
1933 2413 2025 2435 reve—

208 2469 300 2500 rendi
328 2468 367 2500 D.
394 2468 627 2507 Provincialis,
654 2469 713 2500 sed
740 2469 818 2509 quia
845 2477 961 2508 parum
987 2470 1076 2499 esset
1102 2467 1185 2498 bene
1213 2468 1357 2507 incipere
1383 2469 1413 2497 et
1440 2476 1555 2507 parum
1583 2467 1742 2507 proficere
1761 2466 1812 2497 vel
1832 2466 2022 2506 perdurare,

206 2540 370 2563 memores
396 2531 498 2571 quod,
525 2540 591 2562 non
619 2532 674 2572 qui
703 2531 787 2562 bene
814 2531 983 2571 inceperit,
1010 2530 1068 2561 sed
1099 2530 1155 2569 qui
1187 2538 1294 2569 usque
1321 2530 1351 2560 in
1379 2529 1476 2560 finem
1504 2529 1791 2569 perseveraverit,
1829 2529 1880 2559 liic
1906 2528 2023 2559 salvus

206 2594 277 2631 erit,
303 2595 333 2624 et
360 2593 450 2633 quod
478 2593 727 2633 perseverantia
753 2595 803 2624 est
829 2601 957 2624 summe
984 2592 1172 2623 necessaria
1193 2592 1223 2622 in
1243 2600 1456 2631 quocumque
1483 2591 1572 2622 bono
1591 2600 1702 2631 opere,
1722 2591 1796 2622 ideo
1816 2591 2023 2631 suplicamus

263 2760 293 2780 (li
311 2759 367 2780 Vcdi
384 2760 397 2780 il
413 2759 552 2780 documento
567 2760 705 2785 28gennai0
722 2760 778 2780 14964
1141 2759 1207 2783 poter
1223 2757 1410 2782 personalmente
1432 2757 1553 2778 attendere
1575 2757 1613 2777 all'
1624 2762 1694 2782 opera
1711 2757 1732 2777 di
1755 2757 1897 2777 correzione.
1919 2756 1952 2778 Un
1968 2758 2018 2777 atto

262 2804 292 2825 (1»
308 2803 363 2824 Vedi
379 2804 392 2824 il
408 2803 549 2824 documento
564 2803 600 2824 del
625 2805 647 2824 1⁴
670 2810 749 2824 marzo
773 2804 830 2824 1-192Α
847 2804 853 2823 1
870 2803 984 2828 superiori
1000 2803 1086 2827 agosti-
1141 2802 1176 2822 del
1195 2803 1217 2821 Η
1232 2802 1319 2827 giugno
1337 2802 1394 2826 1494,
1418 2803 1499 2827 rogato
1515 2801 1544 2821 da
1560 2801 1655 2827 Giorgio
1670 2801 1761 2822 Andrea
1781 2801 1872 2825 l'urzio,
1888 2801 1964 2821 :illude
1980 2807 2019 2826 ap—

210 2848 270 2868 niani
285 2847 368 2868 turono
383 2853 474 2873 sempre
496 2848 568 2873 gelosi
591 2848 650 2869 della
673 2848 795 2873 disciplina
817 2848 852 2868 dei
868 2848 917 2867 loro
940 2846 1057 2871 Religiosi.
1074 2853 1085 2867 e
1141 2848 1214 2872 punto
1235 2846 1279 2866 alle
1301 2846 1405 2870 rigorose
1428 2846 1512 2867 misurc
1535 2846 1563 2867 da
1586 2846 1615 2866 lui
1639 2852 1706 2871 prese
1729 2848 1810 2866 contro
1827 2846 1831 2866 i
1848 2845 1892 2866 due
1909 2845 2016 2869 Religiosi

197 2892 275 2918 percio
291 2898 335 2913 non
350 2898 442 2918 appena
457 2892 475 2913 si
498 2893 585 2913 ebbero
606 2893 699 2913 lamenti
721 2893 757 2913 sul
781 2892 907 2918 procedere
929 2892 950 2912 di
967 2891 1083 2917 qualcuno
1138 2890 1196 2911 frate
1212 2891 1326 2916 Agostino
1341 2890 1370 2911 da
1387 2890 1486 2911 Abbiate
1502 2896 1513 2911 e
1529 2890 1587 2911 trate
1603 2890 1710 2911 Gabriele
1728 2890 1756 2910 da
1769 2890 1888 2910 Garlaseo.
1901 2889 1941 2910 Del
1955 2893 2017 2910 resto

208 2938 349 2963 appartente
363 2942 376 2957 a
391 2936 414 2958 S.
431 2937 550 2961 Mostiola,
567 2937 581 2957 il
604 2937 628 2958 P.
646 2937 797 2962 Provinciale,
819 2936 878 2957 frate
894 2936 1042 2957 Bartolomeo
1058 2935 1086 2956 da
1142 2935 1241 2955 un'altra
1258 2940 1329 2960 prova
1345 2934 1405 2955 dello
1422 2935 1472 2955 zelo
1487 2934 1509 2955 di
1525 2934 1583 2955 trare
1600 2934 1749 2955 Bartolonieo
1765 2934 1793 2954 da
1809 2934 1882 2959 Aequi
1899 2934 1917 2954 si
1934 2934 1961 2954 lm
1983 2934 2017 2954 nel

209 2982 291 3008 Aequi,
306 2982 348 3003 che
363 2981 384 3002 in
401 2981 471 3003 Pavia
486 2987 524 3002 era
540 2981 675 3003 circondato
691 2981 750 3003 della
767 2981 805 3007 pin
821 2981 867 3002 alta
883 2981 952 3002 stima
965 2986 1030 3001 come
1047 2980 1087 3001 Re·
1141 2979 1200 3000 tatto
1215 2979 1274 3000 della
1291 2979 1394 3000 clezione
1405 2979 1426 2999 di
1438 2979 1497 3000 frate
1514 2979 1644 3000 Benedetto
1663 2979 1691 3000 da
1710 2979 1798 2999 Milano
1816 2984 1828 2998 a
1847 2979 1938 2999 vicario
1956 2978 1977 2998 di
1994 2978 2016 2999 S.

209 3026 292 3051 tinioso
307 3032 319 3047 e
335 3031 400 3047 come
414 3026 550 3052 selemiam,
573 3026 657 3052 perche
672 3031 738 3047 come
759 3026 852 3047 abbiam
868 3026 938 3051 visto,
961 3025 984 3046 tu
1001 3024 1089 3051 protes·
1144 3024 1264 3044 Mostiola.

209 3076 262 3092 sore
284 3070 491 3096 nell'Universita,
515 3070 605 3091 trasferl
629 3071 649 3091 la
671 3076 713 3092 sua
736 3070 825 3092 dimota
841 3070 862 3091 in
878 3069 901 3091 S.
918 3070 1029 3091 Mostiola
1046 3075 1087 3095 per

1991 3121 2017 3141 42
