2347 3444
1105 409 1272 449 DXX.

373 518 400 546 11
424 517 539 547 Priore
564 518 596 547 di
620 519 652 547 S.
678 520 779 547 Paolo
805 527 822 547 e
849 519 871 546 il
896 518 1096 546 ricamatore
1133 519 1350 547 Bartolomeo
1387 519 1521 547 Besana
1556 527 1774 555 convengono
1810 528 1869 556 per
1905 519 2023 549 ricami
2059 521 2101 550 da

286 570 450 607 eseguirsi
475 571 505 599 ai
529 571 717 608 paramenti
742 572 828 600 della
854 571 985 600 Chiesa.

920 666 1083 697 1487,
1118 667 1382 699 nana-glo,
1414 666 1466 692 8.

763 756 822 776 Arcti
848 756 928 776 Notar.
945 755 966 776 di
984 755 1061 776 Pavia.
1079 766 1101 768 -
1120 755 1167 776 Ani
1183 755 1204 775 di
1222 755 1310 776 Giovan
1327 756 1455 776 Fraiicesco
1471 755 1609 781 Gravanago
1626 773 1630 776 .

361 941 477 1056 NJ
533 958 621 984 ELLA
647 953 780 992 botlega
805 953 859 984 del
882 954 1076 984 risczmatore
1101 952 1244 988 Resona,
1267 953 1296 983 in
1318 952 1416 984 Porta
1444 952 1571 990 Pontis,
1591 953 1755 985 Parocliia
1774 952 1806 986 S.
1827 954 2000 985 Marciani.
2016 953 2106 986 Con-

358 1006 392 1056 Α
553 1015 656 1047 fessio
683 1015 768 1046 tacta
796 1025 852 1056 per
878 1015 1102 1046 venerabilem
1142 1016 1247 1046 virum
1286 1016 1458 1046 dominum
1496 1015 1628 1047 tratrem
1664 1016 1839 1047 Tliadeum
1867 1016 1906 1047 de
1934 1015 2104 1047 Pinarolio

555 1078 700 1109 Priorem
728 1083 758 1109 et
784 1079 950 1109 sindicum
978 1079 1170 1109 monasterii
1199 1079 1303 1109 sancti
1332 1077 1438 1115 Pauli,
1464 1079 1517 1109 siti
1545 1081 1637 1109 extra
1664 1081 1694 1110 et
1721 1088 1826 1119 prope
1853 1079 1961 1110 menia
1989 1078 2102 1119 Papie‚

287 1142 520 1173 Bertiiolameo
547 1141 586 1172 de
614 1141 761 1177 ssexana,
788 1141 856 1172 tilio
883 1141 1053 1181 quondam
1082 1141 1230 1181 magistri
1260 1140 1389 1177 Astulti,
1417 1141 1647 1176 recliamatori‚
1673 1141 1708 1172 di
1731 1149 1810 1172 aver
1831 1142 1972 1172 flcei’uto
1991 1140 2107 1181 fiorini

286 1205 379 1240 dicei,
406 1214 425 1235 ιι
450 1213 545 1235 nome
570 1204 605 1235 <ii
628 1206 714 1235 certa
740 1203 942 1243 Margrln‘rita
979 1203 1018 1234 de
1057 1202 1319 1240 Ganassalilms,
1357 1203 1414 1234 clte
1439 1203 1463 1234 li
1486 1212 1591 1234 ai’eva
1616 1203 1719 1242 legati
1742 1203 1776 1234 al
1800 1205 1997 1234 monastero.
2023 1203 2098 1234 Non

288 1267 413 1298 avendo
447 1266 526 1306 pero
552 1266 574 1297 il
600 1265 733 1297 Resona
755 1268 872 1306 promto
898 1265 922 1296 il
945 1265 1067 1297 (lemaro
1104 1265 1257 1305 effettivo,
1284 1266 1314 1296 si
1337 1265 1460 1305 stIpula
1493 1265 1791 1296 Immediatczmente
1817 1274 1859 1296 tm
1885 1267 1953 1296 atto
1978 1265 2013 1296 cli
2036 1274 2106 1296 cre-

285 1330 389 1360 ditum
417 1329 635 1369 suprascripti
663 1329 789 1359 domini
818 1327 943 1359 prioris
969 1331 999 1359 et
1025 1328 1144 1359 sindici
1182 1337 1256 1358 eum
1295 1328 1525 1368 suprascripto
1563 1327 1773 1358 Bertolameo
1800 1328 2037 1365 recitamatore,
2063 1327 2104 1358 de

285 1392 421 1422 florenis
447 1391 605 1422 decem...
631 1391 816 1422 occaxione
855 1391 958 1421 mutui
995 1391 1099 1431 gratis
1125 1393 1155 1421 et
1180 1399 1304 1427 amore,
1329 1392 1390 1421 etc.
1418 1399 1477 1430 pro
1504 1389 1629 1430 quibus
1654 1389 1791 1421 florenis
1817 1390 1930 1421 decem
1951 1390 2022 1430 ipse
2042 1398 2110 1420 ma-

284 1455 386 1493 gister
413 1453 643 1484 Bertolamcus
671 1453 831 1493 promittit
858 1453 946 1483 dicto
973 1453 1111 1483 domino
1139 1451 1243 1483 Priori
1270 1455 1301 1483 et
1327 1451 1508 1484 Sindica...
1546 1451 1654 1483 facere
1679 1455 1710 1483 et
1736 1460 1901 1483 recantare
1940 1454 1986 1482 tot
2013 1460 2109 1492 para-

285 1519 405 1552 menta,
431 1516 654 1547 ascendencia
680 1516 721 1547 ad
749 1524 913 1547 summam
940 1515 1142 1546 florenorum
1170 1515 1284 1546 decem
1311 1515 1629 1555 suprascriptorum,
1656 1514 1739 1546 infra
1767 1523 1867 1545 unum
1887 1523 2010 1545 annum
2030 1523 2107 1554 pro-

290 1579 377 1609 xime
404 1578 562 1609 futurum.

1102 1724 1293 1764 DXXI.

376 1834 536 1871 Religios'i
562 1834 774 1871 Agostiniani
797 1833 968 1871 promossi
993 1833 1058 1870 agli
1084 1833 1201 1862 Ordini
1226 1832 1322 1861 sacri.

941 1937 1100 1967 1487,
1133 1938 1375 1969 gitta-110,
1407 1915 1460 1962 ἐ).

777 2027 853 2049 (Areli.
872 2026 951 2047 Notar.
968 2026 990 2046 di
1008 2026 1077 2046 Pavia
1094 2037 1118 2039 —
1134 2026 1181 2046 Atti
1198 2025 1220 2045 di
1237 2025 1349 2046 Giovanni
1366 2025 1457 2045 Matteo
1475 2024 1615 2045 Paltonicrii.

555 2290 653 2325 biate,
680 2289 886 2320 decretorum
913 2289 1094 2325 doctorem,
1114 2286 1174 2318 Dei
1200 2288 1305 2328 gratia
1331 2288 1528 2328 episcopum
1556 2287 1775 2318 berricensem
1802 2288 1832 2316 et
1858 2285 2104 2326 suffraganeum

515 2390 521 2391 ⁷
556 2354 585 2384 in
612 2353 752 2384 ecclesia
780 2351 944 2392 papiensi,
970 2351 1166 2382 auctoritate
1191 2350 1390 2390 apostolica,
1416 2350 1611 2389 deputatum
1637 2350 1668 2379 et
1693 2347 1844 2379 ellectum
1873 2356 1929 2387 per
1955 2356 2107 2378 reveren-

289 2417 463 2447 dissimum
493 2418 522 2447 in
550 2415 686 2448 Christo
714 2418 838 2455 patrem
867 2414 1038 2444 dominum
1066 2413 1238 2444 dominum
1266 2412 1470 2444 Asclianium
1499 2411 1639 2442 Mariam
1668 2409 1829 2442 Sforciam
1857 2409 2105 2446 Vicecomitem,

289 2479 506 2509 miseracione
534 2479 648 2509 divina
675 2478 889 2508 sacrosancte
917 2475 1064 2508 Romane
1092 2475 1239 2506 Ecclesie
1265 2474 1348 2506 tituli
1376 2474 1481 2506 sancti
1508 2473 1572 2504 Viti
1600 2473 1777 2504 diaconum
1816 2470 2029 2504 Cardinalem
2067 2480 2105 2503 ac

356 2213 466 2332 O
533 2232 710 2261 RDlNATlO
747 2226 923 2259 Generalis
950 2227 980 2257 in
1007 2226 1147 2257 ecclesia
1187 2226 1301 2256 maiori
1341 2224 1465 2265 papie,
1503 2234 1560 2265 per
1601 2224 1772 2255 dominum
1803 2222 1938 2255 Gabriel
1970 2223 2009 2254 de
2040 2222 2107 2254 Ab·

289 2541 506 2581 episcopatus
532 2544 561 2571 et
588 2540 727 2571 ecclesie
755 2539 928 2579 papiensis
955 2540 1151 2578 perpetuum
1186 2537 1534 2568 administratorem...

378 2602 461 2633 ...Ad
488 2603 637 2633 ordinem
666 2602 865 2632 diaconatus

379 2664 487 2695 Frater
515 2664 715 2695 Benedictus
741 2664 780 2694 de
808 2662 1076 2699 Montecastello,
1102 2661 1241 2693 Ordinis
1267 2660 1518 2692 Heremitarum.

380 2726 488 2757 Frater
515 2725 639 2756 Paulus
666 2726 705 2756 de
733 2724 847 2765 Papia,
874 2724 1012 2756 Ordinis
1043 2724 1294 2755 Heremitarum.

380 2788 463 2820 ...Ad
490 2788 640 2819 ordinem
669 2787 914 2819 Presbiteratus

378 2851 487 2882 Frater
513 2851 656 2882 Lazarus
683 2850 722 2881 de
749 2853 865 2881 sancto
893 2848 1068 2889 Gregorio,
1096 2848 1234 2880 Ordinis
1262 2847 1514 2879 Heremitarum.
