<?xml version="1.0" encoding="UTF-8"?>
<!DOCTYPE html PUBLIC "-//W3C//DTD XHTML 1.0 Transitional//EN"
    "http://www.w3.org/TR/xhtml1/DTD/xhtml1-transitional.dtd">
<html xmlns="http://www.w3.org/1999/xhtml" xml:lang="en" lang="en">
 <head>
  <title>
</title>
<meta http-equiv="Content-Type" content="text/html;charset=utf-8" />
  <meta name='ocr-system' content='tesseract 3.04.00' />
  <meta name='ocr-capabilities' content='ocr_page ocr_carea ocr_par ocr_line ocrx_word'/>
</head>
<body>
  <div class='ocr_page' id='page_1' title='image "./codexdiplomaticu02maiouoft/codexdiplomaticu02maiouoft_0170.png"; bbox 0 0 2347 3444; ppageno 0'>
   <div class='ocr_carea' id='block_1_1' title="bbox 286 168 346 198">
    <p class='ocr_par' dir='ltr' id='par_1_1' title="bbox 286 168 346 198">
     <span class='ocr_line' id='line_1_1' title="bbox 286 168 346 198; baseline 0 0"><span class='ocrx_word' id='word_1_1' title='bbox 286 168 346 198; x_wconf 87' lang='lat'>122</span> 
     </span>
    </p>
   </div>
   <div class='ocr_carea' id='block_1_2' title="bbox 281 296 2110 2825">
    <p class='ocr_par' dir='ltr' id='par_1_2' title="bbox 281 296 2110 2825">
     <span class='ocr_line' id='line_1_2' title="bbox 282 296 2096 340; baseline -0.002 -7"><span class='ocrx_word' id='word_1_2' title='bbox 282 303 406 333; x_wconf 90' lang='lat' dir='ltr'>minum</span> <span class='ocrx_word' id='word_1_3' title='bbox 433 300 615 332; x_wconf 79' lang='lat' dir='ltr'>Antonium</span> <span class='ocrx_word' id='word_1_4' title='bbox 641 300 682 332; x_wconf 90' lang='lat' dir='ltr'>de</span> <span class='ocrx_word' id='word_1_5' title='bbox 709 299 855 331; x_wconf 79' lang='lat' dir='ltr'>Forlivio</span> <span class='ocrx_word' id='word_1_6' title='bbox 880 309 1010 332; x_wconf 90' lang='lat' dir='ltr'>camere</span> <span class='ocrx_word' id='word_1_7' title='bbox 1037 299 1223 340; x_wconf 88' lang='lat' dir='ltr'>apostolice</span> <span class='ocrx_word' id='word_1_8' title='bbox 1250 299 1420 336; x_wconf 88' lang='lat' dir='ltr'>clericum,</span> <span class='ocrx_word' id='word_1_9' title='bbox 1446 300 1477 329; x_wconf 91' lang='lat' dir='ltr'>et</span> <span class='ocrx_word' id='word_1_10' title='bbox 1503 298 1675 329; x_wconf 92' lang='lat' dir='ltr'>dominum</span> <span class='ocrx_word' id='word_1_11' title='bbox 1691 296 1899 338; x_wconf 85' lang='lat' dir='ltr'>Stephanum</span> <span class='ocrx_word' id='word_1_12' title='bbox 1918 297 1960 329; x_wconf 93' lang='lat' dir='ltr'>de</span> <span class='ocrx_word' id='word_1_13' title='bbox 1980 296 2096 330; x_wconf 77' lang='lat' dir='ltr'>Rabiis</span> 
     </span>
     <span class='ocr_line' id='line_1_3' title="bbox 281 359 2093 404; baseline -0.003 -8"><span class='ocrx_word' id='word_1_14' title='bbox 281 365 477 396; x_wconf 88' lang='lat' dir='ltr'>canonicum</span> <span class='ocrx_word' id='word_1_15' title='bbox 505 363 701 404; x_wconf 85' lang='lat' dir='ltr'>papiensem</span> <span class='ocrx_word' id='word_1_16' title='bbox 728 365 759 394; x_wconf 88' lang='lat' dir='ltr'>et</span> <span class='ocrx_word' id='word_1_17' title='bbox 786 361 1069 395; x_wconf 79' lang='lat' dir='ltr'>Reverendissimi</span> <span class='ocrx_word' id='word_1_18' title='bbox 1096 362 1222 392; x_wconf 90' lang='lat' dir='ltr'>domini</span> <span class='ocrx_word' id='word_1_19' title='bbox 1248 361 1375 392; x_wconf 90' lang='lat' dir='ltr'>domini</span> <span class='ocrx_word' id='word_1_20' title='bbox 1403 359 1451 391; x_wconf 82' lang='lat' dir='ltr'>Pii</span> <span class='ocrx_word' id='word_1_21' title='bbox 1480 359 1571 400; x_wconf 77' lang='lat' dir='ltr'>Pape</span> <span class='ocrx_word' id='word_1_22' title='bbox 1596 360 1737 391; x_wconf 58' lang='lat' dir='ltr'>secundi</span> <span class='ocrx_word' id='word_1_23' title='bbox 1763 359 2007 392; x_wconf 89' lang='lat' dir='ltr'>cubicularium</span> <span class='ocrx_word' id='word_1_24' title='bbox 2033 359 2093 391; x_wconf 87' lang='lat' dir='ltr'>ab·</span> 
     </span>
     <span class='ocr_line' id='line_1_4' title="bbox 281 421 2099 465; baseline -0.003 -7"><span class='ocrx_word' id='word_1_25' title='bbox 281 430 395 459; x_wconf 89' lang='lat' dir='ltr'>sentes</span> <span class='ocrx_word' id='word_1_26' title='bbox 419 428 589 465; x_wconf 81' lang='lat' dir='ltr'>tamquam</span> <span class='ocrx_word' id='word_1_27' title='bbox 616 427 791 465; x_wconf 80' lang='lat' dir='ltr'>presentes</span> <span class='ocrx_word' id='word_1_28' title='bbox 817 427 847 456; x_wconf 90' lang='lat' dir='ltr'>et</span> <span class='ocrx_word' id='word_1_29' title='bbox 875 427 1052 464; x_wconf 84' lang='lat' dir='ltr'>utrumque</span> <span class='ocrx_word' id='word_1_30' title='bbox 1079 424 1228 464; x_wconf 89' lang='lat' dir='ltr'>ipsorum</span> <span class='ocrx_word' id='word_1_31' title='bbox 1257 423 1287 454; x_wconf 91' lang='lat' dir='ltr'>in</span> <span class='ocrx_word' id='word_1_32' title='bbox 1314 422 1472 459; x_wconf 88' lang='lat' dir='ltr'>solidum,</span> <span class='ocrx_word' id='word_1_33' title='bbox 1511 422 1554 453; x_wconf 92' lang='lat' dir='ltr'>ita</span> <span class='ocrx_word' id='word_1_34' title='bbox 1592 422 1683 462; x_wconf 92' lang='lat' dir='ltr'>quod</span> <span class='ocrx_word' id='word_1_35' title='bbox 1722 422 1876 462; x_wconf 89' lang='lat' dir='ltr'>primitus</span> <span class='ocrx_word' id='word_1_36' title='bbox 1901 421 2099 462; x_wconf 90' lang='lat' dir='ltr'>occupantis</span> 
     </span>
     <span class='ocr_line' id='line_1_5' title="bbox 283 483 2099 525; baseline -0.003 -5"><span class='ocrx_word' id='word_1_37' title='bbox 283 489 398 520; x_wconf 89' lang='lat' dir='ltr'>melior</span> <span class='ocrx_word' id='word_1_38' title='bbox 424 497 488 519; x_wconf 92' lang='lat' dir='ltr'>non</span> <span class='ocrx_word' id='word_1_39' title='bbox 515 488 558 519; x_wconf 90' lang='lat' dir='ltr'>sit</span> <span class='ocrx_word' id='word_1_40' title='bbox 583 487 732 518; x_wconf 91' lang='lat' dir='ltr'>conditio</span> <span class='ocrx_word' id='word_1_41' title='bbox 770 495 829 517; x_wconf 89' lang='lat' dir='ltr'>nec</span> <span class='ocrx_word' id='word_1_42' title='bbox 867 486 1011 517; x_wconf 82' lang='lat' dir='ltr'>deterior</span> <span class='ocrx_word' id='word_1_43' title='bbox 1043 485 1297 525; x_wconf 84' lang='lat' dir='ltr'>subsequentis,</span> <span class='ocrx_word' id='word_1_44' title='bbox 1324 484 1383 516; x_wconf 90' lang='lat' dir='ltr'>sed</span> <span class='ocrx_word' id='word_1_45' title='bbox 1411 484 1501 524; x_wconf 88' lang='lat' dir='ltr'>quod</span> <span class='ocrx_word' id='word_1_46' title='bbox 1529 493 1587 524; x_wconf 89' lang='lat' dir='ltr'>per</span> <span class='ocrx_word' id='word_1_47' title='bbox 1614 493 1714 515; x_wconf 90' lang='lat' dir='ltr'>unum</span> <span class='ocrx_word' id='word_1_48' title='bbox 1742 484 1892 524; x_wconf 91' lang='lat' dir='ltr'>ipsorum</span> <span class='ocrx_word' id='word_1_49' title='bbox 1919 483 2099 524; x_wconf 87' lang='lat' dir='ltr'>inceptum,</span> 
     </span>
     <span class='ocr_line' id='line_1_6' title="bbox 283 545 2097 591; baseline -0.003 -9"><span class='ocrx_word' id='word_1_50' title='bbox 283 552 312 582; x_wconf 94' lang='lat' dir='ltr'>id</span> <span class='ocrx_word' id='word_1_51' title='bbox 340 560 398 591; x_wconf 91' lang='lat' dir='ltr'>per</span> <span class='ocrx_word' id='word_1_52' title='bbox 423 550 523 582; x_wconf 91' lang='lat' dir='ltr'>alium</span> <span class='ocrx_word' id='word_1_53' title='bbox 550 549 722 590; x_wconf 87' lang='lat' dir='ltr'>prosequi,</span> <span class='ocrx_word' id='word_1_54' title='bbox 749 548 886 580; x_wconf 85' lang='lat' dir='ltr'>mediari</span> <span class='ocrx_word' id='word_1_55' title='bbox 914 550 944 579; x_wconf 88' lang='lat' dir='ltr'>et</span> <span class='ocrx_word' id='word_1_56' title='bbox 970 548 1055 579; x_wconf 80' lang='lat' dir='ltr'>finiri</span> <span class='ocrx_word' id='word_1_57' title='bbox 1083 547 1203 584; x_wconf 86' lang='lat' dir='ltr'>valeat,</span> <span class='ocrx_word' id='word_1_58' title='bbox 1230 555 1313 578; x_wconf 89' lang='lat' dir='ltr'>suos</span> <span class='ocrx_word' id='word_1_59' title='bbox 1338 549 1448 578; x_wconf 85' lang='lat' dir='ltr'>certos</span> <span class='ocrx_word' id='word_1_60' title='bbox 1474 548 1505 577; x_wconf 86' lang='lat' dir='ltr'>et</span> <span class='ocrx_word' id='word_1_61' title='bbox 1532 546 1741 577; x_wconf 89' lang='lat' dir='ltr'>indubitatos</span> <span class='ocrx_word' id='word_1_62' title='bbox 1774 545 1915 583; x_wconf 82' lang='lat' dir='ltr'>Missos,</span> <span class='ocrx_word' id='word_1_63' title='bbox 1941 545 2097 583; x_wconf 86' lang='lat' dir='ltr'>Nuntios,</span> 
     </span>
     <span class='ocr_line' id='line_1_7' title="bbox 283 607 2099 651; baseline -0.004 -6"><span class='ocrx_word' id='word_1_64' title='bbox 283 613 435 650; x_wconf 65' lang='lat' dir='ltr'>Amores,</span> <span class='ocrx_word' id='word_1_65' title='bbox 463 611 620 643; x_wconf 81' lang='lat' dir='ltr'>Factores</span> <span class='ocrx_word' id='word_1_66' title='bbox 645 613 675 642; x_wconf 92' lang='lat' dir='ltr'>et</span> <span class='ocrx_word' id='word_1_67' title='bbox 701 611 911 651; x_wconf 83' lang='lat' dir='ltr'>negotiorum</span> <span class='ocrx_word' id='word_1_68' title='bbox 937 618 1074 641; x_wconf 88' lang='lat' dir='ltr'>suorum</span> <span class='ocrx_word' id='word_1_69' title='bbox 1115 609 1402 649; x_wconf 83' lang='lat' dir='ltr'>infrascriptorum</span> <span class='ocrx_word' id='word_1_70' title='bbox 1441 611 1688 648; x_wconf 84' lang='lat' dir='ltr'>procuratores,</span> <span class='ocrx_word' id='word_1_71' title='bbox 1714 609 1745 639; x_wconf 89' lang='lat' dir='ltr'>et</span> <span class='ocrx_word' id='word_1_72' title='bbox 1771 607 1936 647; x_wconf 91' lang='lat' dir='ltr'>quidquid</span> <span class='ocrx_word' id='word_1_73' title='bbox 1963 607 2004 638; x_wconf 88' lang='lat' dir='ltr'>de</span> <span class='ocrx_word' id='word_1_74' title='bbox 2030 607 2099 638; x_wconf 88' lang='lat' dir='ltr'>iure</span> 
     </span>
     <span class='ocr_line' id='line_1_8' title="bbox 284 669 2098 714; baseline -0.004 -7"><span class='ocrx_word' id='word_1_75' title='bbox 284 675 404 707; x_wconf 87' lang='lat' dir='ltr'>melius</span> <span class='ocrx_word' id='word_1_76' title='bbox 429 675 495 706; x_wconf 92' lang='lat' dir='ltr'>dici</span> <span class='ocrx_word' id='word_1_77' title='bbox 522 677 553 706; x_wconf 91' lang='lat' dir='ltr'>et</span> <span class='ocrx_word' id='word_1_78' title='bbox 578 682 655 706; x_wconf 90' lang='lat' dir='ltr'>esse</span> <span class='ocrx_word' id='word_1_79' title='bbox 682 675 792 714; x_wconf 87' lang='lat' dir='ltr'>potest</span> <span class='ocrx_word' id='word_1_80' title='bbox 818 673 991 713; x_wconf 85' lang='lat' dir='ltr'>signanter</span> <span class='ocrx_word' id='word_1_81' title='bbox 1016 674 1046 703; x_wconf 89' lang='lat' dir='ltr'>et</span> <span class='ocrx_word' id='word_1_82' title='bbox 1072 671 1246 712; x_wconf 77' lang='lat' dir='ltr'>speciftiee</span> <span class='ocrx_word' id='word_1_83' title='bbox 1272 671 1325 708; x_wconf 85' lang='lat' dir='ltr'>ad,</span> <span class='ocrx_word' id='word_1_84' title='bbox 1353 680 1412 711; x_wconf 90' lang='lat' dir='ltr'>pro</span> <span class='ocrx_word' id='word_1_85' title='bbox 1439 671 1515 711; x_wconf 91' lang='lat' dir='ltr'>ipso</span> <span class='ocrx_word' id='word_1_86' title='bbox 1540 671 1678 702; x_wconf 93' lang='lat' dir='ltr'>domino</span> <span class='ocrx_word' id='word_1_87' title='bbox 1715 670 1942 701; x_wconf 84' lang='lat' dir='ltr'>constituente</span> <span class='ocrx_word' id='word_1_88' title='bbox 1967 671 1999 701; x_wconf 92' lang='lat' dir='ltr'>et</span> <span class='ocrx_word' id='word_1_89' title='bbox 2025 669 2098 701; x_wconf 91' lang='lat' dir='ltr'>eius</span> 
     </span>
     <span class='ocr_line' id='line_1_9' title="bbox 284 730 2103 775; baseline -0.003 -7"><span class='ocrx_word' id='word_1_90' title='bbox 284 738 416 768; x_wconf 91' lang='lat' dir='ltr'>nomine</span> <span class='ocrx_word' id='word_1_91' title='bbox 443 737 473 768; x_wconf 91' lang='lat' dir='ltr'>in</span> <span class='ocrx_word' id='word_1_92' title='bbox 501 736 658 767; x_wconf 91' lang='lat' dir='ltr'>manibus</span> <span class='ocrx_word' id='word_1_93' title='bbox 683 738 714 766; x_wconf 89' lang='lat' dir='ltr'>et</span> <span class='ocrx_word' id='word_1_94' title='bbox 740 736 906 775; x_wconf 83' lang='lat' dir='ltr'>potestate</span> <span class='ocrx_word' id='word_1_95' title='bbox 934 733 1051 774; x_wconf 77' lang='lat' dir='ltr'>prefati</span> <span class='ocrx_word' id='word_1_96' title='bbox 1079 733 1362 766; x_wconf 79' lang='lat' dir='ltr'>Reverendissimi</span> <span class='ocrx_word' id='word_1_97' title='bbox 1389 733 1516 764; x_wconf 90' lang='lat' dir='ltr'>domini</span> <span class='ocrx_word' id='word_1_98' title='bbox 1544 733 1647 764; x_wconf 87' lang='lat' dir='ltr'>nostri</span> <span class='ocrx_word' id='word_1_99' title='bbox 1675 731 1777 772; x_wconf 86' lang='lat' dir='ltr'>Pape,</span> <span class='ocrx_word' id='word_1_100' title='bbox 1804 734 1835 763; x_wconf 90' lang='lat' dir='ltr'>ct</span> <span class='ocrx_word' id='word_1_101' title='bbox 1860 740 1920 763; x_wconf 90' lang='lat' dir='ltr'>seu</span> <span class='ocrx_word' id='word_1_102' title='bbox 1947 732 2020 763; x_wconf 91' lang='lat' dir='ltr'>eius</span> <span class='ocrx_word' id='word_1_103' title='bbox 2046 730 2103 762; x_wconf 94' lang='lat' dir='ltr'>Vi-</span> 
     </span>
     <span class='ocr_line' id='line_1_10' title="bbox 284 793 2103 837; baseline -0.004 -6"><span class='ocrx_word' id='word_1_104' title='bbox 284 799 525 836; x_wconf 84' lang='lat' dir='ltr'>cecanzellarii,</span> <span class='ocrx_word' id='word_1_105' title='bbox 551 800 582 830; x_wconf 90' lang='lat' dir='ltr'>et</span> <span class='ocrx_word' id='word_1_106' title='bbox 608 798 840 837; x_wconf 83' lang='lat' dir='ltr'>cuiuscunque</span> <span class='ocrx_word' id='word_1_107' title='bbox 866 796 1003 827; x_wconf 91' lang='lat' dir='ltr'>alterius</span> <span class='ocrx_word' id='word_1_108' title='bbox 1030 804 1174 836; x_wconf 87' lang='lat' dir='ltr'>persone</span> <span class='ocrx_word' id='word_1_109' title='bbox 1199 796 1241 826; x_wconf 89' lang='lat' dir='ltr'>ad</span> <span class='ocrx_word' id='word_1_110' title='bbox 1269 796 1331 826; x_wconf 85' lang='lat' dir='ltr'>hoc</span> <span class='ocrx_word' id='word_1_111' title='bbox 1359 797 1559 835; x_wconf 89' lang='lat' dir='ltr'>potestatem</span> <span class='ocrx_word' id='word_1_112' title='bbox 1587 794 1752 831; x_wconf 86' lang='lat' dir='ltr'>habentis,</span> <span class='ocrx_word' id='word_1_113' title='bbox 1787 793 2044 825; x_wconf 91' lang='lat' dir='ltr'>renuntiandum</span> <span class='ocrx_word' id='word_1_114' title='bbox 2071 794 2103 824; x_wconf 92' lang='lat' dir='ltr'>et</span> 
     </span>
     <span class='ocr_line' id='line_1_11' title="bbox 285 855 2101 902; baseline -0.004 -9"><span class='ocrx_word' id='word_1_115' title='bbox 285 861 552 902; x_wconf 87' lang='lat' dir='ltr'>consignandum</span> <span class='ocrx_word' id='word_1_116' title='bbox 579 862 644 891; x_wconf 86' lang='lat' dir='ltr'>tam</span> <span class='ocrx_word' id='word_1_117' title='bbox 671 868 752 899; x_wconf 89' lang='lat' dir='ltr'>pure</span> <span class='ocrx_word' id='word_1_118' title='bbox 778 861 808 889; x_wconf 90' lang='lat' dir='ltr'>et</span> <span class='ocrx_word' id='word_1_119' title='bbox 835 858 1040 897; x_wconf 76' lang='lat' dir='ltr'>simpliciter,</span> <span class='ocrx_word' id='word_1_120' title='bbox 1077 866 1176 897; x_wconf 90' lang='lat' dir='ltr'>quam</span> <span class='ocrx_word' id='word_1_121' title='bbox 1214 866 1255 888; x_wconf 88' lang='lat' dir='ltr'>ex</span> <span class='ocrx_word' id='word_1_122' title='bbox 1293 865 1396 888; x_wconf 89' lang='lat' dir='ltr'>causa</span> <span class='ocrx_word' id='word_1_123' title='bbox 1435 856 1690 896; x_wconf 84' lang='lat' dir='ltr'>permutationis</span> <span class='ocrx_word' id='word_1_124' title='bbox 1723 855 1988 887; x_wconf 85' lang='lat' dir='ltr'>contrahendum</span> <span class='ocrx_word' id='word_1_125' title='bbox 2027 863 2101 886; x_wconf 93' lang='lat' dir='ltr'>cum</span> 
     </span>
     <span class='ocr_line' id='line_1_12' title="bbox 285 918 2103 964; baseline -0.004 -9"><span class='ocrx_word' id='word_1_126' title='bbox 285 932 488 964; x_wconf 82' lang='lat' dir='ltr'>quacunque</span> <span class='ocrx_word' id='word_1_127' title='bbox 526 930 670 962; x_wconf 88' lang='lat' dir='ltr'>persona</span> <span class='ocrx_word' id='word_1_128' title='bbox 708 920 937 952; x_wconf 84' lang='lat' dir='ltr'>ecclesiastica</span> <span class='ocrx_word' id='word_1_129' title='bbox 963 922 994 950; x_wconf 85' lang='lat' dir='ltr'>et</span> <span class='ocrx_word' id='word_1_130' title='bbox 1021 928 1081 959; x_wconf 92' lang='lat' dir='ltr'>pro</span> <span class='ocrx_word' id='word_1_131' title='bbox 1107 927 1322 958; x_wconf 90' lang='lat' dir='ltr'>quocumque</span> <span class='ocrx_word' id='word_1_132' title='bbox 1360 919 1428 950; x_wconf 87' lang='lat' dir='ltr'>alio</span> <span class='ocrx_word' id='word_1_133' title='bbox 1466 918 1631 949; x_wconf 80' lang='lat' dir='ltr'>beneficio</span> <span class='ocrx_word' id='word_1_134' title='bbox 1664 921 1730 949; x_wconf 88' lang='lat' dir='ltr'>tam</span> <span class='ocrx_word' id='word_1_135' title='bbox 1768 920 1884 949; x_wconf 86' lang='lat' dir='ltr'>curato</span> <span class='ocrx_word' id='word_1_136' title='bbox 1910 926 2010 957; x_wconf 90' lang='lat' dir='ltr'>quam</span> <span class='ocrx_word' id='word_1_137' title='bbox 2038 925 2103 948; x_wconf 94' lang='lat' dir='ltr'>non</span> 
     </span>
     <span class='ocr_line' id='line_1_13' title="bbox 287 979 2104 1024; baseline -0.004 -7"><span class='ocrx_word' id='word_1_138' title='bbox 287 988 412 1021; x_wconf 84' lang='lat' dir='ltr'>curatO,</span> <span class='ocrx_word' id='word_1_139' title='bbox 438 988 468 1016; x_wconf 89' lang='lat' dir='ltr'>et</span> <span class='ocrx_word' id='word_1_140' title='bbox 495 986 592 1024; x_wconf 89' lang='lat' dir='ltr'>prout</span> <span class='ocrx_word' id='word_1_141' title='bbox 618 983 744 1014; x_wconf 87' lang='lat' dir='ltr'>eisdem</span> <span class='ocrx_word' id='word_1_142' title='bbox 772 983 844 1013; x_wconf 82' lang='lat' dir='ltr'>suis</span> <span class='ocrx_word' id='word_1_143' title='bbox 871 980 1146 1021; x_wconf 84' lang='lat' dir='ltr'>procuratoribus</span> <span class='ocrx_word' id='word_1_144' title='bbox 1173 982 1203 1011; x_wconf 91' lang='lat' dir='ltr'>et</span> <span class='ocrx_word' id='word_1_145' title='bbox 1231 981 1362 1020; x_wconf 88' lang='lat' dir='ltr'>utrique</span> <span class='ocrx_word' id='word_1_146' title='bbox 1390 981 1539 1020; x_wconf 90' lang='lat' dir='ltr'>ipsorum</span> <span class='ocrx_word' id='word_1_147' title='bbox 1579 980 1760 1011; x_wconf 88' lang='lat' dir='ltr'>insolidum</span> <span class='ocrx_word' id='word_1_148' title='bbox 1789 979 1909 1011; x_wconf 89' lang='lat' dir='ltr'>melius</span> <span class='ocrx_word' id='word_1_149' title='bbox 1935 979 2104 1010; x_wconf 87' lang='lat' dir='ltr'>videbitur</span> 
     </span>
     <span class='ocr_line' id='line_1_14' title="bbox 286 1040 2104 1087; baseline -0.004 -8"><span class='ocrx_word' id='word_1_150' title='bbox 286 1051 315 1079; x_wconf 84' lang='lat' dir='ltr'>et</span> <span class='ocrx_word' id='word_1_151' title='bbox 342 1047 513 1087; x_wconf 72' lang='lat' dir='ltr'>placuerit,</span> <span class='ocrx_word' id='word_1_152' title='bbox 541 1045 806 1085; x_wconf 83' lang='lat' dir='ltr'>suprascriptum</span> <span class='ocrx_word' id='word_1_153' title='bbox 833 1043 906 1074; x_wconf 88' lang='lat' dir='ltr'>eius</span> <span class='ocrx_word' id='word_1_154' title='bbox 934 1042 1139 1074; x_wconf 83' lang='lat' dir='ltr'>beneffitium</span> <span class='ocrx_word' id='word_1_155' title='bbox 1167 1051 1226 1073; x_wconf 88' lang='lat' dir='ltr'>seu</span> <span class='ocrx_word' id='word_1_156' title='bbox 1255 1041 1443 1075; x_wconf 76' lang='lat' dir='ltr'>Rectoriam</span> <span class='ocrx_word' id='word_1_157' title='bbox 1470 1044 1526 1073; x_wconf 89' lang='lat' dir='ltr'>aut</span> <span class='ocrx_word' id='word_1_158' title='bbox 1554 1043 1734 1082; x_wconf 87' lang='lat' dir='ltr'>prioratum</span> <span class='ocrx_word' id='word_1_159' title='bbox 1773 1042 1879 1073; x_wconf 88' lang='lat' dir='ltr'>saneti</span> <span class='ocrx_word' id='word_1_160' title='bbox 1907 1040 2001 1072; x_wconf 81' lang='lat' dir='ltr'>Pauli</span> <span class='ocrx_word' id='word_1_161' title='bbox 2028 1049 2104 1072; x_wconf 90' lang='lat' dir='ltr'>cum</span> 
     </span>
     <span class='ocr_line' id='line_1_15' title="bbox 286 1102 2101 1146; baseline -0.003 -7"><span class='ocrx_word' id='word_1_162' title='bbox 286 1110 443 1140; x_wconf 83' lang='lat' dir='ltr'>omnibus</span> <span class='ocrx_word' id='word_1_163' title='bbox 470 1108 599 1138; x_wconf 89' lang='lat' dir='ltr'>iuribus</span> <span class='ocrx_word' id='word_1_164' title='bbox 625 1109 655 1138; x_wconf 86' lang='lat' dir='ltr'>et</span> <span class='ocrx_word' id='word_1_165' title='bbox 682 1106 890 1146; x_wconf 82' lang='lat' dir='ltr'>pertinentiis</span> <span class='ocrx_word' id='word_1_166' title='bbox 917 1105 999 1142; x_wconf 90' lang='lat' dir='ltr'>suis,</span> <span class='ocrx_word' id='word_1_167' title='bbox 1026 1107 1057 1136; x_wconf 88' lang='lat' dir='ltr'>et</span> <span class='ocrx_word' id='word_1_168' title='bbox 1082 1105 1146 1135; x_wconf 86' lang='lat' dir='ltr'>sibi</span> <span class='ocrx_word' id='word_1_169' title='bbox 1174 1105 1204 1135; x_wconf 92' lang='lat' dir='ltr'>in</span> <span class='ocrx_word' id='word_1_170' title='bbox 1232 1114 1272 1136; x_wconf 88' lang='lat' dir='ltr'>eo</span> <span class='ocrx_word' id='word_1_171' title='bbox 1298 1104 1526 1145; x_wconf 83' lang='lat' dir='ltr'>quovismodo</span> <span class='ocrx_word' id='word_1_172' title='bbox 1564 1104 1809 1144; x_wconf 76' lang='lat' dir='ltr'>spectantibus,</span> <span class='ocrx_word' id='word_1_173' title='bbox 1835 1105 1866 1134; x_wconf 93' lang='lat' dir='ltr'>et</span> <span class='ocrx_word' id='word_1_174' title='bbox 1893 1103 2033 1143; x_wconf 89' lang='lat' dir='ltr'>proinde</span> <span class='ocrx_word' id='word_1_175' title='bbox 2059 1102 2101 1134; x_wconf 86' lang='lat' dir='ltr'>ad</span> 
     </span>
     <span class='ocr_line' id='line_1_16' title="bbox 287 1165 2104 1209; baseline -0.003 -7"><span class='ocrx_word' id='word_1_176' title='bbox 287 1171 461 1202; x_wconf 85' lang='lat' dir='ltr'>iurandum</span> <span class='ocrx_word' id='word_1_177' title='bbox 489 1172 518 1201; x_wconf 86' lang='lat' dir='ltr'>et</span> <span class='ocrx_word' id='word_1_178' title='bbox 544 1169 783 1209; x_wconf 87' lang='lat' dir='ltr'>quodcumque</span> <span class='ocrx_word' id='word_1_179' title='bbox 810 1168 935 1199; x_wconf 89' lang='lat' dir='ltr'>licitum</span> <span class='ocrx_word' id='word_1_180' title='bbox 963 1169 993 1198; x_wconf 93' lang='lat' dir='ltr'>et</span> <span class='ocrx_word' id='word_1_181' title='bbox 1018 1167 1170 1198; x_wconf 89' lang='lat' dir='ltr'>debitum</span> <span class='ocrx_word' id='word_1_182' title='bbox 1208 1167 1429 1198; x_wconf 89' lang='lat' dir='ltr'>iuramentum</span> <span class='ocrx_word' id='word_1_183' title='bbox 1468 1166 1688 1207; x_wconf 86' lang='lat' dir='ltr'>prestandum</span> <span class='ocrx_word' id='word_1_184' title='bbox 1716 1167 1746 1196; x_wconf 92' lang='lat' dir='ltr'>in</span> <span class='ocrx_word' id='word_1_185' title='bbox 1773 1166 1917 1196; x_wconf 88' lang='lat' dir='ltr'>animam</span> <span class='ocrx_word' id='word_1_186' title='bbox 1952 1165 2104 1197; x_wconf 90' lang='lat' dir='ltr'>eiusdem</span> 
     </span>
     <span class='ocr_line' id='line_1_17' title="bbox 286 1227 2101 1271; baseline -0.003 -7"><span class='ocrx_word' id='word_1_187' title='bbox 286 1233 411 1264; x_wconf 86' lang='lat' dir='ltr'>domini</span> <span class='ocrx_word' id='word_1_188' title='bbox 438 1231 685 1269; x_wconf 70' lang='lat' dir='ltr'>constituentis,</span> <span class='ocrx_word' id='word_1_189' title='bbox 723 1230 812 1271; x_wconf 90' lang='lat' dir='ltr'>quod</span> <span class='ocrx_word' id='word_1_190' title='bbox 841 1230 871 1261; x_wconf 93' lang='lat' dir='ltr'>in</span> <span class='ocrx_word' id='word_1_191' title='bbox 900 1229 1092 1261; x_wconf 87' lang='lat' dir='ltr'>huiusmodi</span> <span class='ocrx_word' id='word_1_192' title='bbox 1131 1229 1377 1260; x_wconf 89' lang='lat' dir='ltr'>renuntiatione</span> <span class='ocrx_word' id='word_1_193' title='bbox 1404 1231 1435 1260; x_wconf 88' lang='lat' dir='ltr'>et</span> <span class='ocrx_word' id='word_1_194' title='bbox 1462 1229 1708 1270; x_wconf 88' lang='lat' dir='ltr'>ressignatione</span> <span class='ocrx_word' id='word_1_195' title='bbox 1745 1237 1810 1259; x_wconf 92' lang='lat' dir='ltr'>non</span> <span class='ocrx_word' id='word_1_196' title='bbox 1839 1227 2015 1259; x_wconf 92' lang='lat' dir='ltr'>intervenit</span> <span class='ocrx_word' id='word_1_197' title='bbox 2042 1236 2101 1259; x_wconf 92' lang='lat' dir='ltr'>nec</span> 
     </span>
     <span class='ocr_line' id='line_1_18' title="bbox 287 1290 2105 1334; baseline -0.003 -8"><span class='ocrx_word' id='word_1_198' title='bbox 287 1295 485 1327; x_wconf 83' lang='lat' dir='ltr'>intervenire</span> <span class='ocrx_word' id='word_1_199' title='bbox 512 1296 666 1334; x_wconf 88' lang='lat' dir='ltr'>speratur</span> <span class='ocrx_word' id='word_1_200' title='bbox 692 1301 751 1324; x_wconf 91' lang='lat' dir='ltr'>nec</span> <span class='ocrx_word' id='word_1_201' title='bbox 776 1293 877 1324; x_wconf 89' lang='lat' dir='ltr'>debet</span> <span class='ocrx_word' id='word_1_202' title='bbox 902 1292 1014 1332; x_wconf 91' lang='lat' dir='ltr'>aliqua</span> <span class='ocrx_word' id='word_1_203' title='bbox 1041 1291 1184 1323; x_wconf 87' lang='lat' dir='ltr'>simonie</span> <span class='ocrx_word' id='word_1_204' title='bbox 1211 1291 1305 1322; x_wconf 91' lang='lat' dir='ltr'>labes</span> <span class='ocrx_word' id='word_1_205' title='bbox 1332 1300 1391 1322; x_wconf 92' lang='lat' dir='ltr'>nec</span> <span class='ocrx_word' id='word_1_206' title='bbox 1417 1291 1530 1331; x_wconf 90' lang='lat' dir='ltr'>aliqua</span> <span class='ocrx_word' id='word_1_207' title='bbox 1556 1290 1621 1322; x_wconf 86' lang='lat' dir='ltr'>alia</span> <span class='ocrx_word' id='word_1_208' title='bbox 1647 1291 1758 1331; x_wconf 90' lang='lat' dir='ltr'>pactio</span> <span class='ocrx_word' id='word_1_209' title='bbox 1798 1290 1922 1327; x_wconf 88' lang='lat' dir='ltr'>illicita,</span> <span class='ocrx_word' id='word_1_210' title='bbox 1949 1292 1980 1321; x_wconf 91' lang='lat' dir='ltr'>et</span> <span class='ocrx_word' id='word_1_211' title='bbox 2006 1291 2105 1330; x_wconf 90' lang='lat' dir='ltr'>prout</span> 
     </span>
     <span class='ocr_line' id='line_1_19' title="bbox 286 1352 2107 1396; baseline -0.003 -7"><span class='ocrx_word' id='word_1_212' title='bbox 286 1362 315 1389; x_wconf 82' lang='lat' dir='ltr'>et</span> <span class='ocrx_word' id='word_1_213' title='bbox 342 1358 429 1389; x_wconf 88' lang='lat' dir='ltr'>sicut</span> <span class='ocrx_word' id='word_1_214' title='bbox 455 1357 583 1388; x_wconf 90' lang='lat' dir='ltr'>eisdem</span> <span class='ocrx_word' id='word_1_215' title='bbox 610 1356 681 1387; x_wconf 90' lang='lat' dir='ltr'>suis</span> <span class='ocrx_word' id='word_1_216' title='bbox 709 1355 985 1396; x_wconf 82' lang='lat' dir='ltr'>procuratoribus</span> <span class='ocrx_word' id='word_1_217' title='bbox 1012 1356 1041 1385; x_wconf 91' lang='lat' dir='ltr'>et</span> <span class='ocrx_word' id='word_1_218' title='bbox 1069 1354 1200 1394; x_wconf 87' lang='lat' dir='ltr'>utrique</span> <span class='ocrx_word' id='word_1_219' title='bbox 1227 1354 1377 1394; x_wconf 89' lang='lat' dir='ltr'>ipsorum</span> <span class='ocrx_word' id='word_1_220' title='bbox 1405 1353 1587 1385; x_wconf 84' lang='lat' dir='ltr'>insolidum</span> <span class='ocrx_word' id='word_1_221' title='bbox 1626 1353 1746 1384; x_wconf 92' lang='lat' dir='ltr'>melius</span> <span class='ocrx_word' id='word_1_222' title='bbox 1784 1352 1952 1384; x_wconf 89' lang='lat' dir='ltr'>videbitur</span> <span class='ocrx_word' id='word_1_223' title='bbox 1978 1354 2009 1383; x_wconf 90' lang='lat' dir='ltr'>et</span> <span class='ocrx_word' id='word_1_224' title='bbox 2035 1352 2107 1392; x_wconf 90' lang='lat' dir='ltr'>pla-</span> 
     </span>
     <span class='ocr_line' id='line_1_20' title="bbox 286 1414 2107 1459; baseline -0.003 -8"><span class='ocrx_word' id='word_1_225' title='bbox 286 1420 399 1451; x_wconf 79' lang='lat' dir='ltr'>cuerit.</span> <span class='ocrx_word' id='word_1_226' title='bbox 426 1418 465 1450; x_wconf 78' lang='lat' dir='ltr'>Et</span> <span class='ocrx_word' id='word_1_227' title='bbox 491 1418 692 1459; x_wconf 84' lang='lat' dir='ltr'>generaliter</span> <span class='ocrx_word' id='word_1_228' title='bbox 716 1419 747 1449; x_wconf 86' lang='lat' dir='ltr'>et</span> <span class='ocrx_word' id='word_1_229' title='bbox 773 1417 975 1458; x_wconf 82' lang='lat' dir='ltr'>specialiter,</span> <span class='ocrx_word' id='word_1_230' title='bbox 1003 1417 1045 1448; x_wconf 89' lang='lat' dir='ltr'>ita</span> <span class='ocrx_word' id='word_1_231' title='bbox 1072 1418 1181 1448; x_wconf 91' lang='lat' dir='ltr'>tamen</span> <span class='ocrx_word' id='word_1_232' title='bbox 1208 1416 1299 1456; x_wconf 89' lang='lat' dir='ltr'>quod</span> <span class='ocrx_word' id='word_1_233' title='bbox 1327 1425 1386 1456; x_wconf 90' lang='lat' dir='ltr'>per</span> <span class='ocrx_word' id='word_1_234' title='bbox 1411 1415 1662 1457; x_wconf 86' lang='lat' dir='ltr'>generalitatem</span> <span class='ocrx_word' id='word_1_235' title='bbox 1689 1415 1890 1456; x_wconf 89' lang='lat' dir='ltr'>specialitati</span> <span class='ocrx_word' id='word_1_236' title='bbox 1918 1423 1983 1445; x_wconf 91' lang='lat' dir='ltr'>non</span> <span class='ocrx_word' id='word_1_237' title='bbox 2009 1414 2107 1445; x_wconf 89' lang='lat' dir='ltr'>dero-</span> 
     </span>
     <span class='ocr_line' id='line_1_21' title="bbox 287 1477 2105 1523; baseline -0.003 -10"><span class='ocrx_word' id='word_1_238' title='bbox 287 1486 382 1523; x_wconf 68' lang='lat' dir='ltr'>getur</span> <span class='ocrx_word' id='word_1_239' title='bbox 407 1491 467 1513; x_wconf 85' lang='lat' dir='ltr'>nec</span> <span class='ocrx_word' id='word_1_240' title='bbox 493 1491 509 1513; x_wconf 91' lang='lat' dir='ltr'>e</span> <span class='ocrx_word' id='word_1_241' title='bbox 537 1483 663 1518; x_wconf 87' lang='lat' dir='ltr'>contra,</span> <span class='ocrx_word' id='word_1_242' title='bbox 689 1480 729 1511; x_wconf 88' lang='lat' dir='ltr'>ad</span> <span class='ocrx_word' id='word_1_243' title='bbox 758 1480 923 1520; x_wconf 85' lang='lat' dir='ltr'>premissa</span> <span class='ocrx_word' id='word_1_244' title='bbox 961 1479 1071 1510; x_wconf 90' lang='lat' dir='ltr'>omnia</span> <span class='ocrx_word' id='word_1_245' title='bbox 1099 1481 1129 1510; x_wconf 89' lang='lat' dir='ltr'>et</span> <span class='ocrx_word' id='word_1_246' title='bbox 1156 1479 1289 1519; x_wconf 83' lang='lat' dir='ltr'>singula</span> <span class='ocrx_word' id='word_1_247' title='bbox 1326 1478 1530 1515; x_wconf 81' lang='lat' dir='ltr'>faciendum,</span> <span class='ocrx_word' id='word_1_248' title='bbox 1567 1478 1760 1515; x_wconf 84' lang='lat' dir='ltr'>dicendum,</span> <span class='ocrx_word' id='word_1_249' title='bbox 1787 1477 1982 1517; x_wconf 83' lang='lat' dir='ltr'>gerendum,</span> <span class='ocrx_word' id='word_1_250' title='bbox 2008 1485 2105 1508; x_wconf 87' lang='lat' dir='ltr'>exer-</span> 
     </span>
     <span class='ocr_line' id='line_1_22' title="bbox 287 1538 2108 1583; baseline -0.003 -8"><span class='ocrx_word' id='word_1_251' title='bbox 287 1544 440 1581; x_wconf 81' lang='lat' dir='ltr'>cendum,</span> <span class='ocrx_word' id='word_1_252' title='bbox 468 1543 643 1574; x_wconf 87' lang='lat' dir='ltr'>iurandum</span> <span class='ocrx_word' id='word_1_253' title='bbox 671 1544 701 1574; x_wconf 92' lang='lat' dir='ltr'>et</span> <span class='ocrx_word' id='word_1_254' title='bbox 727 1542 976 1583; x_wconf 88' lang='lat' dir='ltr'>procurandum</span> <span class='ocrx_word' id='word_1_255' title='bbox 1003 1550 1068 1581; x_wconf 90' lang='lat' dir='ltr'>que</span> <span class='ocrx_word' id='word_1_256' title='bbox 1095 1541 1125 1572; x_wconf 92' lang='lat' dir='ltr'>in</span> <span class='ocrx_word' id='word_1_257' title='bbox 1153 1541 1313 1581; x_wconf 85' lang='lat' dir='ltr'>predictis</span> <span class='ocrx_word' id='word_1_258' title='bbox 1339 1542 1371 1572; x_wconf 91' lang='lat' dir='ltr'>et</span> <span class='ocrx_word' id='word_1_259' title='bbox 1396 1541 1478 1572; x_wconf 89' lang='lat' dir='ltr'>citra</span> <span class='ocrx_word' id='word_1_260' title='bbox 1515 1540 1666 1580; x_wconf 89' lang='lat' dir='ltr'>predicta</span> <span class='ocrx_word' id='word_1_261' title='bbox 1703 1539 1878 1577; x_wconf 88' lang='lat' dir='ltr'>connexis,</span> <span class='ocrx_word' id='word_1_262' title='bbox 1912 1538 2108 1579; x_wconf 88' lang='lat' dir='ltr'>dependen-</span> 
     </span>
     <span class='ocr_line' id='line_1_23' title="bbox 286 1600 2106 1646; baseline -0.004 -8"><span class='ocrx_word' id='word_1_263' title='bbox 286 1607 376 1638; x_wconf 88' lang='lat' dir='ltr'>tibus</span> <span class='ocrx_word' id='word_1_264' title='bbox 403 1608 433 1637; x_wconf 91' lang='lat' dir='ltr'>et</span> <span class='ocrx_word' id='word_1_265' title='bbox 460 1605 711 1646; x_wconf 80' lang='lat' dir='ltr'>emergentibus</span> <span class='ocrx_word' id='word_1_266' title='bbox 737 1605 780 1636; x_wconf 87' lang='lat' dir='ltr'>ab</span> <span class='ocrx_word' id='word_1_267' title='bbox 806 1604 945 1641; x_wconf 76' lang='lat' dir='ltr'>eisdem,</span> <span class='ocrx_word' id='word_1_268' title='bbox 972 1604 1124 1643; x_wconf 90' lang='lat' dir='ltr'>spectant</span> <span class='ocrx_word' id='word_1_269' title='bbox 1151 1605 1182 1634; x_wconf 87' lang='lat' dir='ltr'>et</span> <span class='ocrx_word' id='word_1_270' title='bbox 1207 1603 1375 1643; x_wconf 89' lang='lat' dir='ltr'>pertinent</span> <span class='ocrx_word' id='word_1_271' title='bbox 1400 1602 1566 1640; x_wconf 82' lang='lat' dir='ltr'>facienda,</span> <span class='ocrx_word' id='word_1_272' title='bbox 1604 1604 1864 1642; x_wconf 89' lang='lat' dir='ltr'>opportunaque</span> <span class='ocrx_word' id='word_1_273' title='bbox 1890 1600 2021 1638; x_wconf 84' lang='lat' dir='ltr'>fuerint,</span> <span class='ocrx_word' id='word_1_274' title='bbox 2047 1609 2106 1632; x_wconf 90' lang='lat' dir='ltr'>seu</span> 
     </span>
     <span class='ocr_line' id='line_1_24' title="bbox 287 1662 2107 1708; baseline -0.003 -9"><span class='ocrx_word' id='word_1_275' title='bbox 287 1669 385 1700; x_wconf 86' lang='lat' dir='ltr'>etiam</span> <span class='ocrx_word' id='word_1_276' title='bbox 412 1667 669 1708; x_wconf 88' lang='lat' dir='ltr'>quomodolibet</span> <span class='ocrx_word' id='word_1_277' title='bbox 695 1667 897 1703; x_wconf 86' lang='lat' dir='ltr'>necessaria,</span> <span class='ocrx_word' id='word_1_278' title='bbox 924 1668 955 1697; x_wconf 90' lang='lat' dir='ltr'>et</span> <span class='ocrx_word' id='word_1_279' title='bbox 981 1675 1046 1706; x_wconf 89' lang='lat' dir='ltr'>que</span> <span class='ocrx_word' id='word_1_280' title='bbox 1073 1665 1215 1705; x_wconf 85' lang='lat' dir='ltr'>ipsemet</span> <span class='ocrx_word' id='word_1_281' title='bbox 1253 1665 1412 1696; x_wconf 86' lang='lat' dir='ltr'>dominus</span> <span class='ocrx_word' id='word_1_282' title='bbox 1449 1665 1659 1696; x_wconf 88' lang='lat' dir='ltr'>constituens</span> <span class='ocrx_word' id='word_1_283' title='bbox 1686 1664 1717 1694; x_wconf 94' lang='lat' dir='ltr'>in</span> <span class='ocrx_word' id='word_1_284' title='bbox 1745 1663 1922 1704; x_wconf 86' lang='lat' dir='ltr'>premissis</span> <span class='ocrx_word' id='word_1_285' title='bbox 1948 1662 2107 1694; x_wconf 92' lang='lat' dir='ltr'>omnibus</span> 
     </span>
     <span class='ocr_line' id='line_1_25' title="bbox 288 1724 2105 1770; baseline -0.003 -9"><span class='ocrx_word' id='word_1_286' title='bbox 288 1731 405 1767; x_wconf 77' lang='lat' dir='ltr'>facere,</span> <span class='ocrx_word' id='word_1_287' title='bbox 432 1730 554 1767; x_wconf 85' lang='lat' dir='ltr'>dicere,</span> <span class='ocrx_word' id='word_1_288' title='bbox 581 1738 694 1770; x_wconf 85' lang='lat' dir='ltr'>gerere</span> <span class='ocrx_word' id='word_1_289' title='bbox 721 1731 752 1760; x_wconf 91' lang='lat' dir='ltr'>et</span> <span class='ocrx_word' id='word_1_290' title='bbox 778 1737 935 1760; x_wconf 85' lang='lat' dir='ltr'>exercere</span> <span class='ocrx_word' id='word_1_291' title='bbox 951 1730 1079 1768; x_wconf 89' lang='lat' dir='ltr'>posset,</span> <span class='ocrx_word' id='word_1_292' title='bbox 1105 1727 1132 1759; x_wconf 90' lang='lat' dir='ltr'>si</span> <span class='ocrx_word' id='word_1_293' title='bbox 1160 1736 1301 1768; x_wconf 89' lang='lat' dir='ltr'>presens</span> <span class='ocrx_word' id='word_1_294' title='bbox 1327 1729 1357 1758; x_wconf 90' lang='lat' dir='ltr'>et</span> <span class='ocrx_word' id='word_1_295' title='bbox 1384 1727 1606 1767; x_wconf 88' lang='lat' dir='ltr'>personaliter</span> <span class='ocrx_word' id='word_1_296' title='bbox 1631 1727 1820 1763; x_wconf 91' lang='lat' dir='ltr'>interesset,</span> <span class='ocrx_word' id='word_1_297' title='bbox 1846 1725 1945 1757; x_wconf 89' lang='lat' dir='ltr'>etiam</span> <span class='ocrx_word' id='word_1_298' title='bbox 1973 1725 2000 1756; x_wconf 91' lang='lat' dir='ltr'>si</span> <span class='ocrx_word' id='word_1_299' title='bbox 2027 1724 2105 1756; x_wconf 89' lang='lat' dir='ltr'>talia</span> 
     </span>
     <span class='ocr_line' id='line_1_26' title="bbox 287 1787 2102 1833; baseline -0.003 -10"><span class='ocrx_word' id='word_1_300' title='bbox 287 1793 393 1824; x_wconf 83' lang='lat' dir='ltr'>forent</span> <span class='ocrx_word' id='word_1_301' title='bbox 420 1801 484 1833; x_wconf 92' lang='lat' dir='ltr'>que</span> <span class='ocrx_word' id='word_1_302' title='bbox 511 1792 617 1823; x_wconf 87' lang='lat' dir='ltr'>lacius</span> <span class='ocrx_word' id='word_1_303' title='bbox 643 1800 681 1823; x_wconf 88' lang='lat' dir='ltr'>ac</span> <span class='ocrx_word' id='word_1_304' title='bbox 708 1791 891 1831; x_wconf 84' lang='lat' dir='ltr'>specialius</span> <span class='ocrx_word' id='word_1_305' title='bbox 918 1790 1111 1822; x_wconf 86' lang='lat' dir='ltr'>mandatum</span> <span class='ocrx_word' id='word_1_306' title='bbox 1138 1791 1376 1830; x_wconf 89' lang='lat' dir='ltr'>exposcerent.</span> <span class='ocrx_word' id='word_1_307' title='bbox 1403 1788 1498 1820; x_wconf 90' lang='lat' dir='ltr'>Dans</span> <span class='ocrx_word' id='word_1_308' title='bbox 1523 1790 1555 1820; x_wconf 92' lang='lat' dir='ltr'>et</span> <span class='ocrx_word' id='word_1_309' title='bbox 1581 1788 1775 1820; x_wconf 90' lang='lat' dir='ltr'>concedens</span> <span class='ocrx_word' id='word_1_310' title='bbox 1808 1788 1918 1819; x_wconf 91' lang='lat' dir='ltr'>dictus</span> <span class='ocrx_word' id='word_1_311' title='bbox 1943 1787 2102 1818; x_wconf 88' lang='lat' dir='ltr'>dominus</span> 
     </span>
     <span class='ocr_line' id='line_1_27' title="bbox 287 1849 2107 1894; baseline -0.004 -8"><span class='ocrx_word' id='word_1_312' title='bbox 287 1855 497 1886; x_wconf 85' lang='lat' dir='ltr'>constituens</span> <span class='ocrx_word' id='word_1_313' title='bbox 524 1853 683 1894; x_wconf 81' lang='lat' dir='ltr'>prefactis</span> <span class='ocrx_word' id='word_1_314' title='bbox 710 1854 781 1884; x_wconf 91' lang='lat' dir='ltr'>suis</span> <span class='ocrx_word' id='word_1_315' title='bbox 808 1853 1085 1893; x_wconf 86' lang='lat' dir='ltr'>procuratoribus</span> <span class='ocrx_word' id='word_1_316' title='bbox 1111 1854 1142 1884; x_wconf 90' lang='lat' dir='ltr'>et</span> <span class='ocrx_word' id='word_1_317' title='bbox 1168 1852 1300 1892; x_wconf 91' lang='lat' dir='ltr'>utrique</span> <span class='ocrx_word' id='word_1_318' title='bbox 1327 1852 1477 1892; x_wconf 89' lang='lat' dir='ltr'>ipsorum</span> <span class='ocrx_word' id='word_1_319' title='bbox 1505 1851 1535 1882; x_wconf 91' lang='lat' dir='ltr'>in</span> <span class='ocrx_word' id='word_1_320' title='bbox 1563 1851 1708 1882; x_wconf 89' lang='lat' dir='ltr'>solidum</span> <span class='ocrx_word' id='word_1_321' title='bbox 1736 1851 1766 1880; x_wconf 95' lang='lat' dir='ltr'>in</span> <span class='ocrx_word' id='word_1_322' title='bbox 1794 1849 1955 1890; x_wconf 87' lang='lat' dir='ltr'>predictis</span> <span class='ocrx_word' id='word_1_323' title='bbox 1970 1850 2001 1880; x_wconf 88' lang='lat' dir='ltr'>et</span> <span class='ocrx_word' id='word_1_324' title='bbox 2019 1849 2107 1880; x_wconf 89' lang='lat' dir='ltr'>circa</span> 
     </span>
     <span class='ocr_line' id='line_1_28' title="bbox 288 1911 2110 1958; baseline -0.003 -10"><span class='ocrx_word' id='word_1_325' title='bbox 288 1917 435 1958; x_wconf 86' lang='lat' dir='ltr'>predicta</span> <span class='ocrx_word' id='word_1_326' title='bbox 463 1916 608 1957; x_wconf 81' lang='lat' dir='ltr'>plenum.</span> <span class='ocrx_word' id='word_1_327' title='bbox 635 1916 786 1952; x_wconf 86' lang='lat' dir='ltr'>liberum,</span> <span class='ocrx_word' id='word_1_328' title='bbox 812 1915 967 1955; x_wconf 86' lang='lat' dir='ltr'>generale</span> <span class='ocrx_word' id='word_1_329' title='bbox 994 1917 1024 1946; x_wconf 90' lang='lat' dir='ltr'>et</span> <span class='ocrx_word' id='word_1_330' title='bbox 1050 1914 1197 1955; x_wconf 87' lang='lat' dir='ltr'>speciale</span> <span class='ocrx_word' id='word_1_331' title='bbox 1224 1914 1429 1951; x_wconf 87' lang='lat' dir='ltr'>mandatum,</span> <span class='ocrx_word' id='word_1_332' title='bbox 1455 1922 1528 1944; x_wconf 90' lang='lat' dir='ltr'>cum</span> <span class='ocrx_word' id='word_1_333' title='bbox 1557 1913 1665 1953; x_wconf 87' lang='lat' dir='ltr'>plena,</span> <span class='ocrx_word' id='word_1_334' title='bbox 1685 1913 1798 1949; x_wconf 82' lang='lat' dir='ltr'>libera,</span> <span class='ocrx_word' id='word_1_335' title='bbox 1818 1911 1963 1953; x_wconf 83' lang='lat' dir='ltr'>generali</span> <span class='ocrx_word' id='word_1_336' title='bbox 1983 1913 2013 1943; x_wconf 92' lang='lat' dir='ltr'>et</span> <span class='ocrx_word' id='word_1_337' title='bbox 2032 1919 2110 1951; x_wconf 89' lang='lat' dir='ltr'>spe-</span> 
     </span>
     <span class='ocr_line' id='line_1_29' title="bbox 288 1974 2109 2015; baseline -0.003 -5"><span class='ocrx_word' id='word_1_338' title='bbox 288 1980 362 2011; x_wconf 86' lang='lat' dir='ltr'>ciali</span> <span class='ocrx_word' id='word_1_339' title='bbox 389 1979 698 2015; x_wconf 83' lang='lat' dir='ltr'>adniinistracione‚</span> <span class='ocrx_word' id='word_1_340' title='bbox 724 1987 762 2009; x_wconf 89' lang='lat' dir='ltr'>ac</span> <span class='ocrx_word' id='word_1_341' title='bbox 788 1977 1001 2009; x_wconf 88' lang='lat' dir='ltr'>omnimodas</span> <span class='ocrx_word' id='word_1_342' title='bbox 1029 1977 1121 2008; x_wconf 87' lang='lat' dir='ltr'>vices</span> <span class='ocrx_word' id='word_1_343' title='bbox 1148 1985 1229 2008; x_wconf 86' lang='lat' dir='ltr'>suas</span> <span class='ocrx_word' id='word_1_344' title='bbox 1255 1976 1384 2008; x_wconf 88' lang='lat' dir='ltr'>eisdem</span> <span class='ocrx_word' id='word_1_345' title='bbox 1419 1975 1681 2007; x_wconf 86' lang='lat' dir='ltr'>committendo:</span> <span class='ocrx_word' id='word_1_346' title='bbox 1720 1974 1946 2014; x_wconf 84' lang='lat' dir='ltr'>Promisitque</span> <span class='ocrx_word' id='word_1_347' title='bbox 1973 1976 2004 2005; x_wconf 89' lang='lat' dir='ltr'>et</span> <span class='ocrx_word' id='word_1_348' title='bbox 2031 1982 2109 2013; x_wconf 90' lang='lat' dir='ltr'>pro-</span> 
     </span>
     <span class='ocr_line' id='line_1_30' title="bbox 289 2035 2110 2078; baseline -0.003 -6"><span class='ocrx_word' id='word_1_349' title='bbox 289 2042 385 2073; x_wconf 84' lang='lat' dir='ltr'>mittit</span> <span class='ocrx_word' id='word_1_350' title='bbox 412 2042 499 2073; x_wconf 87' lang='lat' dir='ltr'>idem</span> <span class='ocrx_word' id='word_1_351' title='bbox 527 2041 685 2072; x_wconf 89' lang='lat' dir='ltr'>dominus</span> <span class='ocrx_word' id='word_1_352' title='bbox 712 2041 922 2072; x_wconf 87' lang='lat' dir='ltr'>constituens</span> <span class='ocrx_word' id='word_1_353' title='bbox 949 2040 1049 2071; x_wconf 79' lang='lat' dir='ltr'>michi</span> <span class='ocrx_word' id='word_1_354' title='bbox 1078 2040 1207 2070; x_wconf 84' lang='lat' dir='ltr'>notario</span> <span class='ocrx_word' id='word_1_355' title='bbox 1233 2038 1371 2078; x_wconf 88' lang='lat' dir='ltr'>publico</span> <span class='ocrx_word' id='word_1_356' title='bbox 1398 2038 1624 2078; x_wconf 82' lang='lat' dir='ltr'>infrascriptO,</span> <span class='ocrx_word' id='word_1_357' title='bbox 1651 2039 1820 2077; x_wconf 85' lang='lat' dir='ltr'>tamquam</span> <span class='ocrx_word' id='word_1_358' title='bbox 1848 2035 1983 2076; x_wconf 86' lang='lat' dir='ltr'>publice</span> <span class='ocrx_word' id='word_1_359' title='bbox 2002 2038 2032 2067; x_wconf 87' lang='lat' dir='ltr'>et</span> <span class='ocrx_word' id='word_1_360' title='bbox 2050 2044 2110 2067; x_wconf 90' lang='lat' dir='ltr'>au-</span> 
     </span>
     <span class='ocr_line' id='line_1_31' title="bbox 289 2098 2109 2143; baseline -0.003 -9"><span class='ocrx_word' id='word_1_361' title='bbox 289 2104 410 2135; x_wconf 85' lang='lat' dir='ltr'>tentice</span> <span class='ocrx_word' id='word_1_362' title='bbox 438 2111 581 2143; x_wconf 87' lang='lat' dir='ltr'>persone</span> <span class='ocrx_word' id='word_1_363' title='bbox 609 2102 782 2142; x_wconf 90' lang='lat' dir='ltr'>recipienti</span> <span class='ocrx_word' id='word_1_364' title='bbox 810 2104 841 2133; x_wconf 89' lang='lat' dir='ltr'>et</span> <span class='ocrx_word' id='word_1_365' title='bbox 868 2101 1040 2142; x_wconf 87' lang='lat' dir='ltr'>stipulanti</span> <span class='ocrx_word' id='word_1_366' title='bbox 1080 2101 1215 2132; x_wconf 91' lang='lat' dir='ltr'>nomine</span> <span class='ocrx_word' id='word_1_367' title='bbox 1242 2103 1273 2132; x_wconf 91' lang='lat' dir='ltr'>et</span> <span class='ocrx_word' id='word_1_368' title='bbox 1300 2101 1372 2132; x_wconf 89' lang='lat' dir='ltr'>vice</span> <span class='ocrx_word' id='word_1_369' title='bbox 1411 2101 1559 2131; x_wconf 83' lang='lat' dir='ltr'>Omnium</span> <span class='ocrx_word' id='word_1_370' title='bbox 1587 2102 1618 2131; x_wconf 89' lang='lat' dir='ltr'>et</span> <span class='ocrx_word' id='word_1_371' title='bbox 1644 2099 1852 2139; x_wconf 86' lang='lat' dir='ltr'>singulorum</span> <span class='ocrx_word' id='word_1_372' title='bbox 1891 2107 2032 2138; x_wconf 87' lang='lat' dir='ltr'>quorum</span> <span class='ocrx_word' id='word_1_373' title='bbox 2060 2098 2109 2128; x_wconf 93' lang='lat' dir='ltr'>in-</span> 
     </span>
     <span class='ocr_line' id='line_1_32' title="bbox 288 2160 2108 2204; baseline -0.003 -8"><span class='ocrx_word' id='word_1_374' title='bbox 288 2167 388 2196; x_wconf 85' lang='lat' dir='ltr'>terest</span> <span class='ocrx_word' id='word_1_375' title='bbox 414 2167 443 2196; x_wconf 95' lang='lat' dir='ltr'>et</span> <span class='ocrx_word' id='word_1_376' title='bbox 471 2165 618 2196; x_wconf 88' lang='lat' dir='ltr'>intererit</span> <span class='ocrx_word' id='word_1_377' title='bbox 644 2164 901 2204; x_wconf 88' lang='lat' dir='ltr'>quomodolibet</span> <span class='ocrx_word' id='word_1_378' title='bbox 928 2164 959 2195; x_wconf 93' lang='lat' dir='ltr'>in</span> <span class='ocrx_word' id='word_1_379' title='bbox 986 2163 1144 2201; x_wconf 81' lang='lat' dir='ltr'>futurum,</span> <span class='ocrx_word' id='word_1_380' title='bbox 1159 2172 1195 2194; x_wconf 89' lang='lat' dir='ltr'>se</span> <span class='ocrx_word' id='word_1_381' title='bbox 1212 2163 1402 2194; x_wconf 85' lang='lat' dir='ltr'>habiturum</span> <span class='ocrx_word' id='word_1_382' title='bbox 1418 2164 1449 2193; x_wconf 91' lang='lat' dir='ltr'>ct</span> <span class='ocrx_word' id='word_1_383' title='bbox 1463 2164 1630 2193; x_wconf 88' lang='lat' dir='ltr'>tenturum</span> <span class='ocrx_word' id='word_1_384' title='bbox 1659 2163 1775 2198; x_wconf 82' lang='lat' dir='ltr'>ratum,</span> <span class='ocrx_word' id='word_1_385' title='bbox 1806 2162 1947 2201; x_wconf 68' lang='lat' dir='ltr'>gratum,</span> <span class='ocrx_word' id='word_1_386' title='bbox 1966 2160 2108 2197; x_wconf 77' lang='lat' dir='ltr'>firmum,</span> 
     </span>
     <span class='ocr_line' id='line_1_33' title="bbox 289 2224 2107 2267; baseline -0.003 -9"><span class='ocrx_word' id='word_1_387' title='bbox 289 2229 489 2267; x_wconf 88' lang='lat' dir='ltr'>perpetuum</span> <span class='ocrx_word' id='word_1_388' title='bbox 517 2228 547 2258; x_wconf 92' lang='lat' dir='ltr'>et</span> <span class='ocrx_word' id='word_1_389' title='bbox 574 2227 694 2257; x_wconf 86' lang='lat' dir='ltr'>stabile</span> <span class='ocrx_word' id='word_1_390' title='bbox 721 2235 818 2257; x_wconf 89' lang='lat' dir='ltr'>omne</span> <span class='ocrx_word' id='word_1_391' title='bbox 838 2228 868 2257; x_wconf 87' lang='lat' dir='ltr'>et</span> <span class='ocrx_word' id='word_1_392' title='bbox 886 2228 991 2257; x_wconf 88' lang='lat' dir='ltr'>totum</span> <span class='ocrx_word' id='word_1_393' title='bbox 1019 2226 1050 2256; x_wconf 92' lang='lat' dir='ltr'>id</span> <span class='ocrx_word' id='word_1_394' title='bbox 1077 2227 1108 2256; x_wconf 88' lang='lat' dir='ltr'>et</span> <span class='ocrx_word' id='word_1_395' title='bbox 1134 2225 1299 2265; x_wconf 87' lang='lat' dir='ltr'>quidquid</span> <span class='ocrx_word' id='word_1_396' title='bbox 1320 2234 1379 2264; x_wconf 88' lang='lat' dir='ltr'>per</span> <span class='ocrx_word' id='word_1_397' title='bbox 1395 2225 1505 2255; x_wconf 91' lang='lat' dir='ltr'>dictos</span> <span class='ocrx_word' id='word_1_398' title='bbox 1524 2232 1606 2255; x_wconf 91' lang='lat' dir='ltr'>suos</span> <span class='ocrx_word' id='word_1_399' title='bbox 1626 2225 1862 2263; x_wconf 83' lang='lat' dir='ltr'>procuratores</span> <span class='ocrx_word' id='word_1_400' title='bbox 1880 2225 1911 2253; x_wconf 89' lang='lat' dir='ltr'>et</span> <span class='ocrx_word' id='word_1_401' title='bbox 1929 2224 2107 2262; x_wconf 88' lang='lat' dir='ltr'>utrumque</span> 
     </span>
     <span class='ocr_line' id='line_1_34' title="bbox 290 2285 2109 2330; baseline -0.003 -10"><span class='ocrx_word' id='word_1_402' title='bbox 290 2291 439 2330; x_wconf 89' lang='lat' dir='ltr'>ipsorum</span> <span class='ocrx_word' id='word_1_403' title='bbox 467 2289 497 2319; x_wconf 93' lang='lat' dir='ltr'>in</span> <span class='ocrx_word' id='word_1_404' title='bbox 525 2289 671 2320; x_wconf 91' lang='lat' dir='ltr'>solidum</span> <span class='ocrx_word' id='word_1_405' title='bbox 699 2289 729 2319; x_wconf 92' lang='lat' dir='ltr'>in</span> <span class='ocrx_word' id='word_1_406' title='bbox 757 2288 932 2328; x_wconf 87' lang='lat' dir='ltr'>premissis</span> <span class='ocrx_word' id='word_1_407' title='bbox 958 2290 989 2319; x_wconf 90' lang='lat' dir='ltr'>et</span> <span class='ocrx_word' id='word_1_408' title='bbox 1014 2288 1103 2319; x_wconf 87' lang='lat' dir='ltr'>circa</span> <span class='ocrx_word' id='word_1_409' title='bbox 1130 2287 1295 2327; x_wconf 89' lang='lat' dir='ltr'>premissa</span> <span class='ocrx_word' id='word_1_410' title='bbox 1322 2288 1444 2323; x_wconf 86' lang='lat' dir='ltr'>actum,</span> <span class='ocrx_word' id='word_1_411' title='bbox 1470 2285 1606 2323; x_wconf 83' lang='lat' dir='ltr'>factum,</span> <span class='ocrx_word' id='word_1_412' title='bbox 1644 2285 1780 2321; x_wconf 88' lang='lat' dir='ltr'>dictum,</span> <span class='ocrx_word' id='word_1_413' title='bbox 1814 2286 1947 2324; x_wconf 86' lang='lat' dir='ltr'>gestum</span> <span class='ocrx_word' id='word_1_414' title='bbox 1975 2286 2005 2315; x_wconf 89' lang='lat' dir='ltr'>et</span> <span class='ocrx_word' id='word_1_415' title='bbox 2031 2292 2109 2323; x_wconf 93' lang='lat' dir='ltr'>pro-</span> 
     </span>
     <span class='ocr_line' id='line_1_35' title="bbox 289 2346 2108 2387; baseline -0.003 -5"><span class='ocrx_word' id='word_1_416' title='bbox 289 2354 438 2382; x_wconf 78' lang='lat' dir='ltr'>curatum</span> <span class='ocrx_word' id='word_1_417' title='bbox 466 2350 572 2387; x_wconf 79' lang='lat' dir='ltr'>fuerit,</span> <span class='ocrx_word' id='word_1_418' title='bbox 599 2352 630 2382; x_wconf 87' lang='lat' dir='ltr'>et</span> <span class='ocrx_word' id='word_1_419' title='bbox 656 2352 771 2382; x_wconf 90' lang='lat' dir='ltr'>contra</span> <span class='ocrx_word' id='word_1_420' title='bbox 799 2350 829 2381; x_wconf 93' lang='lat' dir='ltr'>id</span> <span class='ocrx_word' id='word_1_421' title='bbox 858 2359 923 2381; x_wconf 89' lang='lat' dir='ltr'>non</span> <span class='ocrx_word' id='word_1_422' title='bbox 950 2350 1130 2387; x_wconf 83' lang='lat' dir='ltr'>dicturum,</span> <span class='ocrx_word' id='word_1_423' title='bbox 1168 2351 1199 2380; x_wconf 92' lang='lat' dir='ltr'>et</span> <span class='ocrx_word' id='word_1_424' title='bbox 1237 2348 1402 2380; x_wconf 78' lang='lat' dir='ltr'>facturum</span> <span class='ocrx_word' id='word_1_425' title='bbox 1430 2357 1488 2379; x_wconf 91' lang='lat' dir='ltr'>seu</span> <span class='ocrx_word' id='word_1_426' title='bbox 1528 2350 1704 2379; x_wconf 89' lang='lat' dir='ltr'>venturum</span> <span class='ocrx_word' id='word_1_427' title='bbox 1731 2347 1795 2377; x_wconf 91' lang='lat' dir='ltr'>sub</span> <span class='ocrx_word' id='word_1_428' title='bbox 1821 2348 1851 2377; x_wconf 92' lang='lat' dir='ltr'>et</span> <span class='ocrx_word' id='word_1_429' title='bbox 1878 2355 1953 2377; x_wconf 90' lang='lat' dir='ltr'>cum</span> <span class='ocrx_word' id='word_1_430' title='bbox 1981 2346 2108 2386; x_wconf 83' lang='lat' dir='ltr'>integra</span> 
     </span>
     <span class='ocr_line' id='line_1_36' title="bbox 289 2407 2106 2453; baseline -0.002 -11"><span class='ocrx_word' id='word_1_431' title='bbox 289 2414 436 2443; x_wconf 78' lang='lat' dir='ltr'>oninium</span> <span class='ocrx_word' id='word_1_432' title='bbox 464 2415 493 2443; x_wconf 87' lang='lat' dir='ltr'>et</span> <span class='ocrx_word' id='word_1_433' title='bbox 520 2413 729 2453; x_wconf 81' lang='lat' dir='ltr'>singulorum</span> <span class='ocrx_word' id='word_1_434' title='bbox 757 2412 966 2449; x_wconf 81' lang='lat' dir='ltr'>damnorum,</span> <span class='ocrx_word' id='word_1_435' title='bbox 994 2412 1157 2442; x_wconf 86' lang='lat' dir='ltr'>interesse</span> <span class='ocrx_word' id='word_1_436' title='bbox 1183 2413 1214 2442; x_wconf 90' lang='lat' dir='ltr'>et</span> <span class='ocrx_word' id='word_1_437' title='bbox 1240 2419 1468 2451; x_wconf 87' lang='lat' dir='ltr'>expensarum</span> <span class='ocrx_word' id='word_1_438' title='bbox 1496 2410 1573 2447; x_wconf 84' lang='lat' dir='ltr'>litis,</span> <span class='ocrx_word' id='word_1_439' title='bbox 1589 2411 1619 2440; x_wconf 89' lang='lat' dir='ltr'>et</span> <span class='ocrx_word' id='word_1_440' title='bbox 1634 2410 1738 2445; x_wconf 80' lang='lat' dir='ltr'>extra,</span> <span class='ocrx_word' id='word_1_441' title='bbox 1759 2408 1973 2439; x_wconf 86' lang='lat' dir='ltr'>restitucione</span> <span class='ocrx_word' id='word_1_442' title='bbox 1993 2410 2023 2439; x_wconf 93' lang='lat' dir='ltr'>et</span> <span class='ocrx_word' id='word_1_443' title='bbox 2042 2407 2106 2439; x_wconf 87' lang='lat' dir='ltr'>sub</span> 
     </span>
     <span class='ocr_line' id='line_1_37' title="bbox 291 2469 2105 2515; baseline -0.002 -12"><span class='ocrx_word' id='word_1_444' title='bbox 291 2478 432 2515; x_wconf 80' lang='lat' dir='ltr'>ypoteca</span> <span class='ocrx_word' id='word_1_445' title='bbox 459 2477 489 2505; x_wconf 81' lang='lat' dir='ltr'>et</span> <span class='ocrx_word' id='word_1_446' title='bbox 516 2475 729 2515; x_wconf 84' lang='lat' dir='ltr'>obligacione</span> <span class='ocrx_word' id='word_1_447' title='bbox 757 2475 904 2505; x_wconf 89' lang='lat' dir='ltr'>omnium</span> <span class='ocrx_word' id='word_1_448' title='bbox 932 2476 961 2505; x_wconf 91' lang='lat' dir='ltr'>et</span> <span class='ocrx_word' id='word_1_449' title='bbox 987 2474 1197 2514; x_wconf 79' lang='lat' dir='ltr'>singulorum</span> <span class='ocrx_word' id='word_1_450' title='bbox 1225 2474 1388 2504; x_wconf 88' lang='lat' dir='ltr'>bonorum</span> <span class='ocrx_word' id='word_1_451' title='bbox 1416 2473 1495 2503; x_wconf 91' lang='lat' dir='ltr'>dicti</span> <span class='ocrx_word' id='word_1_452' title='bbox 1523 2472 1573 2503; x_wconf 90' lang='lat' dir='ltr'>sui</span> <span class='ocrx_word' id='word_1_453' title='bbox 1601 2471 1753 2503; x_wconf 81' lang='lat' dir='ltr'>beneficii</span> <span class='ocrx_word' id='word_1_454' title='bbox 1781 2471 1986 2511; x_wconf 83' lang='lat' dir='ltr'>presentium</span> <span class='ocrx_word' id='word_1_455' title='bbox 2006 2473 2036 2501; x_wconf 87' lang='lat' dir='ltr'>et</span> <span class='ocrx_word' id='word_1_456' title='bbox 2054 2469 2105 2501; x_wconf 83' lang='lat' dir='ltr'>fu-</span> 
     </span>
     <span class='ocr_line' id='line_1_38' title="bbox 290 2533 2107 2576; baseline -0.003 -8"><span class='ocrx_word' id='word_1_457' title='bbox 290 2542 448 2568; x_wconf 88' lang='lat' dir='ltr'>turorum.</span> <span class='ocrx_word' id='word_1_458' title='bbox 477 2536 514 2567; x_wconf 71' lang='lat' dir='ltr'>lit</span> <span class='ocrx_word' id='word_1_459' title='bbox 541 2537 617 2567; x_wconf 87' lang='lat' dir='ltr'>inde</span> <span class='ocrx_word' id='word_1_460' title='bbox 643 2537 683 2567; x_wconf 90' lang='lat' dir='ltr'>de</span> <span class='ocrx_word' id='word_1_461' title='bbox 710 2537 885 2576; x_wconf 86' lang='lat' dir='ltr'>premissis</span> <span class='ocrx_word' id='word_1_462' title='bbox 912 2536 1062 2576; x_wconf 81' lang='lat' dir='ltr'>prefatus</span> <span class='ocrx_word' id='word_1_463' title='bbox 1088 2537 1246 2567; x_wconf 88' lang='lat' dir='ltr'>dominus</span> <span class='ocrx_word' id='word_1_464' title='bbox 1273 2536 1483 2567; x_wconf 88' lang='lat' dir='ltr'>constituens</span> <span class='ocrx_word' id='word_1_465' title='bbox 1511 2535 1595 2566; x_wconf 85' lang='lat' dir='ltr'>hanc</span> <span class='ocrx_word' id='word_1_466' title='bbox 1622 2538 1746 2565; x_wconf 85' lang='lat' dir='ltr'>cartam</span> <span class='ocrx_word' id='word_1_467' title='bbox 1766 2536 1797 2565; x_wconf 86' lang='lat' dir='ltr'>et</span> <span class='ocrx_word' id='word_1_468' title='bbox 1816 2533 1930 2573; x_wconf 88' lang='lat' dir='ltr'>plures</span> <span class='ocrx_word' id='word_1_469' title='bbox 1956 2533 2107 2564; x_wconf 90' lang='lat' dir='ltr'>eiusdem</span> 
     </span>
     <span class='ocr_line' id='line_1_39' title="bbox 291 2595 2108 2638; baseline -0.002 -9"><span class='ocrx_word' id='word_1_470' title='bbox 291 2599 415 2630; x_wconf 82' lang='lat' dir='ltr'>tenoris</span> <span class='ocrx_word' id='word_1_471' title='bbox 442 2608 499 2638; x_wconf 83' lang='lat' dir='ltr'>per</span> <span class='ocrx_word' id='word_1_472' title='bbox 525 2608 575 2629; x_wconf 86' lang='lat' dir='ltr'>me</span> <span class='ocrx_word' id='word_1_473' title='bbox 602 2599 765 2629; x_wconf 86' lang='lat' dir='ltr'>notarium</span> <span class='ocrx_word' id='word_1_474' title='bbox 794 2598 1043 2638; x_wconf 77' lang='lat' dir='ltr'>infrascriptum</span> <span class='ocrx_word' id='word_1_475' title='bbox 1071 2599 1138 2630; x_wconf 85' lang='lat' dir='ltr'>fieri</span> <span class='ocrx_word' id='word_1_476' title='bbox 1167 2599 1265 2629; x_wconf 90' lang='lat' dir='ltr'>iussit</span> <span class='ocrx_word' id='word_1_477' title='bbox 1291 2600 1322 2629; x_wconf 88' lang='lat' dir='ltr'>et</span> <span class='ocrx_word' id='word_1_478' title='bbox 1349 2597 1489 2638; x_wconf 81' lang='lat' dir='ltr'>rogavit,</span> <span class='ocrx_word' id='word_1_479' title='bbox 1517 2596 1732 2637; x_wconf 88' lang='lat' dir='ltr'>presentibus</span> <span class='ocrx_word' id='word_1_480' title='bbox 1760 2595 1863 2626; x_wconf 86' lang='lat' dir='ltr'>nobili</span> <span class='ocrx_word' id='word_1_481' title='bbox 1884 2596 1956 2626; x_wconf 90' lang='lat' dir='ltr'>viro</span> <span class='ocrx_word' id='word_1_482' title='bbox 1970 2595 2108 2626; x_wconf 90' lang='lat' dir='ltr'>domino</span> 
     </span>
     <span class='ocr_line' id='line_1_40' title="bbox 290 2656 2104 2700; baseline -0.003 -8"><span class='ocrx_word' id='word_1_483' title='bbox 290 2659 484 2692; x_wconf 84' lang='lat' dir='ltr'>Conradino</span> <span class='ocrx_word' id='word_1_484' title='bbox 510 2660 551 2691; x_wconf 90' lang='lat' dir='ltr'>de</span> <span class='ocrx_word' id='word_1_485' title='bbox 578 2660 753 2700; x_wconf 79' lang='lat' dir='ltr'>Butigellis</span> <span class='ocrx_word' id='word_1_486' title='bbox 780 2661 846 2690; x_wconf 84' lang='lat' dir='ltr'>filio</span> <span class='ocrx_word' id='word_1_487' title='bbox 874 2660 1070 2700; x_wconf 86' lang='lat' dir='ltr'>spectabilis</span> <span class='ocrx_word' id='word_1_488' title='bbox 1098 2661 1156 2691; x_wconf 91' lang='lat' dir='ltr'>viri</span> <span class='ocrx_word' id='word_1_489' title='bbox 1184 2660 1310 2691; x_wconf 88' lang='lat' dir='ltr'>domini</span> <span class='ocrx_word' id='word_1_490' title='bbox 1338 2659 1539 2699; x_wconf 73' lang='lat' dir='ltr'>Tlromayni,</span> <span class='ocrx_word' id='word_1_491' title='bbox 1566 2658 1664 2689; x_wconf 81' lang='lat' dir='ltr'>Petro</span> <span class='ocrx_word' id='word_1_492' title='bbox 1690 2658 1731 2689; x_wconf 84' lang='lat' dir='ltr'>de</span> <span class='ocrx_word' id='word_1_493' title='bbox 1758 2657 1904 2698; x_wconf 81' lang='lat' dir='ltr'>Ungaris</span> <span class='ocrx_word' id='word_1_494' title='bbox 1931 2657 1971 2688; x_wconf 89' lang='lat' dir='ltr'>de</span> <span class='ocrx_word' id='word_1_495' title='bbox 1991 2656 2104 2697; x_wconf 86' lang='lat' dir='ltr'>Burgo</span> 
     </span>
     <span class='ocr_line' id='line_1_41' title="bbox 290 2719 2107 2761; baseline -0.002 -8"><span class='ocrx_word' id='word_1_496' title='bbox 290 2723 396 2753; x_wconf 84' lang='lat' dir='ltr'>sancti</span> <span class='ocrx_word' id='word_1_497' title='bbox 424 2721 546 2753; x_wconf 89' lang='lat' dir='ltr'>Donini</span> <span class='ocrx_word' id='word_1_498' title='bbox 574 2722 642 2753; x_wconf 80' lang='lat' dir='ltr'>filio</span> <span class='ocrx_word' id='word_1_499' title='bbox 669 2721 775 2759; x_wconf 79' lang='lat' dir='ltr'>Pauli,</span> <span class='ocrx_word' id='word_1_500' title='bbox 802 2724 832 2753; x_wconf 87' lang='lat' dir='ltr'>et</span> <span class='ocrx_word' id='word_1_501' title='bbox 861 2721 988 2753; x_wconf 91' lang='lat' dir='ltr'>Uberto</span> <span class='ocrx_word' id='word_1_502' title='bbox 1014 2722 1055 2753; x_wconf 87' lang='lat' dir='ltr'>de</span> <span class='ocrx_word' id='word_1_503' title='bbox 1082 2721 1209 2753; x_wconf 81' lang='lat' dir='ltr'>Bulciis</span> <span class='ocrx_word' id='word_1_504' title='bbox 1236 2722 1304 2752; x_wconf 83' lang='lat' dir='ltr'>tilio</span> <span class='ocrx_word' id='word_1_505' title='bbox 1341 2721 1511 2761; x_wconf 86' lang='lat' dir='ltr'>quondam</span> <span class='ocrx_word' id='word_1_506' title='bbox 1540 2719 1686 2757; x_wconf 77' lang='lat' dir='ltr'>Antonii,</span> <span class='ocrx_word' id='word_1_507' title='bbox 1722 2720 1798 2750; x_wconf 91' lang='lat' dir='ltr'>inde</span> <span class='ocrx_word' id='word_1_508' title='bbox 1825 2719 1970 2751; x_wconf 85' lang='lat' dir='ltr'>testibus</span> <span class='ocrx_word' id='word_1_509' title='bbox 2009 2719 2107 2757; x_wconf 89' lang='lat' dir='ltr'>notis,</span> 
     </span>
     <span class='ocr_line' id='line_1_42' title="bbox 291 2784 1302 2825; baseline -0.002 -9"><span class='ocrx_word' id='word_1_510' title='bbox 291 2785 444 2825; x_wconf 89' lang='lat' dir='ltr'>ydoneis,</span> <span class='ocrx_word' id='word_1_511' title='bbox 470 2785 510 2815; x_wconf 90' lang='lat' dir='ltr'>ad</span> <span class='ocrx_word' id='word_1_512' title='bbox 539 2785 704 2825; x_wconf 88' lang='lat' dir='ltr'>premissa</span> <span class='ocrx_word' id='word_1_513' title='bbox 732 2784 864 2815; x_wconf 88' lang='lat' dir='ltr'>vocatis</span> <span class='ocrx_word' id='word_1_514' title='bbox 890 2784 1082 2824; x_wconf 86' lang='lat' dir='ltr'>specialiter</span> <span class='ocrx_word' id='word_1_515' title='bbox 1108 2787 1138 2815; x_wconf 91' lang='lat' dir='ltr'>et</span> <span class='ocrx_word' id='word_1_516' title='bbox 1166 2784 1302 2824; x_wconf 85' lang='lat' dir='ltr'>rogatis.</span> 
     </span>
    </p>
   </div>
   <div class='ocr_carea' id='block_1_3' title="bbox 296 2947 2106 3064">
    <p class='ocr_par' dir='ltr' id='par_1_3' title="bbox 296 2947 2106 3064">
     <span class='ocr_line' id='line_1_43' title="bbox 297 2947 2106 2976; baseline -0.002 -5"><span class='ocrx_word' id='word_1_517' title='bbox 297 2952 309 2971; x_wconf 90' lang='lat' dir='ltr'>il</span> <span class='ocrx_word' id='word_1_518' title='bbox 327 2951 350 2971; x_wconf 75' lang='grc' dir='ltr'>Ρ,</span> <span class='ocrx_word' id='word_1_519' title='bbox 369 2951 520 2975; x_wconf 70' lang='lat' dir='ltr'>ROMUALD‘),</span> <span class='ocrx_word' id='word_1_520' title='bbox 543 2951 622 2971; x_wconf 68' lang='lat' dir='ltr'>fluvia</span> <span class='ocrx_word' id='word_1_521' title='bbox 638 2950 712 2976; x_wconf 76' lang='grc' dir='ltr'><em>Ραρίιι</em></span> <span class='ocrx_word' id='word_1_522' title='bbox 737 2956 814 2975; x_wconf 65' lang='lat' dir='ltr'>susm,</span> <span class='ocrx_word' id='word_1_523' title='bbox 832 2952 891 2976; x_wconf 70' lang='lat' dir='ltr'>part,</span> <span class='ocrx_word' id='word_1_524' title='bbox 909 2950 944 2975; x_wconf 75' lang='grc' dir='ltr'>ΙΙΙ,</span> <span class='ocrx_word' id='word_1_525' title='bbox 962 2956 1013 2976; x_wconf 70' lang='lat' dir='ltr'>pag,</span> <span class='ocrx_word' id='word_1_526' title='bbox 1029 2951 1063 2974; x_wconf 78' lang='lat'>71,</span> <span class='ocrx_word' id='word_1_527' title='bbox 1080 2950 1099 2970; x_wconf 79' lang='lat' dir='ltr'>la</span> <span class='ocrx_word' id='word_1_528' title='bbox 1117 2956 1176 2975; x_wconf 86' lang='lat' dir='ltr'>pone</span> <span class='ocrx_word' id='word_1_529' title='bbox 1233 2951 1318 2974; x_wconf 76' lang='lat' dir='ltr'>mento,</span> <span class='ocrx_word' id='word_1_530' title='bbox 1335 2950 1393 2970; x_wconf 85' lang='lat' dir='ltr'>ebbe</span> <span class='ocrx_word' id='word_1_531' title='bbox 1409 2949 1489 2970; x_wconf 78' lang='lat' dir='ltr'>ciletto</span> <span class='ocrx_word' id='word_1_532' title='bbox 1501 2949 1558 2969; x_wconf 83' lang='lat' dir='ltr'>nelle</span> <span class='ocrx_word' id='word_1_533' title='bbox 1575 2949 1633 2969; x_wconf 79' lang='lat' dir='ltr'>inani</span> <span class='ocrx_word' id='word_1_534' title='bbox 1650 2949 1671 2968; x_wconf 89' lang='lat' dir='ltr'>di</span> <span class='ocrx_word' id='word_1_535' title='bbox 1689 2948 1759 2969; x_wconf 72' lang='lat' dir='ltr'>Paulo</span> <span class='ocrx_word' id='word_1_536' title='bbox 1777 2948 1792 2968; x_wconf 97' lang='grc' dir='ltr'>ΙΙ</span> <span class='ocrx_word' id='word_1_537' title='bbox 1809 2948 1859 2968; x_wconf 84' lang='lat' dir='ltr'>solo</span> <span class='ocrx_word' id='word_1_538' title='bbox 1872 2948 1906 2968; x_wconf 81' lang='lat' dir='ltr'>nel</span> <span class='ocrx_word' id='word_1_539' title='bbox 1925 2948 1981 2972; x_wconf 69' lang='lat'>1455,</span> <span class='ocrx_word' id='word_1_540' title='bbox 1997 2953 2062 2968; x_wconf 81' lang='lat' dir='ltr'>come</span> <span class='ocrx_word' id='word_1_541' title='bbox 2078 2947 2106 2968; x_wconf 81' lang='lat' dir='ltr'>ri-</span> 
     </span>
     <span class='ocr_line' id='line_1_44' title="bbox 297 2994 1665 3018; baseline -0.001 -3"><span class='ocrx_word' id='word_1_542' title='bbox 297 2996 330 3015; x_wconf 76' lang='lat' dir='ltr'>nel</span> <span class='ocrx_word' id='word_1_543' title='bbox 350 2995 405 3015; x_wconf 59' lang='lat' dir='ltr'>Uib.</span> <span class='ocrx_word' id='word_1_544' title='bbox 423 2995 470 3018; x_wconf 77' lang='lat' dir='ltr'>Ma,</span> <span class='ocrx_word' id='word_1_545' title='bbox 486 3001 497 3015; x_wconf 84' lang='lat' dir='ltr'>a</span> <span class='ocrx_word' id='word_1_546' title='bbox 515 2995 635 3016; x_wconf 78' lang='lat' dir='ltr'>conciliare</span> <span class='ocrx_word' id='word_1_547' title='bbox 652 2995 751 3015; x_wconf 70' lang='lat' dir='ltr'>tuttocio</span> <span class='ocrx_word' id='word_1_548' title='bbox 768 2995 825 3015; x_wconf 79' lang='lat' dir='ltr'>deve</span> <span class='ocrx_word' id='word_1_549' title='bbox 841 2995 928 3015; x_wconf 82' lang='lat' dir='ltr'>notarsi</span> <span class='ocrx_word' id='word_1_550' title='bbox 948 2995 988 3015; x_wconf 81' lang='lat' dir='ltr'>elie</span> <span class='ocrx_word' id='word_1_551' title='bbox 1005 2996 1136 3015; x_wconf 81' lang='lat' dir='ltr'>veramente</span> <span class='ocrx_word' id='word_1_552' title='bbox 1152 2995 1172 3014; x_wconf 83' lang='lat' dir='ltr'>la</span> <span class='ocrx_word' id='word_1_553' title='bbox 1229 2994 1316 3014; x_wconf 67' lang='lat' dir='ltr'>sultera</span> <span class='ocrx_word' id='word_1_554' title='bbox 1333 2994 1368 3014; x_wconf 76' lang='lat' dir='ltr'>dai</span> <span class='ocrx_word' id='word_1_555' title='bbox 1385 2994 1517 3014; x_wconf 84' lang='lat' dir='ltr'>documenti</span> <span class='ocrx_word' id='word_1_556' title='bbox 1534 2994 1665 3018; x_wconf 81' lang='lat' dir='ltr'>posteriori.</span> 
     </span>
     <span class='ocr_line' id='line_1_45' title="bbox 296 3038 1174 3064; baseline 0 -5"><span class='ocrx_word' id='word_1_557' title='bbox 296 3040 398 3060; x_wconf 72' lang='lat' dir='ltr'>rinunzia</span> <span class='ocrx_word' id='word_1_558' title='bbox 415 3045 504 3060; x_wconf 70' lang='lat' dir='ltr'>ciiiesssi</span> <span class='ocrx_word' id='word_1_559' title='bbox 528 3039 564 3059; x_wconf 72' lang='lat' dir='ltr'>dal</span> <span class='ocrx_word' id='word_1_560' title='bbox 589 3039 712 3064; x_wconf 73' lang='lat' dir='ltr'>Botrigena</span> <span class='ocrx_word' id='word_1_561' title='bbox 729 3039 764 3059; x_wconf 84' lang='lat' dir='ltr'>nel</span> <span class='ocrx_word' id='word_1_562' title='bbox 783 3038 840 3063; x_wconf 69' lang='lat'>145⁰,</span> <span class='ocrx_word' id='word_1_563' title='bbox 857 3038 959 3059; x_wconf 80' lang='lat' dir='ltr'>secondo</span> <span class='ocrx_word' id='word_1_564' title='bbox 976 3039 990 3059; x_wconf 87' lang='lat' dir='ltr'>il</span> <span class='ocrx_word' id='word_1_565' title='bbox 1007 3041 1087 3059; x_wconf 74' lang='lat' dir='ltr'>nostru</span> <span class='ocrx_word' id='word_1_566' title='bbox 1104 3039 1174 3059; x_wconf 80' lang='lat' dir='ltr'>docu-</span> 
     </span>
    </p>
   </div>
  </div>
 </body>
</html>
