2347 3444
1869 188 1929 218 117

114 332 190 355 eum
216 323 283 354 duo
310 322 441 354 Fratres
467 331 508 354 ex
535 323 702 353 conventu
730 321 835 353 sancti
863 321 991 352 Marchi
1018 320 1216 357 Mediolani,
1235 320 1421 352 clamantes
1439 320 1530 352 dicto
1550 320 1744 352 Venancio:
1766 320 1929 361 Aspecta!

115 384 280 425 Aspecta!
307 386 337 416 et
363 385 436 424 ipse
461 384 593 421 timens,
619 384 668 415 eis
696 383 790 421 visis,
816 385 952 424 propter
977 384 1135 414 terrorem
1162 382 1279 413 incixit
1305 382 1439 413 cordam
1467 391 1565 413 unam
1594 391 1667 413 cum
1698 392 1764 422 qua
1795 383 1929 413 tenebat

116 447 252 487 ligatum
281 447 390 486 ipsum
418 446 537 477 librum
564 446 653 486 apud
681 446 753 477 eius
780 454 959 486 personam
985 446 1017 476 ct
1044 445 1153 485 ipsum
1182 444 1301 475 librum
1329 445 1469 484 proiecit
1496 445 1526 475 iu
1554 446 1637 476 terra
1656 447 1687 475 et
1714 445 1929 484 postmodum

116 508 243 540 fortiter
267 508 396 549 aufugit
422 508 464 540 ab
489 508 617 540 eisdem
645 508 815 540 Fratribus
841 510 872 539 et
898 508 938 539 ad
966 516 1040 539 eum
1078 507 1289 547 aplicuerunt
1324 507 1386 547 ipsi
1415 506 1533 538 fratres
1571 516 1675 547 prope
1703 507 1931 538 molandinum

116 571 206 610 quod
234 570 293 601 fuit
319 571 490 610 quondam
517 571 642 601 domini
671 570 830 601 Bernardi
850 570 891 601 de
911 570 1063 608 Fossato,
1091 578 1193 610 super
1207 570 1309 600 strata
1329 569 1514 600 Mediolani
1535 578 1639 609 prope
1665 568 1932 605 Giovenzanum,

116 635 147 664 et
173 633 214 664 de
241 633 401 672 predictis
428 633 500 672 ipse
527 633 626 664 frater
652 632 799 664 Basilius
826 632 951 664 nullum
979 632 1092 663 dolum
1120 641 1180 663 nec
1208 631 1372 663 maculam
1404 631 1542 662 scientie
1570 639 1628 662 seu
1650 630 1725 662 facti
1753 631 1932 662 commisit.

118 695 157 726 Et
183 695 332 735 predicta
358 695 444 726 dixit
469 704 544 726 cum
571 696 644 726 eius
671 695 824 727 Vcnantii
852 696 1046 726 iuramento.
1075 694 1112 726 Et
1139 694 1226 732 inde,
1253 696 1313 725 etc.
1341 693 1561 725 Presentibus
1589 693 1734 724 iohanne
1754 693 1873 724 Vilano
1891 694 1932 724 de

117 757 279 788 Marzano
305 757 471 797 armigero
496 757 713 788 illustrissimi
742 757 875 788 Domini
904 758 1018 794 nostri,
1044 759 1075 788 et
1102 756 1247 787 Iohanne
1274 755 1416 787 Nicolao
1442 756 1483 787 de
1510 757 1628 787 sancto
1654 754 1810 786 Gcnexio
1829 755 1934 786 simil-

118 820 190 851 liter
215 820 381 859 armigero
406 819 532 850 domini
560 818 702 851 Comitis
728 818 905 860 Gasparis‚
933 819 1112 851 Francisco
1138 819 1179 850 de
1205 818 1331 859 Boysio
1357 819 1398 850 de
1424 818 1583 859 Magenta
1610 828 1651 849 cx
1679 818 1837 849 comitiva
1875 818 1935 848 do-

118 881 195 912 mini
223 880 388 921 Gasparis
415 882 568 921 predicti,
595 883 650 922 qui
679 883 788 922 ipsum
816 882 1016 914 Venantium
1044 882 1167 913 ibidem
1195 881 1441 919 conduxerunt,
1469 881 1545 912 Inde
1571 881 1725 912 testibus.

816 1057 1244 1098 CCLXXXVIII.

207 1185 341 1213 Bianca
367 1184 481 1212 Maria
507 1185 671 1213 Visconti
705 1185 891 1212 Duehessa
917 1185 951 1213 di
978 1184 1123 1218 Milano,
1151 1184 1184 1212 fa
1210 1184 1374 1212 edificare
1400 1184 1434 1212 la
1460 1183 1589 1212 Chiesa
1616 1183 1649 1212 di
1677 1184 1709 1214 S.
1737 1183 1863 1211 Nicola
1890 1183 1934 1211 da

119 1238 305 1267 Tolentino
329 1238 363 1266 in
389 1238 535 1271 Milano,
562 1247 580 1266 e
606 1238 629 1266 il
657 1238 834 1266 Pontefice
861 1238 924 1266 Pio
950 1238 981 1266 11
1007 1238 1158 1266 concede
1185 1237 1391 1273 indulgenze
1417 1237 1451 1265 ai
1477 1237 1656 1270 Milanesi‚
1677 1237 1808 1265 Pavesi
1827 1245 1844 1264 e
1863 1237 1931 1265 Lo-

119 1292 251 1328 digiani
276 1300 337 1328 per
363 1291 396 1319 la
422 1291 598 1319 Fabbrica
616 1289 679 1330 (l).

781 1405 934 1434 1439,
963 1405 1196 1436 giug110,
1225 1405 1278 1429 9.

677 1511 753 1534 (Arcu.
772 1511 793 1531 di
810 1511 877 1532 Stnto
894 1511 914 1532 di
931 1511 1026 1532 Milano.
1044 1522 1068 1524 —
1085 1511 1148 1532 Bolle
1164 1517 1175 1532 e
1192 1511 1258 1532 Brevi
1275 1510 1364 1536 Papam

361 1660 363 1719 Ι

361 1723 418 1770 1Ο(;
443 1721 494 1750 est
519 1719 712 1759 exemplum
739 1727 798 1750 seu
825 1720 1071 1758 transumptum
1098 1719 1140 1749 ab
1166 1717 1388 1759 originalibus
1406 1719 1437 1748 et
1454 1717 1634 1749 autenticis
1660 1717 1777 1748 litteris
1803 1720 1942 1757 aposto-

202 1706 222 1821 Ι
279 1706 299 1821 Ι
360 1771 362 1857 A
391 1781 462 1812 licis
489 1781 693 1813 sanctissimi
710 1781 741 1812 in
757 1780 893 1813 Christo
919 1780 1028 1812 Patris
1043 1783 1073 1812 et
1089 1781 1215 1811 domini
1242 1781 1345 1812 nostri
1372 1780 1498 1811 domini
1518 1779 1567 1811 Pii
1587 1780 1701 1811 divina
1728 1779 1943 1820 providentia

390 1843 482 1884 Pape
508 1844 659 1881 secundi,
686 1844 760 1875 eius
786 1853 863 1875 vera
891 1843 980 1874 bulla
1007 1843 1165 1883 plumbea
1192 1843 1223 1874 in
1249 1842 1327 1874 fillis
1353 1842 1462 1874 siricis
1489 1842 1595 1874 crocei
1627 1842 1789 1882 rubeique
1819 1841 1944 1873 coloris

122 1916 212 1938 more
239 1907 338 1939 solito
365 1906 515 1940 Romane
541 1905 642 1939 Curie
669 1906 816 1944 bullatis,
843 1916 907 1937 non
936 1907 1077 1943 viciatis,
1105 1915 1169 1937 non
1197 1906 1402 1944 cancellatis,
1429 1914 1493 1936 non
1520 1905 1667 1943 abolitis,
1695 1914 1754 1936 nec
1775 1905 1805 1936 in
1824 1905 1940 1945 aliqua

124 1970 174 2001 sui
203 1971 295 2010 parte
322 1970 505 2010 suspectis,
533 1969 593 2001 sed
621 1969 710 2000 omni
751 1978 889 2009 prorsus
928 1969 1016 2000 vicio
1043 1970 1073 2000 et
1099 1969 1289 2009 suspitione
1326 1968 1529 2004 carentibus,
1565 1970 1736 2007 sumptum
1771 1976 1829 1998 seu
1856 1969 1945 1998 tran-

123 2034 307 2072 sumptum.
333 2030 485 2069 Quarum
511 2032 647 2072 quidem
676 2031 857 2063 litterarum
884 2031 1145 2071 apostolicarum
1172 2033 1267 2062 tenor
1292 2031 1368 2062 talis
1394 2032 1454 2062 est.

211 2093 293 2125 Pius
319 2094 507 2134 episcopus
544 2103 664 2125 servus
702 2102 877 2125 servorum
904 2092 977 2130 Dei,
1005 2093 1172 2124 universis
1199 2095 1229 2124 et
1255 2092 1398 2133 singulis
1435 2090 1723 2124 Christifidelibus
1761 2093 1936 2132 presentes

125 2157 250 2188 litteras
278 2157 493 2197 inspecturis,
519 2156 661 2187 salutem
688 2158 718 2187 et
744 2156 964 2195 apostolicam
992 2155 1272 2186 benedictionem.

211 2218 383 2251 Romanus
410 2218 579 2256 Pontifex,
606 2219 657 2250 cui
685 2228 744 2259 per
772 2218 905 2249 beatum
933 2217 1066 2249 Petrum
1094 2218 1124 2248 in
1151 2218 1246 2248 terris
1272 2226 1289 2248 a
1316 2216 1461 2248 Domino
1498 2217 1618 2248 collata
1651 2219 1700 2248 est
1727 2216 1851 2257 ligandi
1879 2225 1940 2256 po-

124 2283 229 2313 testas
254 2284 355 2322 atque
382 2281 547 2319 solvendi,
573 2281 614 2312 ad
641 2281 855 2312 excitandam
872 2281 1093 2312 devocionem
1119 2279 1266 2311 fidelium
1284 2289 1343 2311 sue
1359 2288 1435 2311 cure
1462 2280 1730 2317 commissorum,
1756 2288 1815 2310 eos
1832 2288 1939 2319 quan-

124 2344 236 2384 doque
264 2344 499 2375 remissionum
527 2344 700 2375 beneficiis
726 2343 951 2383 prosequitur,
978 2343 1094 2383 sepius
1120 2343 1219 2373 etiam
1246 2343 1277 2373 in
1305 2343 1463 2373 honorem
1479 2340 1676 2373 Sanctorum
1695 2342 1868 2373 dedicatas
1886 2350 1941 2372 ec-

125 2406 248 2438 clesias
273 2408 373 2447 atque
400 2406 473 2438 loca
500 2406 782 2447 indulgentiarum
810 2406 1004 2437 muneribus
1031 2407 1136 2442 ornat,
1163 2407 1196 2436 ut
1222 2405 1340 2436 fideles
1367 2405 1429 2444 ipsi
1457 2403 1654 2436 Sanctorum
1681 2405 1863 2436 eorundem
1891 2414 1941 2435 re-

125 2468 274 2500 colentes
301 2469 506 2507 memoriam,
532 2470 563 2500 et
589 2477 702 2500 eorum
742 2468 864 2508 templa
892 2477 951 2508 pro
977 2467 1228 2507 consequendis
1265 2467 1380 2507 gratiis
1418 2467 1604 2504 visitantes,
1642 2466 1731 2506 quod
1759 2466 1843 2498 alias
1869 2467 1944 2497 suis

126 2531 252 2562 meritis
279 2540 344 2562 non
371 2531 521 2562 valerent
547 2531 723 2571 impetrare
749 2530 839 2571 apud
867 2529 985 2565 Deum,
1012 2529 1142 2560 illorum
1171 2529 1471 2560 intercessionibus
1498 2530 1694 2560 mereantur.
1711 2527 1795 2560 Cum
1815 2529 1944 2569 itaque,

126 2715 163 2736 noi
180 2715 192 2735 il
210 2715 284 2741 primo
299 2720 400 2736 accenno
416 2715 460 2735 alla
477 2714 604 2736 Biblioteca
620 2715 656 2736 del
672 2716 752 2735 nostro
768 2714 790 2735 S.
808 2715 897 2739 Marco,
913 2714 946 2734 sia
959 2720 1009 2739 per-

127 2759 168 2780 che
184 2759 195 2780 ὲ
212 2765 255 2780 una
272 2765 344 2785 prova
360 2759 420 2780 dello
436 2759 486 2780 zelo
508 2765 551 2780 con
574 2759 609 2780 cui
626 2760 631 2780 i
648 2759 755 2785 Religiosi
779 2759 933 2780 custodivano
949 2759 953 2779 i
970 2764 1007 2779 co-

127 2804 171 2825 dici
188 2810 199 2825 e
215 2804 228 2824 li
246 2810 350 2824 avevano
366 2804 420 2825 cari.

180 2849 210 2873 (l)
227 2848 402 2869 Pubhlichiamo
418 2850 501 2874 questa
524 2849 594 2875 bolla,
617 2849 700 2875 perche
723 2849 741 2869 si
765 2849 866 2869 riierisce
889 2849 961 2869 anche
985 2848 1006 2868 ni

129 2892 210 2914 Pavesi
227 2893 285 2913 nelle
301 2893 350 2913 loro
366 2893 475 2913 relazioni
491 2892 641 2914 coll'lstituto
662 2893 818 2919 agostiniano.
836 2893 850 2913 ll
867 2893 1007 2913 documento

129 2937 166 2963 poi
182 2943 261 2958 arreca
277 2943 321 2957 una
337 2937 387 2958 luce
403 2937 511 2958 notevole
527 2938 635 2963 riguardo
646 2938 691 2958 alla
702 2937 840 2958 fondazione
852 2938 910 2958 della
923 2937 1005 2958 chiesa

128 2981 150 3001 di
166 2980 188 3002 S.
207 2981 285 3001 Nicola
301 2981 322 3001 in
338 2981 434 3007 Milano,
450 2981 542 3002 intorno
557 2982 601 3002 alla
617 2982 685 3008 quale
695 2982 708 3002 il
723 2982 840 3007 'I‘ORELMv
856 2982 901 3002 vol.
918 2981 964 3005 vu,
980 2982 1006 3002 99

128 3025 156 3046 da
173 3025 257 3046 notizie
273 3025 402 3051 generiche,
418 3026 459 3046 che
470 3025 655 3047 evidentemeinte
671 3027 698 3047 ha
710 3026 810 3047 desumo
822 3026 881 3047 dalla
893 3027 1005 3051 segucnte

127 3069 230 3095 epigr-ate
246 3069 358 3090 esistente
378 3070 570 3091 nell'architrave
585 3071 643 3091 della
659 3070 772 3092 iacciata:
795 3071 862 3092 Hanc
882 3071 1004 3091 ecclesiam

1063 2713 1172 2738 edificari
1184 2713 1243 2739 fecit
1258 2714 1426 2735 illustrissima
1441 2713 1502 2735 D.D.
1519 2714 1610 2735 Blanca
1633 2715 1710 2735 Mariti
1733 2715 1829 2735 ducisxa
1852 2714 1940 2734 Medio-

1062 2759 1113 2779 lani
1135 2758 1288 2784 Anglerieque
1314 2758 1444 2779 eomitissa
1470 2764 1498 2779 ac
1522 2758 1635 2780 Cremone
1654 2759 1759 2782 domina,
1783 2759 1806 2779 in
1827 2760 1939 2779 honorem

1061 2803 1139 2824 sancti
1162 2803 1256 2824 Nicolai
1278 2804 1306 2824 cle
1331 2803 1455 2824 Tolentino
1471 2804 1508 2824 cui
1523 2804 1658 2829 impetravit
1673 2810 1686 2824 α
1703 2804 1856 2824 sanctissimo
1873 2803 1937 2828 Papa

1063 2847 1106 2868 Pio
1122 2848 1365 2873 secundoplenari'am
1376 2848 1540 2869 remissionem
1557 2848 1580 2868 in
1594 2849 1672 2874 primo
1694 2854 1758 2868 αηηο
1773 2853 1830 2868 sune
1846 2848 1939 2868 dedice-

1064 2893 1144 2915 !itmi's,
1161 2893 1184 2913 et
1199 2893 1287 2918 septem
1309 2898 1425 2913 annorum
1447 2894 1469 2913 et
1492 2894 1580 2918 septem
1602 2893 1808 2918 quadragenarum
1831 2892 1854 2912 ιή
1873 2892 1938 2917 festo

1062 2937 1165 2957 eiusdem
1182 2937 1261 2957 sancti
1276 2937 1299 2957 in
1313 2938 1457 2962 perpetuum.
1481 2937 1548 2957 Αηηο
1571 2936 1686 2959 MCDLX.
1710 2937 1748 2957 die
1764 2936 1785 2956 Χ
1799 2936 1938 2961 septembris

1061 2980 1172 3006 (G1UL1N1.
1189 2981 1301 3002 Memorie
1316 2982 1341 3002 di
1355 2981 1454 3007 milano,
1471 2981 1516 3002 νοΙ.
1533 2981 1569 3006 Vl,
1584 2987 1635 3007 pag.
1651 2982 1706 3004 544).
1725 2981 1810 3000 wanno
1829 2980 1878 3000 1400
1894 2986 1938 2999 non

1060 3025 1071 3045 e
1088 3025 1165 3050 quello
1181 3025 1202 3045 di
1218 3024 1356 3046 fondazione
1381 3025 1439 3046 della
1464 3025 1550 3050 chiesa,
1574 3030 1609 3045 ma
1632 3025 1667 3046 del
1684 3025 1880 3050 coiiiplctamcnto
1903 3023 1938 3043 dei

1061 3070 1140 3091 lavori⁴
