2347 3444
316 207 360 239 90

316 343 496 380 testatoris,
524 343 616 374 iuxta
641 339 913 383 ‘disposicionem
932 343 1057 374 domini
1086 342 1196 373 fratris
1211 341 1298 374 Petri
1325 342 1366 373 de
1392 339 1509 373 Calvis
1527 340 1666 373 Ordinis
1684 345 1800 374 sancte
1819 342 1994 375 Mustiolle
2013 342 2129 384 Papie,

316 406 358 440 et.
385 405 460 445 ipso
485 405 686 442 defficiente,
706 406 800 445 ipsos
827 405 950 445 legavit
976 407 1006 436 et
1033 404 1120 445 legat
1146 402 1335 436 Conventui
1362 405 1393 434 et
1419 403 1560 434 ecclesie
1587 406 1702 435 sancte
1729 403 1899 442 Mustiole,
1925 413 2012 445 quos
2037 413 2134 446 agra-

318 468 409 498 vavit
435 470 466 499 et
491 470 630 508 agravat
655 468 696 498 ad
724 467 962 499 celebrandum
990 467 1127 498 missam
1155 474 1253 496 unam
1280 465 1369 496 omni
1396 474 1484 496 anno
1510 474 1570 505 pro
1596 466 1706 497 anima
1732 474 1804 497 sua.

1095 638 1362 680 CCXLIII.

406 759 611 787 Donazione
638 759 730 786 della
756 758 836 786 nob.
864 757 1029 785 Caterina
1056 757 1227 785 Beccaria
1253 757 1447 786 Fiamberti
1473 766 1492 785 a
1519 757 1554 786 S.
1581 758 1767 794 Agostino.

986 870 1129 901 1451,
1158 870 1356 902 lttgl-i09
1386 870 1462 895 10.

852 966 929 987 (Aren.
947 966 1027 987 Notar.
1044 966 1066 987 di
1083 966 1161 987 Pavia.
1178 978 1202 980 —
1219 967 1266 988 Atti
1282 967 1304 987 di
1320 967 1434 993 Agostino
1450 967 1598 993 Oravanago)

370 1150 517 1267 M
554 1160 721 1207 *CCCCLJ‘ss
748 1163 917 1195 indicione
943 1161 1064 1204 XlllJ‘²,
1090 1164 1144 1195 die
1170 1164 1301 1195 decimo
1328 1165 1454 1196 mensis
1481 1164 1575 1202 lullii,
1602 1165 1682 1196 liora
1701 1174 1930 1206 vesperarum,
1950 1166 1980 1197 in
2000 1167 2134 1198 civitate

553 1211 555 1229 ³
583 1225 698 1266 Papie‚
725 1226 881 1258 videlicet
900 1227 931 1258 in
951 1226 1035 1258 cella
1061 1226 1215 1267 Magistri
1243 1225 1379 1259 Stetlani
1400 1227 1613 1267 infrascripti,
1631 1227 1742 1259 fratris
1771 1227 1974 1269 infrascripti
1995 1227 2134 1260 Ordinis

426 1324 439 1325 ἶ
507 1280 554 1325 W*
583 1289 687 1320 sancti
715 1288 907 1330 Augustini,
933 1290 996 1320 sita
1023 1298 1128 1329 prope
1154 1292 1187 1320 at
1212 1290 1302 1330 apud
1329 1289 1507 1321 ecclesiam
1535 1289 1642 1320 sancti
1669 1287 1849 1329 Augustini
1877 1288 1992 1330 Papie.

404 1351 436 1382 ln
464 1352 639 1392 presencia
666 1351 790 1383 nobilis
816 1352 876 1382 viri
903 1350 943 1383 D.
971 1351 1092 1385 Ruffini
1119 1352 1161 1383 de
1188 1351 1344 1383 Tortis....
1372 1350 1533 1383 Consulis
1560 1350 1692 1383 iusticie
1729 1349 1895 1383 Comunis
1920 1354 1951 1383 et
1977 1350 2134 1384 Civitatis

314 1413 462 1454 Papio...
490 1413 623 1445 Nobilis
649 1413 785 1445 domina
811 1411 992 1445 Chaterina
1018 1414 1060 1445 de
1086 1413 1249 1445 Becharia
1275 1414 1317 1445 de
1343 1413 1464 1452 Arena,
1490 1414 1603 1445 relicta
1629 1413 1800 1454 quondam
1837 1414 1960 1445 nobilis
1987 1414 2047 1445 viri
2074 1414 2134 1446 do-

313 1476 392 1507 mini
421 1475 578 1507 lobannis
605 1475 734 1507 Marelii
761 1476 802 1507 de
829 1475 1029 1507 Fiambertis
1066 1476 1151 1507 civis
1189 1476 1376 1516 papiensis,
1403 1476 1446 1507 ob
1473 1476 1603 1507 sincere
1628 1476 1821 1507 devotionis
1847 1476 2002 1508 affectum
2029 1485 2129 1517 quem

312 1538 432 1569 sedulo
457 1539 562 1579 gessit
588 1540 619 1569 et
645 1539 728 1579 gerit
754 1537 879 1570 Sancto
906 1537 994 1569 Patri
1022 1537 1213 1579 Augustino
1240 1539 1382 1579 eiusque
1409 1538 1553 1570 ecclesie
1591 1538 1802 1578 infrascripte
1843 1539 1964 1570 situate
1991 1539 2022 1570 in
2049 1539 2132 1570 civi-

314 1602 379 1631 tate
406 1600 521 1640 Papie,
547 1602 578 1632 et
603 1601 701 1632 etiam
729 1609 789 1641 pro
815 1601 923 1632 salute
956 1601 1065 1631 anime
1104 1601 1212 1640 ipsius
1249 1601 1385 1632 domine
1423 1599 1602 1632 Chaterine
1627 1602 1659 1632 et
1684 1600 1763 1632 dicti
1801 1601 1973 1641 quondam
2007 1601 2133 1632 domini

315 1662 472 1694 Iohannis
499 1662 628 1694 Marchi
656 1663 728 1694 eius
756 1663 873 1700 mariti,
900 1663 996 1694 cuius
1023 1671 1147 1702 corpus
1174 1663 1205 1693 in
1232 1663 1321 1694 dicta
1358 1663 1501 1694 ecclesia
1539 1663 1729 1703 requiescit,
1769 1662 1864 1694 titulo
1890 1658 2133 1694 donacionis...

315 1725 398 1756 inter
424 1725 565 1755 vivos...
592 1725 780 1756 cessionem
807 1727 838 1756 et
863 1725 977 1756 datum
1005 1725 1083 1756 fecit
1108 1727 1139 1756 et
1165 1724 1242 1756 facit
1267 1725 1462 1757 reverendis
1489 1727 1519 1756 et
1546 1725 1798 1757 venerabilibus
1835 1725 1982 1756 dominis
2020 1724 2136 1763 Priori,

314 1787 484 1818 Fratribus
510 1789 541 1818 et
567 1785 757 1819 Conventui
797 1786 947 1818 Ecclesie
984 1785 1096 1819 Sancti
1135 1786 1244 1819 Patris
1282 1787 1461 1828 Augustini
1500 1787 1645 1819 civitatis
1683 1786 1798 1828 Papie‚
1825 1796 1967 1828 quorum
2002 1788 2137 1819 nomina

313 1852 393 1881 sunt
421 1850 480 1880 liec
507 1849 686 1881 videlicet:

403 1911 442 1943 D.
471 1912 635 1953 Magister
660 1910 829 1943 Stelianus
855 1912 896 1943 de
923 1911 1028 1952 Papia
1046 1909 1107 1951 (l),
1132 1912 1233 1944 frater
1259 1912 1474 1943 Hieronimus
1500 1912 1541 1944 de
1568 1912 1765 1943 Mediolano
1794 1912 2017 1948 baclialarius,
2038 1911 2137 1943 frater

317 1974 482 2006 lohannes
508 1973 703 2005 Gualterius
730 1974 770 2006 de
797 1972 910 2011 Curte,
936 1974 1036 2006 frater
1062 1974 1211 2015 Rapliael
1238 1975 1279 2006 de
1306 1973 1447 2015 Rapallo
1473 1974 1585 2012 lector,
1612 1974 1712 2006 frater
1738 1973 1856 2006 Petrus
1889 1975 1930 2006 de
1959 1972 2137 2011 Cremona,

312 2037 413 2068 frater
437 2034 485 2075 (in
512 2035 657 2076 laiatico).

402 2099 570 2131 Omnibus
597 2100 640 2130 ibi
669 2100 896 2140 presentibus,
923 2102 985 2131 etc⁴
1012 2099 1228 2131 Nominative
1247 2100 1289 2131 de
1308 2100 1465 2131 omnibus
1484 2102 1515 2131 et
1533 2100 1677 2141 singulis
1697 2100 1826 2131 iuribus
1852 2102 1883 2131 et
1908 2099 2132 2131 actionibus...

313 2162 598 2202 quiluiscumque,
625 2162 732 2193 eidem
771 2162 905 2193 domine
937 2160 1116 2193 Cliaterine
1141 2165 1313 2202 tamquam
1341 2162 1591 2193 uxufructuarie
1619 2162 1800 2194 constitute
1827 2162 1857 2193 in
1885 2164 2130 2193 testamento...

312 2224 391 2255 dicti
418 2224 589 2264 quondam
617 2223 656 2255 D.
684 2223 841 2255 loliannis
867 2224 1008 2255 Marclri.
1036 2226 1152 2265 rogato
1178 2234 1266 2255 anno
1293 2222 1573 2265 MCCCCXLVJ⁰
1599 2224 1652 2255 die
1680 2223 1720 2255 IV
1747 2224 1873 2255 mensis
1898 2224 2048 2255 octubris
2075 2232 2132 2264 per

314 2285 352 2317 D.
381 2286 594 2317 lacomatium
622 2286 663 2317 de
689 2285 854 2323 Sedaciis,
880 2287 1114 2327 spectantibus
1141 2288 1171 2318 et
1197 2287 1514 2326 competentibus...
1549 2289 1664 2318 contra
1690 2288 1721 2318 et
1747 2286 1914 2318 adversus
1940 2285 2132 2323 Girardum,

313 2347 570 2386 Clrristrfforum,
598 2347 779 2379 Antonium
806 2350 837 2380 et
863 2348 1083 2386 Albertim1m‚
1110 2358 1227 2380 omnes
1245 2349 1363 2380 fratres
1382 2349 1423 2380 de
1443 2348 1555 2389 Nigris
1574 2349 1660 2380 filios
1679 2349 1804 2389 quond.
1824 2347 1972 2389 Georgii,
1988 2357 2048 2379 nec
2066 2357 2130 2379 non

314 2414 343 2441 et
371 2415 485 2441 contra
513 2411 622 2450 ipsum
649 2411 820 2450 quondam
848 2409 1030 2451 Georgium
1058 2420 1170 2442 eorum
1199 2413 1336 2451 patrem,
1355 2409 1611 2442 Christofforum
1631 2413 1662 2442 et
1681 2409 1860 2441 loliannem
1880 2419 1993 2442 eorum
2013 2410 2132 2442 fratres

313 2473 353 2503 de
380 2472 493 2513 Nigris
519 2475 549 2503 et
576 2482 689 2503 eorum
718 2473 904 2504 heredes...
932 2474 1065 2504 nomine
1092 2476 1122 2504 et
1148 2473 1329 2504 occasione
1355 2473 1396 2504 ab
1423 2473 1471 2504 eis
1498 2475 1529 2504 et
1555 2473 1585 2503 in
1613 2473 1661 2504 eis
1681 2472 1826 2503 habendi
1846 2474 1877 2503 et
1896 2472 2128 2512 consequendi

313 2535 437 2565 saclios
465 2535 580 2573 viginti
608 2537 694 2571 octo,
721 2535 821 2566 staria
848 2535 915 2565 duo
941 2537 972 2566 et
998 2537 1137 2575 quartos
1163 2535 1250 2566 duos
1277 2535 1461 2575 papienses
1499 2535 1676 2571 furmenti;
1715 2534 1839 2565 saclios
1865 2534 2127 2574 vigintiseptem,

313 2596 451 2627 starium
479 2605 579 2626 unum
607 2600 636 2627 et
664 2600 802 2636 quartos
829 2597 916 2628 dims
942 2598 1125 2637 papienses
1152 2597 1313 2634 sielialis;
1340 2597 1464 2628 saclios
1491 2597 1684 2637 vigintisex,
1712 2597 1813 2627 staria
1839 2596 1907 2627 duo
1933 2598 1963 2627 et
1990 2597 2131 2636 quartos

313 2658 400 2688 duos
427 2658 610 2697 papienses
637 2658 740 2693 millii,
767 2660 797 2689 et
823 2667 941 2689 omnes
979 2659 1053 2690 illas
1091 2659 1266 2690 bladorum
1305 2659 1510 2699 quantitates
1536 2660 1567 2689 et
1593 2658 1806 2689 denariorum
1833 2666 1871 2689 ac
1899 2667 2017 2695 rerum,
2044 2666 2129 2697 quas

313 2720 386 2760 ipsa
412 2720 548 2751 domina
575 2718 799 2751 Cliaterina....
828 2721 950 2752 liabere
976 2721 1077 2752 debet
1102 2730 1120 2752 a
1147 2721 1246 2752 dictis
1273 2721 1314 2752 de
1341 2720 1465 2761 Nigris,
1504 2729 1564 2760 pro
1589 2720 1665 2750 ficto
1691 2722 1819 2751 retento
1852 2722 2015 2752 certarum
2054 2728 2131 2760 pro-

313 2783 490 2822 prietatum
517 2783 558 2813 de
585 2782 737 2813 Lossano
764 2792 947 2822 campanee
974 2782 1078 2823 papie
1104 2783 1145 2814 de
1172 2784 1296 2823 quibus
1322 2783 1406 2814 alias
1433 2783 1496 2823 ipsi
1524 2784 1617 2822 pater
1642 2784 1672 2813 et
1698 2782 1754 2813 filii
1781 2783 1822 2814 de
1849 2782 1963 2823 Nigris
1998 2782 2129 2814 fuerunt

311 2844 353 2875 ad
381 2845 585 2876 novennium
613 2845 804 2876 investiti...
844 2844 921 2876 Item
964 2846 1096 2876 nomine
1123 2848 1153 2877 et
1183 2846 1370 2877 occaxione
1408 2845 1564 2879 habendi,
1602 2844 1735 2884 petendi
1763 2846 1795 2876 et
1825 2845 2068 2885 consequendi,
2095 2846 2129 2876 ut

316 3003 397 3021 suncti·
414 3001 524 3021 illuxiiolc
538 3002 668 3027 pupicnxix.
686 3002 795 3027 Oppurc:
815 3002 913 3022 Ordinis
928 3002 957 3023 (al
975 3002 1042 3027 quale
1058 3002 1194 3026 appartiene
1276 3002 1306 3026 (l)
1322 2995 1338 3022 Ε
1354 3001 1367 3021 il
1385 3001 1462 3022 Priore
1478 3001 1536 3021 irate
1552 3000 1646 3021 stefano
1663 3000 1754 3025 Marini,
1771 3008 1784 3021 o
1801 3001 1828 3021 da
1846 3000 1923 3026 Pavia,
1940 3001 1961 3021 di
1977 3001 2012 3021 cui
2025 3000 2076 3021 vedi
2088 3000 2128 3021 do-

316 3044 329 3064 il
346 3044 465 3065 coum-m«,
482 3053 493 3065 e
510 3046 528 3065 la
546 3046 678 3066 Couiiiiiitil=
696 3046 803 3066 fratrum
820 3045 997 3067 medicatorum
1014 3046 1072 3066 icioe
1088 3046 1129 3066 che
1145 3051 1195 3071 pre·
1250 3048 1358 3066 eumenio
1374 3045 1410 3066 dcl
1426 3046 1438 3065 2
1453 3045 1579 3066 settembre
1597 3046 1654 3069 143⁸,
1671 3051 1691 3065 n⁴
1709 3044 1784 3066 CCVl.

316 3089 407 3109 tlicauw
425 3092 505 3109 uincto
522 3090 640 3110 Mnsstolc.
