2347 3444
322 232 364 263 22

322 373 396 396 mus
422 365 498 396 item
525 365 566 396 de
591 368 695 406 patre,
721 368 752 397 et
778 366 865 404 filiis,
891 369 991 407 atque
1017 367 1174 398 omnibus
1201 368 1281 399 viris
1307 368 1348 399 de
1375 367 1484 399 Domo
1510 367 1750 401 Vicecomitum
1788 369 1868 401 illud
1906 371 1996 411 quod
2023 371 2138 404 Eccle-

321 426 447 458 siastici
474 427 630 458 scribitur
656 427 776 459 XLIV:
804 428 861 459 Isti
883 430 960 459 sunt
985 429 1051 466 viri,
1077 437 1212 468 quorum
1233 430 1376 470 pietates
1399 438 1464 461 non
1489 429 1667 470 defuerunt,
1695 433 1726 462 et
1749 440 1821 463 cum
1846 433 1969 464 semine
1993 433 2136 474 ipsorum

318 491 504 527 perseverat
527 489 613 520 bonu
638 489 802 521 hereditas
833 492 984 530 nepotum
1011 499 1140 527 eorum;
1164 499 1274 522 semen
1299 500 1408 523 eorum
1434 494 1465 523 et
1485 492 1594 532 glorio
1619 501 1728 524 eorum
1753 502 1817 524 non
1842 494 2087 534 derelinquetur.

410 550 568 591 Sequitur
593 552 742 583 secunda
769 551 871 584 Stella
899 553 998 583 huius
1025 553 1117 588 radii,
1145 561 1231 593 quae
1257 556 1308 585 est
1349 554 1574 593 Intelligentin,
1613 564 1713 595 quam
1752 556 1867 587 habuit
1894 556 1924 587 in
1952 557 2135 589 mutatione

321 622 428 644 rerum
456 614 710 646 mundanarum.
737 615 847 645 sciens
873 614 1036 654 scriptum
1063 623 1139 646 esse
1166 614 1318 647 Danielis
1345 615 1390 647 ll:
1418 616 1488 656 lpse
1514 617 1598 648 enim
1635 619 1741 648 mutat
1776 619 1921 658 tempora
1947 621 1978 650 et
2001 621 2136 656 aetates,

319 675 472 715 transfert
495 684 596 715 regna
622 678 720 715 atque
745 676 920 707 constituit.
949 675 1013 707 Sed
1040 685 1099 707 oro
1125 678 1166 714 te,
1194 677 1407 709 memorande
1446 677 1619 719 Princeps,
1657 679 1710 710 dic
1750 680 1848 711 nobis
1874 680 1915 712 de
1942 681 2135 721 sepulchro,

320 737 400 776 quid
427 738 468 768 de
496 740 550 768 tua
576 738 786 777 aliorumque
812 741 900 769 sorte
928 738 1112 769 videatur?
1139 741 1169 769 et
1196 739 1398 778 respondet:
1425 738 1454 771 O
1481 749 1554 779 vos,
1579 742 1636 781 qui
1675 742 1747 773 heic
1784 742 1940 780 adstaris,
1978 743 2138 775 attendite

322 802 352 830 et
379 800 499 833 videte,
526 800 733 839 permaxime
759 800 896 840 superbi
923 804 953 831 et
981 800 1035 831 alti
1064 799 1249 841 Principes,
1290 802 1462 839 attendite,
1500 803 1648 843 inquam,
1687 804 1828 835 rebelles
1866 803 1939 842 Dei,
1976 805 2137 837 attendite

319 865 435 892 coctus
462 862 592 892 omnis:
613 862 666 892 ubi
687 865 764 893 sunt
790 860 958 893 Caesares
983 864 1083 902 atque
1111 861 1220 902 Reges
1239 872 1303 893 non
1323 863 1424 894 modo
1443 865 1577 902 vetusti,
1596 865 1656 896 sed
1676 874 1763 906 quos
1782 868 1895 897 nostra
1914 866 1987 898 tulit
2014 867 2137 898 aetas?

320 924 374 954 ubi
402 933 515 954 eorum
542 924 735 955 tremendae
762 924 984 955 maiestates?
1011 925 1160 965 quaerite
1186 925 1227 956 de
1255 925 1328 958 istis
1354 928 1385 957 et
1410 926 1451 957 de
1478 935 1539 964 me,
1567 927 1622 958 ubi
1643 937 1729 959 nuuc
1748 937 1888 968 corpore
1915 928 2138 961 habitemus?

319 984 550 1017 Ostendentur
576 986 674 1017 vobis
700 987 822 1027 exigua
849 987 1040 1027 sepulchra,
1066 989 1229 1019 exornata
1256 989 1400 1029 ingeniis
1426 989 1600 1027 artificum,
1626 989 1709 1021 forte
1735 991 1833 1022 etiam
1865 991 2007 1031 gemmis
2040 1000 2138 1022 auro—

319 1057 383 1087 que
411 1048 576 1085 micantia,
604 1050 637 1079 ut
663 1051 713 1079 est
739 1049 918 1080 ambitiosa
946 1058 1010 1080 non
1039 1050 1141 1080 modo
1169 1050 1236 1081 vita
1253 1050 1435 1089 hominum,
1463 1051 1520 1082 sed
1550 1060 1650 1089 mors,
1668 1053 1854 1083 secundum
1876 1052 1954 1083 illud
1975 1053 2138 1094 principis

321 1108 465 1141 Poetae:
493 1111 584 1141 vivos
608 1110 744 1141 educent
769 1111 808 1142 sie
833 1119 992 1142 nzarrnore
1024 1111 1138 1142 vultus.

409 1171 473 1204 Ubi
501 1176 578 1203 sunt
604 1173 846 1213 epigrammata
872 1182 1009 1213 quoque
1037 1174 1226 1214 magnifica,
1252 1177 1283 1206 et
1309 1175 1392 1206 tituli
1419 1175 1553 1207 altisoni
1588 1176 1647 1207 sed
1687 1176 1814 1215 inanes,
1852 1186 1939 1217 quos
1977 1178 2003 1209 si
2043 1178 2138 1219 legis,

317 1234 534 1274 obstupeas?
561 1234 624 1266 Ubi
653 1244 740 1266 nunc
767 1235 932 1266 satellites
958 1236 1086 1273 armati,
1114 1236 1168 1267 ubi
1197 1237 1383 1276 puellarum
1410 1246 1541 1278 greges,
1569 1238 1624 1269 ubi
1651 1239 1859 1279 ganymedes
1886 1240 1998 1280 regius
2017 1240 2058 1272 ad
2079 1249 2139 1280 po-

319 1296 429 1327 culum
457 1297 669 1337 deputatus?
696 1297 751 1328 ubi
780 1298 945 1337 coquinae
970 1298 1127 1335 artifices,
1154 1300 1186 1330 et
1211 1299 1308 1330 calidi
1329 1301 1480 1331 sectores
1506 1300 1645 1331 altilium
1663 1300 1680 1331 Ῥ
1707 1300 1762 1331 ubi
1790 1310 1958 1341 purpurea
1984 1303 2089 1334 vestis
2107 1303 2138 1334 et

318 1363 445 1389 ostrum
473 1360 701 1390 substractum
729 1360 886 1400 pedibus,
912 1363 943 1391 et
969 1361 1171 1400 cornipedes
1197 1370 1298 1392 aurea
1325 1361 1439 1393 fraena
1466 1362 1677 1401 mandentes,
1704 1363 1760 1394 ubi
1787 1363 1943 1403 supellex
1963 1364 2138 1403 curiosior,

318 1430 399 1453 vasa
426 1420 611 1462 Corynthia
638 1424 669 1453 et
695 1421 984 1454 Damascenorum
1012 1423 1106 1454 labor
1131 1423 1328 1455 artificum?
1356 1424 1419 1456 Ubi
1454 1425 1661 1465 spectacula,
1699 1427 1829 1464 cantus,
1856 1427 1886 1457 ct
1912 1426 2043 1466 epulae,
2081 1426 2136 1458 ubi

318 1487 363 1514 tot
390 1484 555 1515 lenocinia
582 1484 804 1524 voluptatum,
832 1485 979 1525 luteique
1006 1485 1199 1525 corpusculi
1227 1487 1339 1517 tantus
1376 1489 1525 1524 ornatus,
1552 1489 1583 1518 et
1610 1489 1726 1518 vertex
1764 1487 1954 1519 diademate
1992 1488 2138 1527 radians,

317 1549 347 1577 et
375 1546 510 1578 baltheo
536 1547 690 1578 rutilante
717 1547 913 1578 succinctus
940 1548 1156 1585 ventriculus,
1183 1550 1213 1579 et
1233 1549 1408 1580 stellantes
1434 1549 1598 1590 digiticuli
1618 1549 1739 1590 spoliis
1759 1549 1860 1581 Indici
1881 1551 1982 1581 maris
2000 1552 2031 1582 et
2049 1551 2139 1582 scul-

318 1612 449 1649 ptorum
477 1609 652 1649 ingeniis?
672 1608 722 1640 Ad
750 1611 957 1649 postremum
985 1610 1040 1641 ubi
1067 1610 1216 1641 coniunx
1244 1611 1435 1651 imperiosa,
1456 1612 1511 1642 ubi
1530 1611 1599 1649 filii,
1618 1612 1705 1643 sicut
1732 1611 1885 1643 novellae
1911 1612 2138 1652 plantationes

319 1673 350 1702 et
376 1671 462 1702 filiae
488 1671 752 1702 circumornatae
779 1674 811 1702 ut
838 1672 1023 1703 similitudo
1049 1672 1175 1713 templi,
1202 1682 1288 1713 quae
1315 1682 1421 1713 nuper
1448 1673 1572 1704 blando
1598 1675 1751 1711 attractu,
1770 1676 1800 1705 et
1825 1673 1984 1705 dulcibus
2010 1674 2138 1707 osculis

320 1743 384 1764 non
411 1733 560 1765 duraturi
588 1734 691 1774 patris
718 1734 804 1765 colla
831 1721 1021 1766 mulcebant
1037 1734 1054 1765 ἶ)
1080 1733 1109 1766 O
1135 1735 1258 1766 flebilis
1277 1737 1308 1766 et
1327 1735 1442 1766 infelix
1470 1744 1610 1775 prorsus
1628 1735 1898 1767 transformatio!
1919 1734 2040 1768 Omnia
2059 1737 2137 1768 mihi

320 1796 350 1826 in
379 1804 520 1833 vermes,
548 1796 648 1836 inque
675 1798 860 1836 serpentes,
889 1797 1000 1827 onmia
1027 1797 1159 1828 tandem
1188 1798 1219 1828 in
1247 1797 1386 1828 nihilum
1424 1798 1546 1829 ablere.
1581 1797 1669 1838 Ergo
1705 1798 1910 1838 quicumque
1947 1807 1995 1837 es,
2033 1799 2140 1839 inquit

318 1857 396 1888 Dux
424 1860 547 1896 noster,
573 1867 697 1889 memor
719 1860 787 1889 esto
813 1859 927 1890 iudicii
949 1859 1036 1890 mei:
1062 1859 1109 1890 sic
1134 1860 1193 1890 erit
1217 1861 1248 1890 et
1271 1861 1373 1896 tnunu
1399 1860 1556 1891 scribitur
1583 1859 1812 1891 Ecclesiastici
1840 1859 1983 1891 XXVIII.

407 1918 567 1960 Sequitur
592 1921 686 1952 tertia
712 1919 815 1952 Stella
842 1921 942 1952 huius
969 1921 1063 1959 radii,
1098 1930 1184 1962 quae
1211 1924 1262 1953 est
1287 1922 1477 1960 Hunzilitas,
1515 1931 1602 1962 quae
1630 1922 1660 1953 in
1688 1924 1803 1953 nostro
1840 1921 1935 1954 Duce
1973 1922 2140 1963 profunda

318 1981 389 2021 fuit;
416 1983 504 2014 unde
530 1985 644 2023 patres
670 1985 782 2014 notate
825 1983 1010 2015 mirabilem
1037 1993 1114 2024 erga
1152 1983 1280 2015 Ducem
1312 1986 1462 2015 nostrum
1489 1983 1551 2015 Dei
1580 1984 1839 2024 providentiam,
1865 1994 1906 2016 ex
1933 1993 1999 2025 qua
2024 1994 2060 2017 se
2086 1994 2141 2017 co-

319 2045 435 2085 gnovit
461 2045 502 2076 de
529 2054 668 2076 numero
694 2045 887 2084 electorum,
914 2055 979 2077 non
1007 2046 1238 2086 reproborum,
1265 2047 1398 2078 dicente
1424 2045 1519 2078 Deo:
1546 2046 1619 2087 Ego
1645 2056 1729 2087 quos
1753 2055 1829 2078 amo
1863 2048 1989 2087 corrigo
2022 2049 2054 2079 et
2085 2056 2141 2079 ca-

318 2107 417 2146 stigo.
445 2106 637 2147 Numquam
665 2106 742 2138 Dux
771 2110 885 2139 noster
909 2108 1037 2148 aliquid
1065 2109 1300 2149 prosperitatis
1326 2111 1383 2140 aut
1409 2109 1554 2140 laetitiae
1593 2109 1709 2140 habuit
1735 2109 1766 2140 in
1795 2110 1855 2140 hac
1893 2110 1960 2140 vita
1998 2109 2139 2148 mortali,

321 2170 401 2208 quin
428 2170 539 2201 statim
578 2172 655 2210 post
681 2179 699 2201 a
726 2168 798 2201 Deo
835 2172 1028 2210 tangeretur
1052 2173 1108 2202 aut
1135 2171 1165 2201 in
1193 2171 1362 2209 membris,
1388 2172 1444 2202 aut
1470 2171 1501 2202 in
1529 2171 1627 2209 fama,
1654 2173 1710 2203 aut
1735 2171 1847 2209 rebus,
1866 2181 1908 2203 ex
1927 2171 2052 2212 quibus
2071 2172 2142 2204 ina—

320 2240 393 2262 nem
420 2234 619 2272 temperaret
657 2232 826 2269 laetitiam,
853 2234 883 2263 et
909 2232 1051 2264 electum
1078 2242 1095 2264 a
1122 2232 1195 2264 Deo
1222 2242 1258 2264 se
1283 2236 1520 2274 cognosceret,
1559 2234 1707 2265 imitatus
1744 2232 1920 2274 Principes
1958 2233 2140 2273 Romanos,

319 2294 375 2333 qui
402 2293 481 2324 dum
508 2302 626 2325 currus
652 2294 874 2334 triumphales
900 2297 1048 2335 agerent,
1075 2295 1269 2335 opprobriis
1295 2304 1332 2327 ac
1359 2296 1641 2336 percussionibus
1668 2304 1782 2327 eorum
1814 2295 1938 2326 laetitia
1975 2297 2141 2336 tempera-

320 2356 426 2387 batur.
454 2355 493 2387 Et
519 2356 594 2387 ideo
621 2356 734 2387 sciens
761 2356 1025 2388 misericordiam
1052 2356 1113 2388 Dei
1141 2366 1217 2389 esse
1243 2358 1417 2395 infinitam,
1443 2358 1474 2389 in
1494 2366 1529 2389 se
1549 2358 1660 2398 ipsum
1688 2357 1893 2395 humiliatus,
1912 2357 2139 2398 reseratisque

321 2418 505 2450 luminibus
531 2419 652 2450 mentis
678 2420 754 2450 ante
772 2419 823 2450 sui
851 2416 1022 2450 Creatoris
1049 2420 1257 2451 maiestatem
1285 2421 1498 2452 reminiscere
1525 2420 1647 2460 coepit,
1674 2419 1806 2460 quoties
1833 2419 1924 2450 illum
1943 2419 2140 2458 offenderat,

320 2481 454 2520 quoties
481 2481 512 2511 in
540 2482 601 2512 hoc
629 2482 715 2512 vitae
743 2490 843 2512 cursu
870 2482 1107 2521 cespitaverat,
1134 2483 1268 2522 quoties
1294 2482 1519 2520 aberraverat,
1545 2482 1679 2522 quoties
1704 2481 1835 2513 offenso
1854 2482 1939 2522 pede
1958 2482 2138 2520 ceciderat,

322 2545 403 2582 quot
429 2543 598 2583 pudenda,
625 2546 706 2583 quot
732 2543 890 2581 dolenda,
917 2546 998 2584 quot
1024 2544 1228 2584 poenitenda
1255 2545 1490 2582 commiserat;
1525 2544 1673 2575 meminit
1698 2552 1716 2575 a
1742 2552 1810 2583 quo
1847 2542 1956 2574 factus
1992 2545 2071 2581 erat,
2109 2546 2141 2576 et

323 2607 483 2644 quantum
510 2605 574 2635 sibi
602 2606 798 2645 praestitum
826 2606 933 2638 fuerat
951 2608 982 2638 et
1001 2606 1115 2646 quanti
1143 2606 1296 2638 beneficii
1317 2605 1389 2638 Deo
1408 2606 1539 2637 debitor
1557 2606 1722 2637 extiterat.
1741 2603 1901 2637 Senserat
1925 2605 2036 2643 etiam,
2061 2605 2140 2646 quia

323 2667 435 2707 pulvis
454 2670 533 2704 erat,
553 2667 632 2698 etin
653 2668 825 2707 pulverem
853 2668 1086 2700 resolvendus.
1114 2668 1163 2699 Ex
1190 2669 1288 2700 cuius
1313 2668 1439 2700 salubri
1465 2668 1737 2700 consideratione
1764 2667 1920 2699 manibus
1946 2667 2141 2700 cancellatis

323 2730 354 2760 in
383 2730 517 2760 modum
551 2731 677 2761 orantis
715 2740 789 2761 cum
828 2731 1010 2771 gemitibus
1036 2732 1066 2762 et
1093 2730 1274 2772 lachrymis
1311 2732 1411 2771 atque
1448 2730 1669 2762 amarissimis
1707 2730 1912 2770 singultibus
1949 2728 2021 2761 Deo
2059 2729 2138 2761 illud

324 2791 448 2822 Psalmi
468 2792 619 2823 dicebat:
639 2792 768 2823 Delicta
787 2793 960 2824 iuventutis
977 2801 1069 2824 meae
1087 2795 1117 2824 et
1141 2793 1347 2832 ignorantias
1371 2801 1463 2824 meas
1479 2801 1518 2823 ne
1535 2792 1717 2823 memineris
1742 2791 1906 2823 Domine:
1931 2794 2032 2832 atque
2059 2791 2139 2823 illud

323 2853 436 2885 aliud:
462 2854 615 2885 Miserere
640 2855 705 2885 mei
728 2854 878 2890 Domitie,
916 2855 1071 2894 quoniam
1098 2854 1245 2895 Infirmus
1269 2863 1362 2886 sum:
1387 2863 1471 2885 sano
1495 2862 1546 2885 me
1571 2853 1720 2889 Domine,
1759 2853 1915 2893 quoniam
1948 2852 2141 2885 conturbato

322 2918 398 2947 sunt
421 2916 531 2947 omnia
557 2924 635 2947 osso
660 2925 743 2947 tneo.
771 2915 862 2948 Usus
888 2917 1031 2948 consilio
1058 2916 1236 2957 Augustini
1263 2917 1428 2948 dicentis:
1454 2915 1582 2947 Proiice
1607 2917 1637 2947 te
1654 2916 1685 2947 in
1711 2924 1783 2947 eum
1798 2926 1808 2946 .·
1824 2915 1893 2947 noli
1908 2917 2060 2952 nminem·
2076 2923 2140 2946 non

323 2981 353 3010 te
392 2978 568 3015 subtrahet,
595 2980 630 3009 ut
653 2978 776 3010 cadas:
809 2979 932 3018 proiice
972 2987 1112 3015 securus,
1140 2979 1280 3019 excipiet
1303 2980 1335 3010 et
1356 2977 1490 3010 sanabit
1513 2979 1552 3009 te.
1579 2976 1724 3009 Proiecit
1760 2986 1840 3018 ergo
1865 2985 1902 3009 se
1928 2977 1959 3008 in
1985 2985 2072 3015 eum,
2109 2978 2141 3008 et

324 3042 482 3080 receptus
508 3042 567 3072 est.
594 3039 758 3078 Pulsavit,
784 3043 815 3071 et
839 3042 991 3081 apertum
1018 3043 1068 3072 est
1094 3041 1144 3072 ei:
1172 3041 1276 3081 petiit,
1302 3042 1334 3072 et
1359 3039 1507 3080 accepit:
1541 3039 1720 3080 quaesivit,
1746 3041 1778 3071 et
1803 3039 1930 3070 invenit
1969 3039 2062 3070 iuxta
2099 3037 2141 3069 Ε-

325 3102 537 3143 vangelicum
575 3102 825 3140 documentum,
863 3102 988 3143 quibus
1026 3103 1170 3143 peractis
1206 3103 1372 3134 accersito
1409 3111 1476 3133 uno
1501 3101 1542 3133 de
1576 3101 1648 3133 suis
1681 3101 1890 3133 fidelissimis
1923 3100 2024 3132 scribi
2062 3099 2141 3132 fecit

2334 2881 2347 3231 m—n-Q‘AA——A
2342 2836 2347 2870 -..
