2347 3444
314 211 356 242 52

1133 393 1302 434 CXCI.

404 503 540 531 Laurea
566 502 600 530 di
626 502 715 530 frate
741 502 915 531 Giovanni
941 502 983 530 de
1009 502 1158 538 Asperg,
1186 501 1267 530 dell·
1285 501 1416 530 Ordine
1441 501 1534 538 degli
1560 502 1766 531 Eremitani.

1118 615 1325 640 1434...

709 705 785 727 (Meli,
802 704 837 724 dcl
854 704 976 725 Rettorato
992 703 1120 724 dell'L'nivl
1137 703 1159 723 di
1177 703 1246 724 Pavia
1262 714 1285 717 —
1303 703 1436 724 Protocollo
1451 703 1473 724 di
1490 703 1589 724 Bronzio
1605 703 1730 725 Ubertarit.

560 827 789 855 0C‘1‘ORATUS
815 823 845 853 in
873 831 968 854 sacra
995 823 1118 863 pagina
1145 822 1270 853 domini
1309 821 1419 853 fratris
1458 821 1615 853 iohannis
1641 822 1681 854 de
1708 822 1841 864 Asperg
1866 822 2004 855 Ordinis
2031 823 2133 855 Here-

389 811 493 926 D

403 1107 486 1135 Atto
513 1108 546 1135 di
572 1115 721 1142 procura
748 1107 782 1135 di
809 1107 898 1135 frate
924 1106 1109 1135 Albertino
1136 1106 1272 1143 Crespi.

583 887 746 917 mirarum.

1135 989 1330 1030 CXCII.

960 1211 1106 1241 1433,
1137 1211 1406 1242 ge11115110,
1436 1211 1484 1237 6.

879 1299 955 1323 (Arcti
973 1299 1052 1320 Noton
1070 1299 1091 1319 di
1109 1299 1186 1320 ΡεινίῑιΔ
1204 1310 1228 1313 —
1244 1299 1291 1320 Atti
1308 1299 1329 1319 di
1347 1299 1464 1320 Lodovico
1481 1300 1568 1325 chgi„

379 1406 519 1521 NJK
563 1421 743 1450 CCCCXXX
768 1418 897 1458 quinto,
924 1418 1094 1450 indicione
1120 1418 1366 1455 terciadecima,
1393 1418 1446 1449 die
1472 1420 1570 1449 sexto
1596 1419 1722 1450 mensis
1749 1418 1901 1456 Ianuarii,
1928 1419 2008 1450 hora
2023 1428 2130 1451 mane.

585 1480 718 1517 Testes,
745 1484 805 1512 etc.
833 1480 866 1511 ln
893 1480 1009 1521 Papia,
1037 1480 1193 1512 videlicet
1220 1481 1250 1511 in
1278 1480 1425 1512 claustro
1451 1480 1594 1512 ecclesie
1632 1483 1748 1513 sancte
1786 1481 1959 1513 Mostiolle
1999 1479 2138 1513 Ordinis

351 1580 355 1581 ⁷
393 1580 399 1581 ⁷
586 1543 839 1575 Predicatorum
880 1541 941 1582 (1),
969 1544 1000 1574 in
1027 1542 1127 1575 Porta
1153 1543 1260 1574 sancti
1281 1543 1449 1581 iohannis,
1469 1544 1499 1574 in
1520 1542 1683 1575 Parochia
1710 1544 1817 1575 sancti
1843 1540 1892 1582 (in
1918 1541 2054 1583 blanco)
2071 1541 2132 1583 (2),

316 1606 428 1646 ibique
455 1606 660 1637 reverendus
686 1606 717 1636 in
744 1604 879 1637 Christo
905 1608 1000 1646 pater
1024 1608 1055 1637 et
1081 1606 1238 1637 dominus
1264 1605 1364 1637 frater
1390 1605 1574 1638 Ubertinus
1600 1606 1640 1638 de
1666 1604 1799 1647 Crispis
1825 1605 1964 1638 Ordinis
1978 1605 2136 1638 Predica—

316 1671 435 1703 torum,
462 1669 492 1699 in
519 1676 615 1699 sacra
642 1669 766 1709 pagina
793 1668 1031 1706 bacliallarius‚
1069 1677 1144 1700 cum
1183 1677 1353 1699 consensu
1380 1671 1411 1700 et
1438 1668 1609 1700 voluntate
1635 1666 1772 1700 'domini
1810 1667 1936 1700 Prioris
1968 1669 2056 1700 dicte
2081 1677 2135 1700 ec-

315 1731 417 1762 clesie
444 1733 559 1762 sancte
587 1730 771 1768 Mustiolle,
797 1731 879 1762 eitra
905 1731 1167 1768 revocationem,
1205 1733 1266 1762 etc.
1305 1730 1392 1768 fecit,
1419 1731 1594 1762 constituit
1619 1732 1649 1762 et
1675 1731 1853 1769 ordinavit,
1883 1733 1915 1762 et
1940 1730 2029 1766 facit,
2055 1739 2136 1762 con-

315 1793 420 1824 stituit
446 1795 477 1824 et
502 1793 634 1824 ordinat
672 1793 884 1824 venerandos
910 1795 941 1824 et
967 1794 1122 1834 egregios
1148 1795 1179 1824 et
1204 1793 1377 1833 sapientes
1415 1793 1507 1825 viros
1543 1793 1700 1825 dominos
1738 1792 1920 1824 Antonium
1955 1792 2134 1824 Iohannem

315 1847 356 1877 de
383 1845 501 1884 Zerbo‚
527 1845 706 1877 Brunzium
733 1847 774 1878 de
802 1845 999 1884 Ubertariis‚
1026 1847 1199 1878 dominum
1226 1846 1403 1878 Marchum
1429 1847 1470 1878 de
1498 1845 1697 1878 Canevariis
1715 1844 1808 1887 (3).,..

1119 1994 1341 2035 CXCIII.

405 2103 543 2139 Filippo
569 2103 684 2131 Maria
710 2103 873 2132 Visconti
899 2103 1071 2132 rinnuova
1097 2104 1168 2140 agli
1193 2104 1418 2140 Agostiniani
1445 2104 1480 2132 di
1506 2105 1541 2133 S.
1569 2104 1688 2132 Pietro
1714 2105 1748 2132 in
1773 2104 1848 2133 Ciel
1874 2104 1906 2132 d'
1923 2113 1986 2133 oro
2004 2105 2035 2133 le
2054 2113 2135 2133 con-

317 2156 472 2185 cessioni
498 2156 554 2184 dei
581 2157 659 2185 suoi
685 2157 945 2193 predecessori.

946 2252 1097 2283 1435,
1124 2253 1399 2285 gexllmaio,
1420 2253 1505 2278 29.

807 2341 875 2365 tssibl.
893 2341 958 2362 Univ.
975 2341 996 2361 di
1015 2341 1084 2362 Pavia
1102 2352 1124 2354 —
1141 2341 1197 2362 Cod.
1215 2347 1235 2361 n.
1252 2342 1299 2367 428,
1316 2341 1420 2367 Pergamv
1438 2341 1459 2362 di
1476 2341 1498 2362 S.
1515 2342 1645 2367 ⁴Agostino).

396 2446 503 2561 D

565 2464 614 2491 UX
641 2460 837 2497 Mediolani,
864 2462 924 2490 etc.
952 2458 1056 2500 Papio
1084 2459 1309 2501 Anglerieque
1336 2458 1461 2491 Comes
1487 2469 1525 2491 ac
1553 2459 1651 2491 lanue
1678 2458 1854 2491 Dominus.

675 2520 873 2562 Supplieato
900 2522 998 2553 nobis
1024 2524 1116 2562 parte
1142 2520 1289 2563 Capituli
1317 2525 1346 2553 et
1373 2520 1570 2554 Conventus
1596 2520 1734 2553 Ordinis
1762 2521 2002 2553 Heremitarum
2030 2523 2135 2554 sancti

586 2583 765 2624 Augustini
803 2585 949 2615 civitatis
987 2587 1099 2616 nostre
1138 2583 1242 2624 Papie
1268 2587 1301 2616 ut
1328 2585 1375 2615 eis
1410 2585 1605 2615 confirmare
1630 2586 1661 2615 et
1686 2584 1728 2615 de
1755 2593 1844 2615 novo
1870 2584 2057 2616 concedere
2083 2584 2134 2616 di-

387 2742 405 2765 i)
420 2740 507 2765 Questa
526 2740 716 2761 denominnzionc
742 2741 840 2762 Ordinis
862 2741 1042 2762 Predr'ffltorum
1058 2748 1071 2761 ο
1087 2742 1098 2762 ὲ
1115 2747 1144 2762 un
1167 2747 1200 2762 er-

323 2791 372 2806 rore
389 2785 424 2805 del
441 2785 519 2805 nomio
537 2785 558 2805 ‹il
575 2785 615 2805 che
638 2791 682 2805 non
705 2786 723 2806 ci
747 2786 837 2805 sembra
861 2786 998 2811 probabile),
1014 2792 1028 2805 o
1044 2786 1055 2806 l:
1071 2791 1116 2806 uno
1139 2786 1198 2811 degli

321 2830 464 2855 appellativi,
481 2830 521 2850 clie
537 2830 550 2849 il
567 2830 653 2855 popolo
668 2830 793 2850 attribuiva
809 2830 852 2855 agli
871 2830 992 2850 Ercmitani
1005 2836 1045 2856 per
1057 2830 1069 2850 il
1081 2830 1130 2850 loro
1142 2836 1202 2851 eser-

323 2875 380 2895 cizio
396 2874 516 2899 irequente
532 2874 553 2894 di
571 2874 738 2899 predic-illone>
757 2874 811 2894 Vcdi
835 2880 886 2899 pag.
903 2874 936 2898 311,
959 2875 1002 2894 vulv
1027 2875 1041 2894 lv
1067 2874 1143 2895 Anclie
1165 2875 1200 2895 nel

323 2919 373 2939 duc.
391 2918 426 2939 del
442 2919 453 2938 »ὅ
469 2919 595 2939 settembre
610 2918 645 2938 del
665 2918 714 2938 1476
729 2919 843 2939 troriamo
866 2924 909 2938 una
932 2918 1047 2939 conterrita
1071 2919 1091 2939 di
1115 2922 1198 2944 questa

324 2963 403 2984 ultima
419 2963 577 2988 spiegazione.

386 3008 406 3031 2)
421 3006 443 3028 Si
459 3006 578 3032 supplisca
594 3006 677 3028 Sancti
693 3006 840 3028 Columbani.

385 3052 406 3076 3)
421 3051 436 3072 ll
452 3051 600 3077 documentoy
616 3051 674 3072 nella
694 3051 780 3072 minuta
796 3051 914 3077 originale,
927 3051 955 3071 da
966 3051 1001 3072 cui
1013 3051 1035 3072 lo
1046 3052 1199 3076 desumiamo‚

323 3096 335 3116 ὸ
351 3096 388 3121 qui
405 3097 524 3121 truncato:
541 3096 554 3116 il
570 3096 611 3117 che
636 3095 683 3121 ρυὸ
707 3095 837 3121 significare
861 3101 875 3116 o
899 3096 940 3116 che
965 3096 1111 3117 l'cstensore
1131 3096 1199 3117 abbia

1255 2747 1348 2762 omesso
1365 2741 1422 2761 nella
1439 2741 1525 2761 minuta
1542 2741 1555 2761 il
1571 2740 1705 2761 formulario
1720 2741 1798 2765 solito:
1815 2747 1828 2761 o
1844 2742 1884 2762 tlte
1900 2742 1967 2762 l'atto
1983 2747 2027 2762 non
2049 2746 2132 2763 avesse

1254 2787 1326 2806 avuto
1343 2785 1380 2811 piii
1397 2786 1496 2811 seguim.
1514 2785 1536 2805 ln
1552 2786 1604 2811 ogni
1622 2786 1690 2806 niodo
1706 2786 1858 2806 dall'insiemc
1882 2786 2009 2812 rileviaino,
2031 2786 2072 2807 che
2094 2785 2134 2807 do-

1257 2835 1314 2850 vcva
1330 2830 1433 2850 trattarsi
1449 2829 1504 2850 d'un
1519 2831 1570 2850 atto
1585 2829 1606 2850 di
1624 2835 1721 2855 procura
1746 2835 1814 2850 verso
1837 2832 1870 2850 tre
1894 2830 2004 2850 causidici
2027 2835 2039 2851 e
2061 2829 2132 2855 notai,

1257 2873 1441 2899 probabilmcnte
1464 2874 1546 2899 perche
1571 2876 1733 2894 sostcncssero
1749 2874 1768 2894 lc
1789 2875 1848 2899 parti
1871 2874 1906 2895 del
1930 2875 2053 2895 mandante
2075 2874 2133 2895 frate

1254 2918 1373 2938 Albertino
1389 2916 1478 2943 Crespi.
1494 2917 1637 2942 nell'esigcrc
1652 2918 1776 2938 1’0nomrio
1791 2924 1804 2938 a
1820 2918 1849 2939 lui
1866 2918 1954 2939 dovuto
1970 2924 2035 2939 corne
2046 2917 2135 2944 proies-

1257 2968 1309 2983 sure
1325 2961 1495 2986 univcrsitarim
1518 2962 1600 2987 perche
1616 2962 1676 2982 sisa
1691 2962 1732 2982 elie
1755 2962 1776 2982 in
1799 2963 1852 2988 quel
1875 2964 1954 2988 tempo
1976 2963 1996 2983 le
2017 2962 2132 2988 frequenti

1257 3006 1403 3032 suspensioni
1426 3006 1461 3026 del
1484 3008 1624 3031 pagairiento
1640 3006 1660 3026 ai
1684 3005 1810 3032 professori
1836 3012 1996 3032 provocarono
2018 3006 2097 3027 ricorsi
2120 3012 2133 3028 e

1256 3052 1360 3077 proteste
1383 3050 1508 3074 collettive.
1531 3055 1609 3075 cause,
1634 3055 1646 3070 e
1671 3050 1763 3076 persino
1787 3050 1808 3071 la
1832 3050 1966 3071 cessazione
1982 3052 2132 3076 temporanea

1255 3095 1314 3116 delle
1329 3095 1418 3116 lezioni.
