2347 3444
1950 171 2013 203 255

917 350 1325 390 CDLXXXVII.

293 457 398 487 Frate
424 458 596 487 Tolomeo
622 458 754 494 Sar-ego
779 459 813 487 di
841 459 875 487 S.
903 459 1073 488 Mostiola
1098 460 1210 488 affitta
1236 459 1353 487 alcuni
1380 459 1458 487 beni
1485 459 1519 488 in
1546 460 1736 489 Stradella.

848 572 1002 603 1483,
1031 574 1265 603 ottol)1·e‚
1295 573 1372 597 16.

749 659 826 681 (Arcu.
843 660 923 680 Notat.
940 660 961 680 di
979 660 1056 681 Pavia.
1073 671 1097 674 ω
1114 660 1161 681 Atti
1177 660 1198 681 di
1216 661 1336 681 Leonardo
1353 660 1465 682 Buscatii.

308 843 355 957 I
449 861 471 887 Ν
495 856 642 887 claustro
668 858 860 888 monasterii
887 860 917 889 et
942 858 1082 889 ecclesie
1108 860 1222 890 sancte
1249 858 1420 896 Mustiole,
1448 857 1551 899 Papie
1556 884 1606 889 .....
1634 858 1831 890 investitura
1850 858 1936 890 facta
1964 868 2021 899 per

472 919 695 950 venerabilem
723 920 894 951 dominum
922 920 1053 952 fratrem
1081 920 1303 952 Tholomeum
1331 921 1371 951 de
1397 919 1581 959 Saraticho‚
1615 920 1753 952 Ordinis
1780 921 2019 953 Heremitarum

301 1016 435 1018 Ῑὶήᾲ
471 982 576 1012 sancti
604 981 795 1022 Augustini,
823 983 852 1013 in
880 981 1058 1014 Conventu
1085 985 1199 1014 sancte
1226 984 1387 1015 Mustiole
1414 983 1528 1024 Papie,
1555 984 1622 1024 qui,
1650 985 1783 1015 nomine
1802 993 1864 1015 suo
1884 985 2021 1025 proprio

202 1045 233 1074 et
259 1052 324 1074 non
351 1044 496 1081 nomine,
524 1053 582 1075 nec
608 1044 648 1075 de
675 1044 773 1075 bonis
799 1045 941 1076 alicuius
978 1046 1127 1083 ecclesie,
1166 1048 1285 1086 sponte
1290 1072 1340 1077 .....
1379 1047 1513 1077 investit
1538 1046 1580 1077 ad
1607 1047 1718 1077 fictum
1752 1055 1769 1077 a
1796 1046 1882 1078 testo
1916 1047 2020 1078 sancti

203 1106 338 1137 Martini
367 1107 519 1146 proxime
546 1106 645 1137 futuri
673 1115 780 1146 usque
806 1107 847 1137 ad
874 1116 981 1138 annos
1000 1117 1119 1139 novem
1126 1134 1175 1139 .....
1202 1107 1415 1140 Cliristoforo
1434 1109 1474 1139 (le
1493 1108 1729 1139 Boronibus....
1756 1109 1796 1139 de
1824 1109 1925 1139 domo
1944 1118 2019 1146 una,

203 1169 341 1205 murata,
366 1170 487 1208 cupata
514 1170 544 1199 et
570 1168 738 1205 solariata,
764 1178 837 1199 cum
864 1170 1004 1199 cameris
1030 1170 1174 1207 duabus,
1200 1170 1417 1206 columbaria,
1444 1170 1606 1201 torculare
1639 1179 1712 1201 cum
1751 1171 1823 1201 eius
1849 1171 1967 1201 arbore
1992 1173 2022 1201 et

201 1230 276 1261 aliis
302 1231 373 1261 suis
400 1231 601 1262 utensilibus
628 1232 838 1269 necessariis,
865 1233 943 1263 tinis
958 1233 1106 1272 quinque
1121 1235 1151 1263 et
1166 1235 1212 1263 tot
1227 1233 1368 1264 vasibus
1386 1235 1497 1264 tenute
1516 1233 1705 1264 brentarum
1733 1233 2022 1274 quinquaginta...

203 1293 266 1324 sita
292 1293 323 1324 in
349 1295 433 1324 terra
460 1292 622 1325 Stradelle
648 1294 688 1324 de
715 1294 797 1325 ultra
825 1293 951 1325 Padum
980 1294 1205 1334 Episcopatus
1232 1294 1334 1335 Papie
1340 1321 1389 1326 .....
1417 1304 1479 1335 pso
1498 1295 1574 1326 ficto
1593 1295 1750 1326 librarum
1778 1296 2021 1337 quinquaginta

203 1355 424 1395 imperialium
452 1356 587 1396 singulo
612 1364 712 1387 anno.

887 1513 1324 1553 CDLXXXVIII.

294 1622 345 1649 La
371 1621 557 1650 Comunita
583 1621 618 1649 di
645 1622 679 1650 S.
707 1622 881 1657 Agostino
919 1622 1066 1650 rinnova
1104 1622 1124 1649 l'
1143 1621 1351 1650 investitura
1389 1622 1444 1650 dei
1481 1622 1560 1650 beni
1599 1623 1634 1651 di
1672 1622 1850 1658 Filighera
1877 1623 1910 1651 al
1936 1624 2018 1652 nob.

207 1675 376 1711 Gregorio
401 1674 613 1710 Mangiaria.

846 1772 1001 1803 1483‚
1034 1772 1272 1802 ottol)re‚
1306 1773 1379 1796 21.

735 1859 812 1883 (Archi
829 1859 909 1880 Notari
926 1859 948 1879 di
965 1859 1034 1880 Pavin
1052 1870 1074 1873 —
1091 1859 1138 1880 Atti
1155 1859 1176 1879 di
1194 1860 1314 1880 Leonardo
1338 1859 1450 1880 ssuscaliv,

441 2017 443 2040 l

220 2042 221 2109 Ξ
302 2046 350 2161 Ι
448 2062 471 2088 Ν
496 2058 642 2089 claustro
662 2058 854 2089 monasterii
873 2058 1012 2089 ecclesie
1031 2058 1135 2089 sancti
1156 2057 1346 2098 Augustini,
1366 2056 1479 2097 Papie.
1508 2057 1699 2089 Renovacio
1727 2058 1922 2088 investiture
1948 2066 2021 2097 per-

220 2115 221 2144 1

220 2147 221 2154 ,
470 2123 567 2162 petue
592 2121 679 2152 tacta
706 2130 763 2161 per
789 2121 992 2152 reverendos
1018 2122 1129 2160 patres
1155 2120 1327 2150 dominum
1366 2119 1560 2159 magistrum
1588 2118 1767 2150 Iohannem
1796 2119 1951 2150 iacobum
1978 2119 2018 2150 de

220 2157 234 2222 ἳ-
440 2165 441 2168 ¹
469 2182 636 2223 Campixe
662 2183 816 2223 priorem,
842 2183 1013 2213 dominum
1034 2183 1228 2223 magistrum
1248 2182 1493 2213 Bertolameum
1513 2181 1552 2212 de
1572 2181 1739 2219 Fazardis‚
1759 2182 1931 2212 dominum
1951 2190 2019 2212 ma-

202 2249 341 2289 gistrum
368 2246 554 2287 Baptistam
581 2246 621 2276 de
648 2245 775 2278 Roxate
801 2245 966 2276 sindicum
992 2253 1029 2275 ac
1056 2244 1265 2275 venerabiles
1291 2244 1447 2275 dominos
1472 2243 1590 2275 fratres
1616 2243 1860 2275 Bertolameum
1880 2244 1920 2274 de
1939 2243 2020 2275 Var-

203 2311 319 2341 macha
346 2310 511 2346 lectorem,
538 2308 763 2349 Augustinum
790 2307 830 2338 de
856 2306 1079 2347 Carmagnola
1106 2307 1327 2346 subpriorem,
1354 2305 1522 2336 Donatum
1550 2306 1589 2336 de
1615 2304 1743 2343 Cumis,
1771 2305 1949 2336 iohannem
1977 2306 2017 2336 de

203 2373 325 2410 Tricio,
362 2370 560 2404 Silvestrum
587 2370 627 2401 de
654 2369 770 2410 Papia,
807 2369 993 2410 Baptistam
1031 2369 1071 2400 de
1106 2369 1295 2406 Modoecia,
1333 2368 1497 2399 Thomam
1525 2368 1565 2399 de
1592 2368 1799 2405 Mediolano,
1837 2367 2015 2399 iohannem

202 2434 371 2467 Guillelmi
398 2434 438 2465 de
466 2433 613 2469 Francia,
640 2431 823 2472 Georgium
850 2432 890 2462 de
916 2431 1075 2467 Novaria,
1102 2430 1345 2461 Bertolameum
1373 2430 1413 2461 de
1440 2429 1566 2467 Padua,
1605 2430 1836 2460 Ludoviclium
1876 2430 1915 2460 de
1943 2439 2019 2470 pro-

202 2498 311 2529 vincia
337 2495 470 2534 Svevie‚
508 2495 687 2526 iohannem
726 2495 866 2525 Mariam
905 2494 945 2524 de
983 2493 1131 2529 Astolfis,
1170 2492 1323 2533 Egiclium
1351 2492 1391 2523 de
1417 2491 1567 2530 Silvano,
1601 2492 1780 2523 Iohannem
1808 2492 1848 2523 de
1874 2490 2016 2527 Sanctis.

201 2559 383 2592 Stetfanum
409 2559 450 2590 de
475 2557 689 2599 Cigugnolla‚
727 2557 962 2588 Baldassarem
1000 2556 1040 2587 de
1074 2555 1235 2596 BugieHa,
1274 2554 1490 2586 Benedictum
1528 2555 1568 2585 de
1606 2554 1722 2595 Papia,
1759 2553 1949 2586 Gabrielem
1977 2554 2017 2585 de

203 2621 370 2653 Placentia
396 2624 427 2652 et
453 2621 633 2652 Martinum
660 2620 700 2651 de
727 2619 877 2659 Bugiella
883 2644 932 2649 .....
970 2618 1130 2649 facientes
1167 2617 1346 2657 plusquam
1384 2617 1469 2648 duas
1495 2619 1607 2657 partes
1632 2625 1673 2648 ex
1700 2616 1807 2648 tribus
1832 2616 1940 2647 tocius
1965 2625 2019 2647 ca-

202 2684 296 2725 pituli
323 2692 381 2715 seu
407 2685 594 2714 conventus
620 2682 811 2713 monasterii
839 2681 943 2712 sancti
971 2679 1149 2720 Augustini
1177 2678 1279 2719 papie
1285 2704 1345 2710 ......
1373 2679 1403 2710 in
1430 2679 1575 2710 nobilem
1603 2679 1708 2709 virum
1736 2678 1908 2709 dominum
1936 2677 2018 2710 Gre-

201 2746 331 2787 gorium
358 2745 398 2776 de
424 2745 634 2785 Mangiariis,
671 2744 773 2775 filium
812 2743 982 2783 quondam
1021 2742 1146 2772 domini
1175 2741 1325 2772 leronimi
1332 2767 1381 2772 .....
1419 2741 1459 2772 (16
1496 2741 1654 2772 omnibus
1679 2743 1709 2771 et
1736 2740 1879 2781 singulis
1906 2740 2015 2775 bonis,

200 2809 304 2846 terris,
331 2808 449 2845 vineis,
476 2807 590 2847 pratis,
617 2806 755 2837 boschis
780 2808 839 2837 etc.
860 2806 890 2836 in
910 2805 983 2836 loco
1001 2807 1031 2835 et
1050 2804 1213 2835 territorio
1240 2802 1382 2834 Abiatici
1409 2812 1467 2834 seu
1496 2803 1662 2844 Felegarie
1680 2800 1774 2842 (1)....
1806 2812 1865 2842 pro
1894 2802 2014 2833 ficto...

199 2870 400 2901 florenorum
427 2869 697 2910 vigintiquinque
702 2894 752 2900 .....
779 2869 810 2899 in
836 2867 923 2899 festo
950 2867 1054 2898 sancti
1083 2866 1216 2897 Martini
1223 2891 1272 2897 .....
1299 2865 1477 2897 cuiuslibet
1503 2866 1591 2896 anni.

257 3027 288 3049 (11
306 3025 363 3046 Vedi
379 3025 393 3046 il
409 3025 549 3046 documento
564 3025 600 3046 del
616 3024 628 3045 2
643 3024 759 3045 dicembre
777 3024 834 3045 1473.
