2347 3444
333 191 394 223 192

328 325 406 364 quia
434 334 497 355 non
526 325 730 361 dubitamus,
758 325 836 364 quin
864 334 964 365 opera
991 328 1020 355 et
1046 333 1122 355 cura
1150 328 1270 357 vestra,
1296 321 1524 353 controversia
1563 321 1635 360 ipsa
1670 321 1851 357 dirimatur,
1877 323 1906 351 ct
1933 323 2043 360 partes
2070 320 2140 360 ipse

325 387 366 417 ad
394 387 514 417 bonam
541 387 754 418 concordiam
781 391 809 417 et
837 387 980 426 quietem
1009 386 1216 419 inducantur,
1255 385 1294 414 de
1320 383 1499 414 earundem
1538 383 1679 422 partium
1718 390 1775 412 seu
1813 382 1980 421 agentium
2009 391 2067 421 pro
2093 382 2142 412 eis

327 449 507 484 voluntate,
536 450 597 479 lioc
623 458 709 479 onus
737 449 974 488 iniungendum
1004 448 1101 478 vonis
1128 447 1308 477 duximus:
1337 454 1398 475 vos
1424 447 1601 475 onerantes
1627 444 1717 483 quod
1737 444 1882 474 audiatis
1901 446 1929 474 ei
1951 444 2142 483 intelligatis

325 515 435 551 partes
462 511 628 551 predictas
654 520 710 541 seu
738 515 875 550 agentes
903 519 960 549 pro
987 510 1035 540 eis
1061 513 1090 539 et
1119 508 1261 539 videatis
1286 511 1316 538 ct
1342 507 1556 547 cognoscatis
1584 506 1652 536 iura
1679 514 1739 536 sua
1765 506 1806 536 ad
1834 506 1917 536 lianc
1952 515 2017 536 rem
2045 506 2143 545 perti-

323 573 442 607 nentia,
470 583 533 612 que
561 573 658 603 vobis
686 581 741 612 per
768 575 878 611 partss
904 571 1054 601 exhiberi
1082 570 1220 600 iacietis.
1248 568 1541 608 Transferatisqne
1568 577 1630 599 vos
1657 576 1756 608 super
1776 568 1883 598 locum
1904 568 2085 598 differentie
2111 571 2141 599 ct

324 635 365 665 ibi
393 636 574 665 assinnatis
601 634 852 664 informationes
878 633 1097 672 expedientes
1123 641 1159 663 ac
1187 632 1386 663 summarias
1411 640 1428 662 a
1456 631 1610 671 personis
1630 631 1800 661 instructis
1825 639 1862 661 ac
1890 630 2076 661 informatis
2101 631 2141 661 de

323 697 421 727 boni-s
448 697 615 737 pse-dictis,
643 705 701 736 pro
729 696 852 735 quibus
880 695 919 725 lis
947 695 1093 731 vertitur,
1119 696 1149 725 et
1176 694 1308 724 demum
1347 702 1379 724 re
1417 693 1523 724 oculis
1562 693 1711 724 subiecta
1739 701 1775 724 ac
1803 693 1885 723 visis
1911 695 1940 723 et
1968 692 2142 723 intellectis

323 759 449 789 iuribus
475 765 503 789 et
531 759 674 798 sumptis
711 758 980 797 quilmscumque
1019 756 1324 792 informationilms,
1349 756 1391 787 ad
1418 756 1633 796 aperiendam
1673 756 1772 786 liuius
1798 755 1841 786 rei
1870 755 2039 786 veritatem
2067 763 2143 795 spe-

320 821 497 854 crantibus*v
524 820 704 859 affligimus
742 819 862 849 deind:
901 819 1030 858 utrique
1069 819 1210 858 partium
1250 819 1471 858 predictarum
1511 818 1598 848 bona
1636 817 1699 848 sibi
1739 817 1848 848 debite
1875 817 2071 857 spectantia,
2100 817 2141 848 ita

323 884 411 923 quoti
439 883 577 922 quilibet
604 882 685 912 sciat
711 885 740 912 et
769 881 927 921 intelligat
955 884 1079 921 partem
1106 884 1136 911 et
1163 881 1354 921 porcionem
1382 880 1546 911 eiusmodi
1575 880 1737 910 bonorum
1764 883 1794 911 et
1820 882 1979 920 appareat
1999 888 2140 919 quenam

321 946 384 975 sint
413 946 431 973 11
450 954 510 977 ›21:1,
537 954 576 974 ex
606 944 703 974 bonis
730 943 899 983 predictis,
926 943 1110 983 spectantia
1137 943 1276 974 ecclesie
1303 943 1448 983 predicte
1475 943 1579 973 sancti
1608 941 1754 979 Antonii,
1781 945 1811 973 et
1838 952 1901 982 que
1927 942 1992 972 sint
2027 942 2143 982 liospi-

322 1008 396 1038 talis
425 1007 560 1046 predicti
600 1007 703 1037 sancti
744 1006 869 1037 Matliei
887 1017 892 1043 3
921 1015 1061 1045 quorum
1083 1006 1245 1036 bonorum
1265 1006 1412 1036 omnium
1434 1005 1686 1045 possessionem
1707 1005 1737 1035 in
1758 1013 1819 1035 vos
1837 1005 1977 1044 capietis
1995 1013 2031 1035 ac
2052 1004 2139 1035 illam

321 1070 474 1100 tenebitis
502 1069 634 1099 nomine
660 1069 732 1099 eius
759 1069 831 1099 sive
857 1077 982 1104 eorum,
1009 1069 1059 1099 cui
1087 1077 1144 1099 seu
1172 1068 1296 1108 quibus
1323 1068 1363 1098 de
1391 1068 1458 1098 iure
1485 1068 1696 1108 spectaverit,
1722 1068 1828 1098 donec
1856 1067 2036 1107 predictam
2057 1068 2143 1099 assi-

320 1132 510 1171 gnationem
537 1134 566 1161 et
594 1131 851 1161 declarationem
892 1134 1035 1161 vestram
1074 1130 1228 1161 feceritis.
1267 1130 1336 1161 Vos
1374 1139 1452 1161 vero
1490 1138 1668 1161 oneramus
1694 1130 1785 1169 quod
1813 1130 1887 1160 111110
1913 1129 2141 1160 controversie

321 1194 416 1224 tinem
444 1194 485 1224 ati
513 1193 640 1224 tardius
669 1194 837 1233 imponere
865 1193 1028 1223 studeatis
1055 1193 1129 1223 111110
1155 1193 1196 1223 ad
1225 1202 1371 1223 mensem
1401 1201 1500 1223 unum
1527 1202 1600 1223 cum
1627 1192 1788 1229 dimidio;
1825 1192 2039 1232 exp-:diendo
2065 1200 2137 1222 eam

318 1256 507 1291 summarie,
534 1256 728 1295 simpliciter
754 1258 784 1286 et
810 1255 850 1286 de
877 1255 988 1295 plano,
1027 1256 1098 1286 sine
1136 1256 1275 1295 strepitu
1303 1258 1334 1286 et
1360 1255 1464 1296 figura
1503 1255 1627 1292 iudicii,
1664 1264 1701 1286 ac
1727 1258 1854 1286 remoto
1893 1255 2026 1295 penitus
2051 1255 2140 1285 omni

320 1318 450 1358 littigio.
478 1317 551 1349 Dat.
580 1318 766 1358 Viglcvani,
794 1318 846 1349 die
874 1317 922 1348 llll
949 1318 1075 1358 aprilis,
1106 1318 1198 1355 1474,
1225 1316 1363 1350 Ciclius.

408 1380 433 1411 A
462 1382 576 1419 tergo:
604 1380 861 1411 Venerabilibus
888 1380 1017 1411 dilectis
1044 1381 1168 1411 nostris
1194 1380 1332 1411 domino
1358 1379 1462 1410 Priori
1501 1380 1698 1411 Monasterii
1736 1380 1840 1411 sancti
1869 1378 1962 1410 Pauli
2002 1378 2141 1411 Ordinis

320 1443 559 1474 Heremitarum
586 1443 731 1474 civitatis
757 1445 868 1474 nostre
896 1442 1009 1483 Papie,
1036 1451 1094 1474 nec
1121 1452 1185 1473 non
1212 1442 1301 1474 fratri
1330 1441 1494 1474 Damiano
1522 1442 1674 1474 lanuensi
1709 1441 1847 1474 Ordinis
1874 1442 2052 1473 Nlinorum.

409 1548 698 1587 MCCCCLXXV,
727 1550 906 1580 indictione
933 1549 1011 1587 Vlll,
1038 1550 1090 1580 die
1117 1552 1237 1581 octavo
1258 1550 1382 1580 mensis
1400 1549 1526 1589 aprilis,
1547 1550 1627 1580 liora
1646 1558 1742 1580 none.
1763 1548 1794 1580 ln
1814 1549 2017 1580 monasterio
2035 1548 2140 1579 sancti

320 1611 413 1642 Pauli
441 1610 579 1643 Ordinis
605 1611 741 1642 fratrum
769 1611 1010 1642 Heremitarum
1037 1612 1141 1643 sancti
1170 1611 1347 1652 Augustini
1376 1611 1415 1642 de
1442 1611 1664 1642 observancia
1690 1614 1720 1642 et
1747 1611 1777 1642 in
1806 1611 1878 1642 loco
1898 1611 1952 1641 ubi
1973 1610 2141 1642 laboratur

320 1674 360 1705 de
387 1675 530 1714 presenti
558 1683 618 1714 pro
655 1674 764 1705 fienda
801 1674 929 1714 capella
967 1683 1087 1715 magna
1124 1674 1262 1705 ecclesie
1301 1674 1409 1714 ipsius
1446 1674 1683 1705 monasterii...
1710 1673 1870 1714 producte
1896 1675 1927 1704 et
1953 1675 2141 1713 presentate

321 1736 453 1767 fuerunt
479 1737 706 1777 suprascripte
733 1737 837 1767 littere
863 1736 1000 1768 ducales
1025 1736 1138 1767 clause
1164 1738 1195 1767 et
1220 1736 1364 1777 sigillate
1390 1736 1502 1777 sigillo
1528 1736 1648 1773 ducali,
1667 1738 1716 1767 etc
1722 1761 1794 1767 .......
1820 1735 1884 1773 Qui
1905 1736 2030 1766 domini
2051 1734 2144 1766 Prior

320 1802 351 1830 et
376 1798 475 1830 frater
502 1798 688 1831 Damianus
714 1800 808 1840 ipsas
834 1799 959 1831 litteras
985 1809 1058 1831 cum
1085 1808 1122 1830 ea
1149 1808 1214 1839 qua
1241 1800 1351 1830 decuit
1388 1799 1577 1830 reverencia
1615 1801 1830 1839 sumpserunt
1856 1799 2017 1839 ipsasque
2041 1807 2145 1839 appe-

321 1864 455 1893 ruerunt
481 1864 511 1893 et
538 1862 600 1903 legi
627 1861 775 1893 fecerunt
800 1864 831 1893 et
858 1862 942 1903 ipsis
968 1862 1060 1893 lectis
1086 1864 1117 1893 et
1143 1861 1318 1893 intellectis
1344 1862 1535 1893 obtulerunt
1561 1870 1596 1892 se
1623 1863 1759 1902 paratos
1785 1863 1954 1901 tamquam
1981 1861 2037 1892 filii
2064 1861 2144 1892 obe-

324 1924 452 1955 diencie
478 1923 585 1955 facere
611 1924 777 1964 quidquid
804 1925 835 1955 in
862 1925 911 1955 eis
936 1925 1123 1955 continetur
1149 1925 1241 1955 iuxta
1267 1933 1380 1955 eorum
1408 1932 1520 1965 posse.

1118 2097 1368 2138 CCCXCI.

415 2207 482 2235 Per
509 2206 532 2234 il
558 2211 769 2243 pagamento
795 2206 830 2235 di
856 2216 900 2235 un
926 2207 1042 2243 legato
1067 2207 1337 2236 testamentario
1363 2207 1433 2236 alla
1459 2207 1589 2236 Chiesa
1615 2207 1649 2236 di
1676 2207 1711 2236 S.
1739 2207 1919 2238 Mostiola.

972 2329 1127 2361 1476,
1156 2330 1392 2362 git1g1109
1422 2329 1498 2355 13.

884 2427 961 2451 [Arcu.
979 2427 1085 2448 Notat-ui
1103 2427 1174 2448 Pavia
1189 2438 1214 2441 -—-
1229 2427 1278 2448 Atti
1294 2427 1315 2448 di
1333 2427 1453 2448 Leonardo
1469 2426 1581 2452 Buscati).

431 2610 478 2725 Ι
574 2629 596 2654 Ν
621 2633 700 2655 casa
726 2624 761 2655 cii
784 2624 926 2656 Antonio
962 2625 1002 2656 de
1041 2624 1156 2662 Cosso,
1194 2624 1394 2656 Parrocclria
1419 2625 1453 2656 di
1477 2624 1510 2657 S.
1539 2624 1754 2657 Colombano.
1783 2624 1979 2667 Prorogatio
2013 2627 2141 2658 termini

595 2686 679 2717 facta
706 2695 763 2726 per
790 2687 1013 2718 venerabilem
1053 2688 1159 2718 virum
1197 2688 1369 2718 dominum
1407 2687 1540 2718 fratrem
1568 2686 1699 2718 Petrum
1726 2687 1766 2718 de
1792 2686 1909 2720 Calvis
1935 2689 2076 2729 priorem
2102 2697 2140 2720 ac

594 2749 793 2779 sindicum...
819 2751 1006 2780 conventus
1032 2749 1171 2780 ecclesie
1197 2751 1311 2781 sancte
1338 2749 1497 2781 Mustiole
1524 2748 1671 2789 Papie....
1698 2749 1753 2788 qui
1781 2752 1938 2791 prorogat
1943 2775 1992 2781 .....
2019 2748 2142 2782 Carolo

324 2811 364 2842 de
391 2809 600 2851 Campixe....
628 2811 760 2841 nomine
786 2814 815 2841 et
843 2811 913 2841 vice
940 2811 1073 2842 domine
1100 2810 1227 2842 Isabete
1254 2812 1293 2842 de
1320 2811 1473 2842 Morucio
1478 2836 1527 2842 .....
1555 2811 1727 2842 terminum
1754 2811 1796 2842 ad
1823 2812 2022 2843 solvendum
2042 2812 2143 2843 libras

325 2873 502 2904 duodecim
531 2872 730 2913 imperiales,
758 2881 817 2912 pro
844 2873 955 2903 valore
981 2875 1012 2904 et
1037 2874 1259 2904 extimacione
1285 2874 1462 2904 sacliorum
1489 2873 1637 2913 quinque
1671 2874 1882 2913 papiensium
1908 2873 2061 2906 frumenti
2088 2874 2144 2906 de-

327 2935 469 2966 bitorum
497 2935 586 2966 dicto
612 2935 803 2972 conventui,
830 2943 889 2974 pro
916 2935 1024 2975 legato
1050 2944 1211 2966 annorum
1239 2935 1387 2975 quinque
1413 2935 1526 2966 debito
1552 2935 1640 2966 dicto
1666 2936 1856 2973 conventui,
1882 2936 1923 2967 ad
1949 2938 2141 2976 computum

327 2997 418 3028 sachi
448 2997 548 3027 unius
574 2996 708 3036 singulo
733 3004 832 3033 anno,
859 2998 889 3027 et
914 2996 1081 3027 finitorum
1110 2997 1140 3027 in
1167 2996 1317 3027 calendis
1343 2995 1483 3037 Augusti
1511 2997 1587 3027 anni
1615 2997 1766 3036 proxime
1793 2998 1947 3037 preteriti,
1967 2998 2080 3039 vigore
2099 2998 2143 3029 le-

327 3059 392 3099 gati
419 3058 504 3089 alias
529 3057 606 3089 facti
634 3057 722 3089 dicto
748 3058 926 3089 conventui
954 3067 1011 3098 per
1037 3057 1206 3097 quondam
1245 3057 1413 3089 dominam
1452 3057 1668 3089 lohanninam
1695 3059 1735 3090 de
1762 3058 1856 3090 Petra
1883 3060 1914 3090 in
1940 3068 2002 3091 suo
2029 3059 2144 3090 ultimo
