2347 3444
317 217 381 249 316

401 351 498 382 Nello
523 352 629 382 stesso
655 351 754 391 luogo
780 360 796 382 e
821 351 929 382 subito
955 351 1052 391 dopo,
1079 351 1299 391 suprascripti
1320 351 1479 383 dominus
1495 350 1599 389 Prior,
1615 353 1774 384 dominus
1793 354 1951 393 magister
1969 353 2134 385 lohannes

313 414 353 444 de
380 416 496 445 sancto
523 413 663 454 Angelo‚
691 413 849 445 dominus
876 414 1034 454 magister
1060 413 1228 444 Antonius
1255 413 1295 444 de
1322 413 1393 449 Ast,
1434 414 1591 455 magister
1618 414 1783 446 lo'iannes
1810 414 2065 447 Bertholameus
2093 416 2134 447 de

314 476 495 507 Valniacha
522 485 652 517 regens,
679 485 771 507 sacre
799 476 966 515 theologie
994 476 1155 515 magistri:
1182 476 1340 506 dominus
1366 475 1465 507 trater
1492 475 1644 507 Andreas
1663 477 1703 508 de
1723 477 1919 508 Mediolano
1935 478 2134 515 bacalarius,

313 539 472 569 dominus
498 538 597 570 frater
623 538 879 569 Bertholameus
905 538 945 568 de
971 536 1158 569 Castelatio
1197 538 1353 573 biblicus,
1391 538 1550 569 dominus
1587 538 1686 570 trater
1724 539 1853 580 Filipus
1886 540 1927 571 de
1960 540 2134 572 Vincentia

314 602 424 637 lector,
451 601 550 632 trater
578 600 703 632 Paulus
730 602 769 632 de
797 600 925 631 Putheo
953 601 1104 635 sacrista,
1131 600 1230 631 trater
1257 599 1414 631 Didimus
1453 600 1585 642 Brayda
1624 602 1781 639 vicarius,
1818 602 1918 633 frater
1955 602 2134 635 Zacharias

313 664 353 695 de
381 664 577 695 Mediolano
605 664 762 703 magister
789 663 1005 697 studentium,
1032 662 1132 693 frater
1158 662 1310 693 Thomas
1337 663 1376 694 de
1403 661 1521 695 Cicilia
1547 672 1674 700 cursor,
1701 663 1800 695 trater
1820 664 1978 696 Matheus
1996 665 2036 696 de
2056 665 2133 696 Ala-

315 728 422 757 mania
449 736 575 760 cursor,
602 726 701 757 trater
728 725 892 756 lohannes
919 725 958 755 de
985 724 1108 759 Trizio,
1135 724 1235 756 trater
1265 724 1426 757 Silvester
1444 726 1484 756 de
1504 724 1620 766 Papia,
1639 726 1738 757 trater
1756 725 1941 767 Gregorius
1960 727 2000 758 de
2020 726 2135 768 Papia,

314 789 413 820 irater
439 788 564 819 Paulus
591 789 630 819 de
659 787 772 828 Papia.
801 787 900 818 trater
926 786 1168 827 Simplicianus
1194 788 1234 818 de
1262 787 1511 823 Monteortono,
1550 787 1649 819 trater
1684 788 1879 820 Leonardus
1906 789 1946 820 de
1973 789 2134 826 Marchia‚

315 851 413 882 trater
450 851 599 891 Angelus
637 851 676 881 de
716 850 785 886 Ast,
823 849 922 881 frater
961 850 1119 881 Matheus
1157 850 1198 880 de
1236 849 1423 887 Alamania‚
1462 850 1561 881 frater
1600 851 1745 882 Lazarus
1771 851 1811 882 de
1838 851 1998 888 Novaria,
2035 851 2135 883 frater

315 914 474 944 Marchus
501 914 540 944 de
568 912 693 947 Padua.
720 912 819 943 frater
846 912 1012 943 lohannes
1038 912 1078 943 de
1105 911 1263 948 Turonis,
1290 912 1390 943 frater
1416 912 1584 943 Antonius
1610 913 1650 944 de
1678 913 1805 951 Monte,
1832 913 1931 945 frater
1951 913 2076 945 Paulus
2095 914 2135 945 de

312 976 381 1009 Ast.
409 976 507 1006 trater
534 975 732 1006 Laurentius
759 975 798 1005 de
827 974 1034 1009 Mediolano,
1061 974 1161 1006 trater
1188 974 1306 1006 Petrus
1333 975 1373 1006 de
1399 974 1626 1012 Castronovo,
1653 975 1753 1007 trater
1779 975 1925 1016 Spiritus
1944 976 1984 1007 de
2004 976 2137 1008 Medio-

313 1040 433 1069 lano...
460 1037 621 1069 facientes
646 1037 713 1068 tere
740 1040 845 1068 totum
872 1037 1102 1078 capitulum...
1128 1037 1238 1068 cicinno
1264 1038 1453 1069 itzvestitura
1475 1040 1634 1078 perpetua
1660 1047 1680 1069 a
1708 1037 1869 1070 GIacomo
1895 1038 1938 1069 da
1966 1037 2130 1078 Chignolo

312 1101 365 1131 dcl
381 1100 489 1140 fondo
516 1100 558 1131 dci
585 1100 631 1131 lui
657 1100 794 1131 venduto
821 1099 855 1130 al
878 1101 1076 1133 monastero,
1098 1108 1160 1140 per
1181 1099 1205 1131 il
1228 1108 1326 1131 censo
1352 1108 1461 1131 ιιηηιιο
1487 1100 1521 1131 cii
1548 1101 1589 1131 12
1610 1100 1724 1132 sacelli
1748 1101 1783 1132 rii
1799 1100 1976 1141 frumento.

1107 1274 1343 1314 DLXIX.

400 1386 500 1413 Frate
525 1384 691 1421 Agostino
717 1385 758 1413 da
782 1384 920 1419 Milano,
948 1384 1065 1413 Priore
1091 1383 1123 1413 di
1148 1385 1180 1413 S.
1208 1385 1322 1418 Paolo,
1348 1383 1460 1413 riceve
1485 1383 1507 1412 il
1531 1388 1735 1420 pagamento
1761 1383 1794 1412 di
1819 1393 1863 1413 un
1887 1383 2007 1413 affitto.

934 1490 1088 1521 1492,
1117 1489 1435 1521 (lieen1bre,
1465 1489 1543 1514 19.

818 1632 894 1653 (Arch.
913 1632 992 1652 Notar.
1019 1632 1040 1652 di
1058 1631 1127 1652 Pavia
1144 1643 1168 1646 —
1184 1632 1231 1652 Atti
1249 1632 1270 1652 di
1287 1631 1400 1653 Oiovanni
1418 1631 1496 1652 Pietro
1511 1631 1632 1656 lmodelli).

418 1816 462 1931 I
560 1833 582 1859 Ν
608 1829 760 1860 sacristia
799 1829 991 1859 monasterii
1031 1829 1136 1860 sancti
1164 1827 1271 1866 Pauli,
1308 1827 1448 1860 Ordinis
1474 1828 1715 1860 l-leremitarurn
1757 1829 1862 1860 sancti
1890 1827 2069 1869 Augustini
2096 1828 2137 1859 de

581 1890 825 1929 Obssrvancia,
851 1892 904 1923 siti
931 1894 1025 1922 extra
1051 1894 1082 1922 et
1108 1900 1212 1932 prope
1239 1890 1616 1932 PapiamVenerahilis
1632 1891 1790 1923 dominus
1808 1890 1909 1922 frater
1926 1890 2137 1932 Augustinus

514 1990 544 1991 j
580 1955 620 1985 de
648 1954 855 1991 Mediolano,
882 1953 942 1985 Dei
969 1955 1075 1995 gratia
1103 1953 1197 1985 Prior
1223 1955 1442 1995 suprascripti
1470 1954 1663 1985 monasterii
1690 1954 1795 1985 sancti
1819 1952 1947 1984 Pauli...
1965 1954 2068 1984 ricei’e
2093 1953 2136 1984 da

312 2017 474 2050 Giacomo
501 2016 627 2049 Solet-1¹0
653 2017 741 2048 soldl
769 2018 810 2048 12
828 2026 890 2057 per
912 2016 1020 2057 affitto
1046 2017 1134 2048 ιίἰιη
1160 2026 1246 2048 anno
1273 2017 1307 2048 cli
1330 2025 1396 2048 una
1423 2017 1522 2056 vIgna
1543 2025 1658 2057 presso
1685 2016 1708 2047 il
1731 2018 1927 2047 monastero.

1117 2192 1326 2231 DLXX.

399 2304 499 2331 Frate
524 2303 742 2331 Bartolomeo
767 2301 900 2331 Ferrari
925 2302 966 2330 da
991 2302 1204 2330 Castellazzo
1229 2310 1389 2338 competa
1413 2300 1523 2329 alcuni
1548 2299 1625 2329 beni
1650 2299 1682 2328 in
1707 2299 1928 2335 Bassignana.

906 2416 1062 2446 14ξ)2,
1094 2415 1423 2446 (lloe1111)re‚
1452 2414 1543 2439 30.

825 2504 895 2528 (Arch
921 2504 1001 2524 Notar,
1019 2504 1040 2524 di
1058 2503 1128 2524 Pavia
1145 2515 1169 2517 —
1186 2504 1234 2524 Atti
1251 2503 1272 2524 di
1290 2503 1347 2525 Gian
1363 2504 1476 2524 Giacomo
1491 2502 1622 2524 Caiievari‘.

383 2690 504 2805 N
559 2709 648 2734 ELLA
675 2712 754 2734 casa
781 2703 834 2734 del
857 2703 991 2741 Notai'o,
1017 2703 1049 2734 in
1074 2702 1273 2734 Parrocclzia
1298 2702 1333 2733 di
1357 2700 1389 2733 S.
1416 2701 1514 2732 Zeno.
1542 2700 1676 2731 Nobilis
1692 2700 1741 2730 vir
1757 2699 1899 2740 lacopus
1925 2700 1966 2731 de
1993 2699 2131 2731 Viceco-

582 2766 729 2802 mitibus,
756 2766 845 2796 tilius
860 2765 1031 2805 quondam
1051 2765 1178 2796 domini
1198 2763 1371 2805 Stephani,
1391 2764 1559 2795 habitator
1577 2765 1659 2794 terre
1678 2762 1899 2803 Bassignane,
1919 2771 1981 2794 suo
1996 2763 2133 2803 proprio

527 2864 539 2865 W
581 2829 714 2858 nomine
740 2830 770 2858 et
797 2828 931 2858 nomine
957 2830 987 2858 et
1013 2828 1085 2858 vice
1112 2827 1281 2867 Henrigeti
1308 2827 1348 2858 de
1375 2826 1638 2858 vicecomitibus
1663 2826 1736 2857 eius
1761 2825 1905 2857 fratris...
1932 2834 1992 2865 pro
2022 2825 2134 2865 precio

311 2894 341 2922 et
369 2895 547 2922 mercato...
574 2891 775 2921 florenorum
804 2893 984 2921 tercentum
1012 2890 1190 2921 duodecim
1217 2898 1290 2921 cum
1318 2889 1491 2920 dimidio...
1518 2888 1679 2923 vendidit,
1700 2888 1846 2925 tradidit,
1877 2887 1968 2918 dedit
1986 2890 2016 2918 et
2035 2887 2131 2927 quasi

312 2963 349 2984 ac
376 2953 502 2989 vendit,
529 2953 627 2984 tradit
654 2955 684 2983 et
711 2953 767 2983 dat
792 2955 823 2983 et
849 2953 945 2991 quasi
974 2952 1156 2983 venerabili
1185 2952 1323 2982 domino
1348 2951 1439 2982 tratri
1478 2950 1688 2981 Bertolameo
1715 2950 1755 2980 de
1782 2949 1924 2981 Ferasiis
1950 2949 1990 2980 de
2016 2948 2134 2981 Caste-

313 3016 398 3046 lacio
424 3015 514 3046 tratri
543 3015 699 3055 professo
726 3015 918 3046 monasterii
945 3017 976 3045 et
1001 3017 1190 3045 conventus
1216 3014 1321 3045 sancti
1356 3013 1534 3053 Augustini
1574 3011 1688 3052 Papio,
1714 3011 1853 3043 Ordinis
1891 3011 2131 3043 Heremitarum

311 3078 462 3109 eiusdem
490 3078 607 3113 sancti,
635 3078 678 3108 ibi
708 3078 865 3117 presenti,
892 3077 1065 3117 stipulanti
1093 3079 1123 3107 et
1149 3076 1320 3116 recipienti
1347 3084 1384 3106 ac
1409 3074 1593 3114 acquirenti
1621 3074 1661 3104 de
1688 3074 1759 3105 suis
1793 3074 1939 3114 propriis
1972 3073 2130 3111 denariis,
