2347 3444
319 181 380 213 100

310 316 420 345 vestre
446 322 504 354 per
530 313 719 354 apostolica
744 314 870 354 scripta
897 314 1098 346 mandamus
1135 316 1302 355 quatenus
1339 314 1482 346 eundem
1517 313 1667 346 Electum
1693 315 1922 355 suscipientes
1948 315 2071 348 devote
2097 319 2130 348 et

310 376 423 407 debita
449 376 702 407 honorificentia
729 378 986 417 prosequentes,
1013 376 1041 408 ei
1068 376 1262 408 fidelitatem
1300 376 1447 408 debitam
1474 385 1535 408 nec
1560 385 1625 408 non
1652 379 1812 408 consueta
1838 377 1976 409 servitia
2001 380 2032 410 et
2058 378 2128 409 iura

310 437 374 468 sibi
401 445 418 467 a
446 437 544 468 vobis
570 437 684 469 debita
710 437 871 469 exhibere
897 438 1024 478 integre
1050 438 1226 475 studeatis,
1252 437 1401 478 alioquin
1429 438 1627 470 sententiam
1654 439 1726 470 sive
1752 447 1886 479 penam,
1912 448 2013 480 quam
2039 439 2128 471 idem

310 498 446 531 Electus
472 499 531 530 rite
557 499 668 531 tulerit
694 508 753 531 seu
780 500 933 531 statuerit
959 500 989 531 in
1016 500 1169 538 rebelles,
1208 502 1312 531 ratam
1340 499 1541 531 habebimus
1566 502 1597 531 et
1623 500 1788 532 faciemus
1820 503 1957 533 auctore
1982 500 2128 533 Domino

310 570 418 601 usque
455 561 496 592 ad
534 561 800 593 satisfactionem
838 562 1040 602 condignam
1079 561 1319 592 inviolabiliter
1355 561 1540 592 observari.
1578 560 1652 593 Dat.
1691 561 1805 597 Rome.
1845 563 1936 603 apud
1970 561 2128 595 Sanctum

311 622 454 659 Petrum,
492 632 580 654 anno
618 623 860 655 incarnationis
897 622 1074 654 Dominice
1113 623 1290 654 millesimo
1327 623 1662 664 quadringentesimo
1687 625 1972 665 quinquagesimo
1999 627 2129 666 quarto,

310 685 489 716 undecimo
515 684 686 717 Kalendas
713 685 794 722 Iulii,
821 684 1042 716 pontificatus
1069 685 1172 715 nostri
1207 692 1295 715 anno
1320 686 1451 717 octavo.

1127 858 1314 899 CCLX.

398 977 521 1013 Legati
557 975 816 1005 testamentarii
854 975 947 1004 della
984 976 1065 1004 nob.
1104 976 1269 1004 Caterina
1305 976 1446 1005 Codeca
1483 985 1502 1005 a
1539 976 1661 1005 favore
1698 977 1733 1005 di
1766 977 1802 1006 S.
1837 977 2010 1014 Agostino
2043 986 2061 1006 e
2095 977 2130 1006 di

311 1031 346 1058 S.
367 1030 548 1059 Mostiola.

972 1124 1125 1154 1454,
1153 1124 1351 1156 lisano,
1382 1124 1467 1149 23.

809 1220 885 1245 (Arch.
903 1220 956 1242 Not.
974 1220 995 1241 di
1013 1220 1083 1242 Pavia
1099 1232 1123 1234 —
1139 1220 1187 1242 Atti
1203 1220 1225 1241 di
1242 1220 1299 1242 Gian
1316 1220 1434 1243 Lodovico
1449 1221 1626 1248 Strazzapatti)⁴

374 1407 499 1523 N
554 1425 596 1451 ΕΙ,
624 1419 790 1452 Convento
816 1419 851 1451 di
875 1418 907 1452 S.
935 1419 1118 1451 Francesco
1154 1420 1190 1451 di
1224 1419 1341 1451 Pavia.
1384 1420 1592 1452 Testamento
1628 1420 1716 1452 della
1753 1420 1877 1452 nobilis
1902 1420 2039 1452 domina
2066 1419 2132 1453 Ca-

576 1482 709 1513 stellina
736 1482 777 1513 de
802 1480 964 1513 Codeclia
990 1481 1035 1522 fq.
1063 1480 1101 1513 D.
1129 1480 1246 1513 Gabrii
1266 1484 1296 1513 et
1315 1482 1428 1514 relicta
1455 1482 1626 1522 quondam
1645 1481 1685 1514 D.
1704 1481 1793 1514 Petri
1811 1483 1852 1514 de
1871 1481 2026 1515 Girardis
2052 1483 2130 1515 olim

446 1580 490 1581 j
522 1580 540 1581 ἶ
575 1545 660 1576 civis
686 1543 835 1585 Papio...
862 1545 893 1576 [η
919 1545 972 1576 cui
995 1543 1012 1576 ἑ
1037 1544 1185 1585 disposto
1204 1544 1261 1585 fra
1288 1544 1370 1576 altro
1386 1555 1396 1576 .·
1422 1544 1501 1576 ltem
1527 1545 1620 1576 dedit
1645 1546 1677 1576 et
1703 1544 1828 1586 legavit
1853 1554 1891 1577 ac
1917 1545 1975 1577 dat
1992 1547 2024 1577 et
2043 1545 2131 1587 legat

309 1617 369 1648 pro
395 1608 505 1638 anima
532 1607 641 1647 ipsius
668 1607 803 1638 domine
829 1607 1008 1638 testatricis
1035 1604 1226 1638 Conventui
1254 1608 1370 1638 sancte
1396 1606 1571 1638 Mustiolle
1597 1606 1702 1647 Papie
1727 1607 1876 1639 florenos
1901 1609 1968 1639 tres
1973 1633 2023 1639 .....
2051 1607 2129 1639 Item

308 1670 398 1701 dedit
425 1672 455 1700 ct
482 1669 606 1710 legavit
631 1678 669 1700 ac
696 1669 752 1700 dat
778 1670 809 1700 et
836 1668 923 1709 legat
948 1668 1107 1700 tratribus
1134 1671 1164 1700 et
1191 1666 1382 1700 Conventui
1402 1669 1509 1700 sancti
1529 1667 1709 1710 Augustini
1729 1667 1833 1709 Papie
1850 1669 1997 1701 florenos
2015 1671 2125 1701 tres...

1115 1843 1329 1884 CCLXI.

395 1961 590 1998 Quietanza
617 1961 651 1990 di
678 1961 767 1989 frate
794 1960 977 1990 Gualterio
1004 1961 1113 1995 Corti‚
1142 1962 1377 1990 Procuratore
1403 1962 1439 1990 di
1466 1962 1502 1990 S.
1530 1961 1720 1998 Agostino.

965 2084 1121 2116 1454,
1147 2084 1306 2109 ottob
1312 2090 1387 2116 re,
1413 2083 1490 2108 17.

863 2180 939 2205 (Arcu.
956 2180 1037 2201 Notar.
1054 2180 1075 2201 di
1093 2180 1172 2202 Pavia.
1188 2192 1213 2195 —
1229 2181 1276 2202 Atti
1293 2181 1314 2201 di
1330 2181 1445 2207 Agostino
1461 2180 1590 2203 ssaracciiii.

547 2329 549 2350 ι

376 2365 500 2480 Ν
547 2355 644 2410 ἴ51113.
670 2378 804 2417 bottega
829 2378 883 2409 del
907 2377 1025 2410 libraso
1053 2377 1214 2410 Giacomo
1230 2378 1424 2419 Sumpsettv,
1444 2380 1475 2410 in
1493 2378 1692 2410 Parroccl11'a
1710 2379 1745 2410 di
1761 2378 1794 2411 S.
1813 2379 1857 2410 M.
1879 2378 2049 2411 Canonica
2066 2378 2130 2411 Pe-

575 2442 654 2472 rom‘.
681 2441 891 2473 Venerabilis
918 2442 1076 2473 dominus
1102 2442 1202 2474 frater
1227 2440 1445 2474 Gualterinus
1471 2442 1511 2474 de
1538 2440 1640 2474 Curte
1665 2441 1764 2473 frater
1789 2441 1941 2473 sindicus
1960 2444 1990 2473 et
2009 2450 2130 2482 procu-

356 2537 366 2538 ἶ
575 2506 682 2535 rator..
688 2529 705 2535 ..
732 2506 952 2535 conventus...
958 2505 1089 2536 .sancti
1110 2504 1288 2545 Augustini
1316 2503 1464 2545 Papio...
1484 2505 1587 2536 r1'ceve
1604 2504 1647 2535 da
1668 2503 1829 2537 Giacomo
1855 2503 1976 2536 Sacclu'
1999 2506 2129 2544 quatfro

306 2564 420 2595 sacelli
443 2538 477 2595 di
493 2564 660 2604 frumento
682 2574 744 2606 per
766 2565 873 2606 affitto
899 2566 934 2598 di
957 2575 999 2597 ιιη
1025 2575 1112 2598 αηηο
1137 2567 1172 2598 αἰ·
1195 2575 1260 2598 una
1288 2567 1387 2607 vt'gna
1412 2566 1471 2598 clze
1495 2567 1579 2598 tiene
1604 2575 1624 2598 α
1649 2567 1840 2598 investitura
1860 2568 2019 2607 perpetua
2036 2563 2097 2606 (1)

363 2720 392 2743 (la
409 2714 425 2741 15
441 2721 460 2741 la
477 2721 543 2746 vigim
561 2721 581 2741 in
598 2721 714 2742 territorio
731 2722 752 2742 di
769 2722 877 2743 Vcnezzo
894 2722 981 2748 Bellini,
998 2723 1019 2743 di
1036 2723 1071 2743 cui
1087 2724 1107 2743 nl
1124 2723 1193 2744 docu—
1249 2725 1326 2744 mento
1344 2723 1367 2744 19
1382 2723 1487 2744 febbraio
1504 2723 1562 2748 1444,
1578 2728 1590 2743 e
1605 2723 1626 2743 al
1642 2722 1693 2743 doc.
1712 2724 1718 2743 1
1736 2723 1817 2748 aprile,
1835 2722 1892 2744 1456.
