2347 3444
318 211 379 242 148

314 346 492 388 Augustini
519 347 804 387 supplicantibus,
830 356 904 379 cum
922 348 1052 378 iuribus
1077 350 1108 378 et
1135 347 1344 387 pertinentiis
1370 347 1452 383 suis,
1479 356 1540 387 pro
1566 348 1770 379 monasterio
1788 350 2024 385 construendo.
2045 358 2126 390 sup-

315 409 443 449 pressis
481 410 614 449 penitus
641 412 671 440 et
697 410 855 441 extinctis
893 409 1118 449 dependentia
1144 411 1175 440 et
1201 408 1423 445 subiectione,
1450 409 1476 439 si
1503 417 1569 448 que
1601 411 1704 445 erent,
1741 410 1782 441 ad
1821 410 1984 450 prefatum
2012 420 2127 442 mona-

314 472 450 503 sterium
476 476 591 503 sancte
617 470 796 508 Christine,
823 472 919 503 cuius
946 471 1128 502 membrum
1156 479 1232 501 esse
1259 470 1433 510 dicebatur
1450 468 1510 509 (l).
1539 470 1635 503 Unde
1661 474 1692 503 et
1719 472 1864 504 iamdicti
1892 472 2021 510 fratres,
2053 482 2127 505 cor-

314 534 419 574 porali
447 535 666 574 possessione
692 536 841 574 accepta,
869 533 1021 573 plurimis
1048 533 1110 563 iam
1137 532 1260 563 diebus
1285 534 1447 563 steterunt
1473 541 1511 564 ac
1537 533 1568 564 in
1595 534 1838 573 presentiarum
1857 535 2052 574 persistunt,
2077 535 2128 566 di-

314 597 401 628 vinis
428 597 548 628 ibidem
577 599 737 627 vacantes
763 596 895 631 officiis,
923 596 966 626 ita
992 595 1082 635 quod
1110 596 1177 625 tota
1205 597 1317 626 nostra
1345 595 1404 626 hec
1432 595 1553 626 civitas
1579 596 1808 636 maximopere
1834 597 1968 637 gaudet,
1987 606 2127 629 concur-

314 663 403 690 rente
431 659 532 690 multo
559 668 646 689 nunc
673 657 800 698 populo
826 657 866 688 ad
895 657 1119 688 visitationem
1147 656 1234 688 dicte
1260 657 1403 688 ecclesie
1421 654 1482 696 (2),
1509 666 1574 698 que
1600 660 1698 690 antea
1723 658 1884 690 derelicta
1910 661 1941 690 et
1967 660 2125 691 destituta

313 724 345 752 et
371 722 466 761 quasi
495 721 665 760 quoddam
693 720 733 750 ad
762 719 984 759 perpetranda
1023 719 1150 750 scelera
1187 719 1410 751 diversorium
1449 720 1646 751 habebatur.
1673 719 1806 758 Verum,
1834 720 2127 754 Reverendissime

314 782 456 814 Domine
482 782 635 818 Domine,
662 790 737 813 cum
764 781 912 820 quidam,
950 781 1006 821 qui
1034 789 1069 812 se
1096 783 1332 821 procuratores
1369 784 1525 813 asserunt
1559 781 1853 815 Reverendissime
1879 782 2126 815 Dominationis

314 845 441 878 Vestro,
469 844 638 884 predictos
664 842 724 874 Dei
752 851 881 879 servos,
907 843 963 882 qui
990 843 1080 883 apud
1108 843 1270 883 populum
1297 852 1418 884 magna
1436 844 1617 876 devotione
1636 845 1810 882 habentur,
1840 845 2030 877 comminati
2061 846 2127 877 sint

313 915 349 938 se
377 907 460 938 velle
487 906 562 937 inde
589 905 769 945 expellere,
795 905 885 944 quod
914 913 1036 945 magno
1063 905 1134 936 sine
1161 905 1323 937 scandalo
1348 906 1417 936 fieri
1446 915 1510 937 non
1538 909 1665 946 posset,
1702 909 1829 938 attento
1861 910 1926 938 tam
1954 907 2043 939 bono
2069 917 2128 948 per

315 970 407 1009 ips-..3
435 968 522 999 tacto
548 968 724 1008 principio,
751 967 984 1007 supplicamus
1011 966 1305 1000 Reverendissime
1331 977 1412 1008 sepe
1438 969 1653 1000 memorande
1671 968 1898 1001 Dominationi
1918 969 2046 1007 Vestre,
2061 979 2126 1010 que

313 1040 445 1070 semper
481 1030 584 1061 divini
623 1030 734 1061 cultus
771 1029 916 1060 adiutrix
944 1032 974 1060 ct
1000 1030 1220 1061 sustentatrix
1259 1038 1336 1061 esse
1373 1031 1562 1068 consuevit,
1589 1033 1622 1062 ut
1648 1031 1819 1071 predictos
1857 1031 2034 1072 religiosos
2060 1035 2126 1063 tam

313 1101 409 1124 caros
435 1092 533 1123 nobis
559 1094 589 1122 et
615 1094 740 1132 gratos,
767 1091 798 1122 in
825 1091 976 1131 predicta
1002 1091 1146 1123 ecclesia
1184 1094 1400 1123 manutenere
1439 1093 1595 1132 dignetur
1619 1095 1661 1130 et,
1688 1095 1722 1124 ut
1747 1093 1788 1124 de
1815 1095 1925 1125 cetero
1950 1102 1968 1125 a
1995 1094 2127 1126 nemine

313 1155 481 1186 molestari
519 1157 654 1194 queant,
694 1155 836 1185 remittat
863 1154 927 1185 illis
954 1155 980 1185 si
1008 1155 1088 1194 quid
1127 1155 1209 1186 iuris
1247 1155 1346 1186 habet
1373 1155 1403 1186 in
1431 1155 1580 1195 predicta
1606 1155 1751 1187 ecclesia
1769 1153 1830 1195 (3).
1858 1155 1926 1187 Erit
1951 1156 2038 1188 enim
2065 1157 2127 1188 hoc

311 1217 570 1249 <tenutissimum
597 1225 695 1257 opus,
723 1226 788 1248 non
815 1217 916 1247 modo
943 1215 1015 1248 Deo
1041 1217 1230 1255 immortali,
1268 1226 1382 1248 verum
1423 1218 1520 1249 etiam
1549 1218 1777 1249 illustrissimo
1804 1217 1889 1250 Duci
1917 1220 2042 1257 nostro,
2068 1228 2129 1250 no-

313 1280 433 1319 bisque
459 1279 616 1310 omnibus
644 1279 943 1319 pergratissimum‚
970 1282 1107 1319 propter
1131 1280 1222 1320 quod
1242 1279 1360 1311 Vestra
1388 1279 1683 1312 Reverendissima
1702 1279 1896 1312 Dominatio
1915 1281 2129 1322 sempiternis

312 1351 329 1374 a
356 1342 454 1373 nobis
480 1342 638 1373 laudibus
665 1342 828 1379 efferetur,
855 1350 955 1382 quam
982 1342 1170 1373 incolumen
1198 1345 1377 1374 conservet
1404 1341 1609 1374 Altissimus.
1636 1341 1710 1374 Dat.
1738 1342 1853 1384 Papie,
1880 1344 1934 1374 die
1960 1343 2061 1384 XXllJ
2081 1343 2130 1376 fe-

313 1405 434 1441 bruari,
461 1402 764 1445 MCCCCLXVIIJ.

1039 1554 1410 1595 CCCXXXIV.

401 1671 468 1699 Per
493 1671 514 1699 l'
532 1671 741 1700 esecuzione
766 1671 822 1700 del
848 1671 965 1707 legato
990 1672 1261 1700 testamentario
1286 1671 1321 1700 di
1348 1671 1425 1703 Gio,
1451 1671 1605 1700 Antonio
1623 1671 1751 1700 strada
1778 1680 1797 1699 a
1823 1672 1944 1700 favore
1963 1671 2019 1700 del
2037 1671 2127 1700 Con-

313 1728 417 1753 vento
443 1725 477 1753 di
504 1725 539 1753 S.
567 1724 739 1760 Agostino
757 1722 820 1764 (4).

973 1811 1128 1843 1468,
1158 1818 1379 1842 lutat-zo,
1400 1811 1452 1836 3.

837 1908 914 1932 (Arch.
930 1908 1011 1930 Notar.
1028 1909 1049 1929 cli
1066 1908 1144 1930 Pavia.
1160 1919 1186 1922 —
1201 1908 1248 1929 Atti
1265 1908 1287 1929 di
1304 1908 1453 1929 Bartolomeo
1469 1908 1597 1934 Baracani).

329 2052 334 2171 l
419 2102 468 2218 I
557 2120 580 2147 Ν
605 2115 760 2147 sacristia
798 2114 1009 2155 infrascripte
1050 2115 1194 2147 ecclesie
1235 2115 1342 2147 sancti
1383 2114 1575 2156 Augustini,
1603 2115 1634 2147 in
1660 2114 1760 2146 Porta
1797 2114 1927 2152 Palatii,
1965 2114 2129 2147 Parochie

330 2182 332 2236 Ι
580 2178 686 2209 sancti
713 2176 846 2208 Andree
873 2178 904 2208 in
932 2177 1049 2209 brolio.
1076 2175 1162 2209 Cum
1181 2178 1244 2209 hoc
1263 2177 1306 2209 sit
1323 2177 1415 2218 quod
1434 2177 1592 2209 dominus
1617 2177 1717 2209 frater
1742 2176 1895 2218 Baptista
1920 2177 1962 2209 de
1989 2176 2129 2215 Roxate,

330 2247 331 2261 ³
374 2276 382 2277 ἶ
408 2275 430 2277 ⁷,
542 2275 546 2277 λ
579 2239 680 2271 frater
705 2240 736 2270 in
763 2242 931 2271 conventu
958 2240 1064 2271 sancti
1092 2238 1273 2281 Augustini
1300 2239 1416 2280 Papie,
1442 2242 1612 2280 tamquam
1638 2240 1789 2271 assertus
1819 2239 1971 2271 sindicus
1997 2240 2028 2270 et
2053 2247 2130 2280 pro-

314 2306 492 2335 curator....
518 2303 639 2334 domus
665 2302 772 2334 sancti
800 2301 980 2343 Augustini
1007 2301 1112 2342 Papie
1139 2301 1278 2334 Ordinis
1304 2302 1558 2341 Heremitarum,
1584 2301 1741 2334 fecerit...
1768 2302 2060 2342 protestacionem,
2079 2310 2131 2333 re-

314 2366 535 2406 quisicionem
561 2367 592 2397 et
616 2365 909 2396 denunciationem
947 2365 1084 2396 domino
1110 2364 1249 2397 Foresto
1285 2365 1327 2396 de
1364 2363 1594 2397 Canevanova
1629 2366 1843 2405 tamquam...
1870 2364 1968 2396 tutori
1994 2366 2025 2396 et
2050 2372 2130 2396 exe-

314 2428 446 2467 quutori
472 2427 706 2459 testamenti....
745 2436 832 2458 nunc
871 2427 1043 2467 quondam
1083 2426 1242 2459 lobannis
1279 2426 1415 2458 Antonii
1441 2427 1482 2458 de
1509 2425 1619 2459 Strata
1644 2426 1701 2458 tilii
1728 2427 1899 2467 quondam
1925 2426 2051 2458 domini
2077 2424 2130 2458 Si-

315 2490 434 2526 monis,
472 2490 502 2520 in
539 2498 649 2529 qua...
688 2489 983 2529 protestacione....
1022 2489 1110 2520 idem
1148 2489 1248 2520 frater
1285 2488 1482 2530 Baptista...
1522 2489 1655 2521 videtur
1691 2497 1824 2520 narrare
1850 2490 1880 2520 et
1906 2496 2061 2520 narrasse
2086 2487 2128 2519 de

315 2551 461 2592 quodam
488 2555 645 2591 pretenso
672 2551 781 2592 legato
806 2551 1005 2582 ducatorum
1043 2553 1325 2591 quatuorcentum
1363 2551 1446 2589 auri,
1483 2560 1542 2592 per
1577 2551 1701 2582 dictum
1740 2550 1919 2582 Iohannem
1946 2550 2127 2582 Antonium

313 2614 402 2645 tacto
427 2614 516 2644 dicto
541 2614 722 2644 conventui
750 2614 855 2645 sancti
884 2613 1075 2654 Augustini,
1102 2615 1132 2645 et
1159 2614 1336 2645 ordinasse
1362 2614 1453 2654 quod
1480 2613 1565 2645 intra
1592 2622 1693 2644 unum
1720 2622 1868 2645 mensem
1885 2612 1973 2644 'dicti
1999 2613 2125 2644 domini

371 2788 401 2812 (l)
417 2787 473 2808 Vedi
489 2788 493 2807 i
511 2787 642 2808 documenti
660 2793 695 2808 nn.
709 2787 805 2808 cccxu
823 2794 834 2808 c
850 2787 966 2809 cccxlii.

372 2832 402 2854 (2)
417 2832 490 2852 Tutto
505 2833 590 2857 questo
606 2832 697 2852 sembra
714 2832 814 2852 iudicare
830 2833 871 2853 che
887 2832 915 2857 gli
932 2833 1077 2857 Agostiniani
1094 2839 1138 2853 nun
1155 2839 1194 2859 pu-

318 2878 400 2897 terono
415 2876 525 2897 stabilirsi
542 2876 562 2896 in
579 2875 601 2896 S.
619 2875 690 2896 Panlo
701 2882 791 2901 appena
804 2882 831 2897 nc
843 2878 964 2897 utteunero
980 2878 994 2897 il
1011 2883 1123 2901 possesso
1134 2878 1192 2898 colla

318 2921 455 2941 esecuzione
477 2920 536 2941 della
559 2920 619 2941 holla
642 2920 663 2940 di
688 2920 758 2941 Paulo
775 2920 800 2945 ll,
817 2926 852 2941 ma
869 2927 908 2946 per
925 2921 943 2941 le
960 2922 1098 2947 riparazioui
1115 2927 1192 2942 ueces-

318 2965 377 2985 sarie
393 2965 412 2985 ai
429 2965 494 2986 locali
510 2965 601 2986 cadenti
618 2965 645 2986 cd
661 2965 950 2986 abbandonatidovettero
962 2966 1073 2987 ritardare
1085 2967 1196 2992 alquanto

320 3009 448 3035 l'ingrcsso
463 3009 521 3030 nella
537 3014 613 3030 nuova
629 3014 691 3030 casa.

372 3053 401 3076 (3)
417 3053 450 3073 Da
467 3054 543 3079 questi
559 3053 729 3074 indeterminati
740 3053 833 3074 accenni
845 3054 936 3074 sembra
948 3054 988 3074 che
1005 3054 1017 3074 il
1035 3054 1132 3079 pacifico
1144 3060 1196 3080 pos-

319 3102 386 3117 sesso
401 3097 460 3122 degli
477 3097 620 3123 Agostiniani
637 3097 659 3118 di
675 3096 697 3118 S.
715 3096 786 3118 Paulo
809 3098 900 3118 venisse
922 3098 952 3118 ad
968 3104 1045 3119 essere
1061 3101 1194 3120 contestato

1249 2788 1277 2809 da
1293 2789 1328 2809 chi
1354 2788 1427 2814 prima
1452 2788 1582 2814 possedeva
1608 2788 1684 2813 quella
1708 2789 1794 2813 chiesa,
1819 2788 1869 2809 cioe
1891 2788 1928 2809 dal
1952 2790 2085 2809 monastero
2100 2788 2122 2809 di

1250 2832 1272 2854 S.
1289 2833 1397 2854 Cristina.

1300 2878 1330 2902 (4)
1346 2877 1380 2899 Gli
1397 2877 1540 2903 Agostiuiani
1557 2878 1578 2898 in
1594 2878 1649 2898 base
1664 2877 1685 2898 al
1701 2879 1842 2898 testamento
1854 2877 1914 2898 dello
1925 2877 2008 2899 Strada
2023 2877 2122 2898 s'erano

1248 2922 1323 2943 rivolti
1339 2923 1360 2943 al
1376 2922 1538 2947 Canevanova,
1554 2923 1632 2942 tutore
1648 2922 1669 2942 di
1686 2922 1779 2947 Bianca,
1796 2922 1857 2948 tiglia
1873 2922 2005 2943 minorenne
2016 2921 2043 2942 ed
2054 2921 2122 2943 erede

1252 2967 1312 2987 dello
1328 2966 1420 2991 Strada,
1443 2966 1526 2992 perche
1550 2966 1683 2992 adempissc
1705 2967 1837 2987 senz'altro
1857 2966 1960 2987 l'ultima
1976 2966 2069 2988 volonta
2086 2966 2122 2988 del

1251 3012 1372 3032 testatore.
1390 3010 1422 3031 Ed
1437 3010 1451 3031 il
1467 3010 1621 3031 Canevanova
1637 3010 1774 3032 scusandosi
1797 3010 1856 3031 della
1879 3011 2012 3037 negligenza
2028 3010 2123 3032 addebi-

1251 3055 1340 3081 tatagli,
1356 3055 1374 3075 si
1390 3055 1491 3076 dichiara
1507 3057 1591 3081 pronto
1606 3055 1635 3075 ad
1651 3055 1740 3076 aderire
1754 3055 1798 3076 alle
1814 3055 1863 3076 loro
1879 3054 2001 3076 domande.
