2347 3444
1878 208 1937 238 113

122 331 263 363 Haribus
279 332 351 363 suis
366 334 396 363 et
411 332 546 364 cuilibet
571 341 685 364 eorum
711 333 752 364 de
777 333 865 364 omni
892 335 923 365 et
948 334 1017 364 toto
1031 343 1081 371 eo,
1100 334 1189 374 quod
1210 334 1332 366 liabere
1351 335 1474 366 debent
1494 345 1553 375 pro
1572 345 1685 367 eorum
1706 340 1736 368 et
1755 339 1934 371 cuiuslibet

123 402 235 424 eorum
261 393 403 432 salariis,
430 395 597 432 satisfieri,
623 396 653 426 et
680 395 817 426 ulterius
844 396 927 436 ipsis
954 398 984 427 et
1010 396 1146 427 cuilibet
1172 405 1286 427 eorum
1314 397 1435 428 bonam
1463 398 1673 437 gratuitatem
1702 399 1780 436 fieri,
1819 401 1932 431 dando

119 455 168 486 eis
193 457 225 486 et
249 456 386 487 cuilibet
422 465 536 487 eorum
574 457 720 488 florenos
757 457 872 488 decem
912 457 962 488 vel
1000 458 1204 498 quindecim,
1234 460 1290 489 aut
1317 459 1433 499 viginti
1462 459 1513 490 vel
1541 460 1813 500 vigintiquinque
1841 462 1932 493 iuxta

117 517 244 548 servitii
272 518 435 554 meritum,
461 520 491 549 et
518 520 615 558 prout
641 519 704 558 ipsi
731 519 868 550 domino
895 519 998 550 Priori
1019 520 1188 552 videbitur
1213 523 1243 552 et
1271 520 1443 560 placuerit.
1472 520 1503 551 ln
1531 522 1689 553 omnibus
1726 525 1835 554 autem
1863 525 1934 555 suis

119 580 229 617 bonis,
255 580 515 620 qualiacumque
541 580 673 618 fuerint,
699 589 784 621 quae
812 581 911 612 liabet
937 584 967 612 et
992 582 1046 613 die
1075 582 1189 613 obitus
1215 575 1266 613 sui
1294 582 1468 622 relinquet,
1495 583 1570 621 sibi,
1597 584 1624 614 si
1651 584 1692 615 de
1720 585 1933 625 beneplacito

118 640 216 674 Sedis
243 641 460 682 Apostolicae
498 643 710 682 processerit,
738 643 879 674 heredes
917 644 1125 675 universales
1152 644 1293 675 instituit
1318 645 1468 683 eosdem,
1495 654 1550 676 ore
1578 654 1640 676 suo
1667 647 1802 686 proprio
1829 647 1934 677 nomi-

118 705 241 741 nando,
266 713 304 736 ac
332 705 526 742 nominavit,
552 705 724 736 dominum
742 704 899 743 Priorem,
927 705 1058 737 Fratres
1075 708 1105 737 et
1124 705 1336 738 Conventum
1364 707 1562 738 Monasterii
1590 708 1730 748 predicti
1757 709 1843 740 dello
1872 709 1934 741 Co-

116 769 242 803 ronuta,
269 769 300 798 et
326 775 384 798 seu
412 767 522 806 ipsum
549 767 800 804 monasterium,
826 769 856 799 et
882 768 1069 799 sacristiam
1097 769 1205 809 ipsius
1232 769 1435 807 monasterii,
1463 770 1626 801 haeredes
1646 771 1932 807 universalles,ac

116 829 216 859 huius
243 837 324 860 suae
350 829 484 860 ultimae
512 829 694 860 voluntatis
720 832 932 861 executorem
971 830 1156 870 praefatum
1182 831 1354 862 dominum
1382 830 1527 862 Priorem
1556 832 1707 869 instituit,
1734 833 1933 872 supplicans

115 899 153 921 ac
191 891 379 930 praesentis
421 891 629 922 instrumenti
672 893 785 922 tenore
827 892 1030 932 supplicavit
1068 895 1099 924 et
1136 893 1305 933 supplicat
1346 894 1600 934 praenominato
1641 894 1778 925 domino
1819 897 1933 925 nostro

115 951 240 992 Papae,
265 955 433 993 quatenus
460 953 652 984 huiusmodi
669 953 816 984 ultimam
843 962 937 985 suam
965 954 1170 986 voluntatem
1199 957 1301 986 ratam
1328 957 1358 986 et
1384 957 1510 995 gratam
1538 956 1660 986 babere
1688 956 1777 993 velit,
1804 958 1833 987 et
1860 965 1930 987 eam

113 1015 310 1046 confirmare
346 1015 510 1056 dignetur.
550 1015 588 1046 Et
614 1016 654 1047 de
682 1016 861 1056 praedictis
900 1017 1072 1057 praefatus
1110 1018 1413 1049 reverendissimus
1450 1018 1608 1049 dominus
1642 1017 1931 1058 Arcliiepiscopus

114 1077 219 1108 voluit
245 1080 275 1109 et
302 1078 473 1109 mandavit
500 1087 557 1118 per
584 1087 634 1109 me
654 1078 830 1110 Iohannem
847 1079 887 1110 de
903 1078 1056 1117 Giocliis,
1072 1080 1235 1110 notarium
1251 1082 1282 1111 et
1301 1079 1536 1111 cancellarium
1553 1088 1650 1111 suum
1671 1079 1930 1120 infrascriptum,

114 1140 285 1180 publicum
311 1140 435 1171 debere
461 1141 579 1172 confici
608 1141 863 1172 instrumentum
896 1151 996 1173 unum
1023 1144 1053 1173 et
1080 1142 1184 1181 plura,
1222 1150 1260 1172 ac
1295 1142 1393 1172 etiam
1421 1141 1462 1172 de
1500 1142 1649 1181 capitulo
1676 1142 1706 1172 in
1734 1142 1930 1181 capitulum,

112 1202 139 1233 si
166 1202 353 1242 expediens
392 1202 499 1233 fuerit.
530 1202 648 1234 Actum
676 1204 706 1233 in
735 1203 842 1243 ipsius
869 1204 994 1234 domini
1022 1203 1277 1244 Areliiepiscopi
1305 1212 1436 1235 camera
1463 1204 1680 1241 cubicularia,
1707 1205 1770 1235 sita
1798 1204 1827 1234 in
1856 1204 1931 1234 Mo-

111 1265 258 1296 nasterio
285 1264 415 1305 Brayde
442 1264 579 1296 Ordinis
614 1265 870 1296 Humiliatorum
898 1266 1094 1303 Mediolani,
1122 1266 1359 1306 praesentibus
1386 1266 1508 1297 ibidem
1537 1265 1734 1299 Reverendo
1754 1266 1850 1297 Patre
1870 1267 1929 1297 do-

112 1328 201 1358 mino
227 1327 325 1358 fratre
352 1326 467 1360 Roclio
484 1326 545 1367 (1),
572 1337 688 1359 sacrae
716 1329 858 1368 paginae
879 1328 1081 1368 professore,
1101 1338 1138 1360 ac
1160 1329 1258 1359 fratre
1276 1327 1448 1368 Stephano
1468 1329 1508 1359 de
1527 1327 1656 1365 Cumis,
1682 1328 1929 1360 Observantiae

109 1390 273 1430 regularis
299 1390 460 1430 praedicti
488 1390 626 1421 Ordinis
653 1390 882 1428 Eremitarum,
916 1391 1053 1421 domino
1087 1391 1246 1431 magistro
1273 1390 1420 1422 Venia...
1448 1391 1585 1421 domino
1613 1391 1772 1431 magistro
1810 1391 1927 1422 Marco

110 1453 151 1484 de
180 1452 269 1484 Urbe
296 1452 363 1483 filio
390 1453 554 1492 sapientis
581 1453 640 1484 viri
667 1454 697 1484 d.
725 1451 904 1484 Cedrionis
929 1452 979 1493 (2)
1005 1454 1114 1494 legum
1141 1453 1290 1484 doctoris
1317 1456 1376 1484 etc.

200 1514 270 1555 Ego
297 1514 437 1546 Ioannes
464 1515 504 1546 de
531 1514 672 1547 Giocliis
691 1518 752 1546 etc.
780 1516 899 1546 tradidi
927 1518 986 1547 etc.
1013 1516 1214 1556 signumque
1241 1525 1349 1547 meum
1376 1518 1574 1547 consuetum
1602 1517 1747 1556 apposui
1774 1518 1835 1547 etc.

848 1689 1196 1730 CCLXXXH.

198 1799 225 1826 11
252 1799 430 1827 Pontefice
467 1799 617 1827 Callisto
643 1799 690 1826 111
714 1799 856 1826 notifica
882 1799 915 1826 la
942 1807 1006 1826 sua
1043 1798 1305 1834 approvazione
1343 1798 1399 1826 del
1437 1802 1652 1826 testamento
1679 1798 1713 1826 di
1740 1798 1828 1826 frate
1856 1798 1924 1826 Ga-

109 1852 220 1880 briele
246 1852 370 1880 Sforza
396 1852 429 1880 al
455 1852 618 1888 Capitolo
644 1852 738 1880 della
765 1852 966 1880 Cattedrale
993 1852 1028 1880 di
1055 1852 1201 1880 Milano.

693 1965 847 1996 1457,
880 1966 1221 1996 settel1111re9
1254 1965 1343 1989 2ξ).

673 2053 705 2075 (F.
723 2053 852 2075 OSSINGER.
872 2053 1019 2073 Bibliotheca
1036 2053 1219 2078 Augustiniuno,
1236 2059 1288 2078 pag,
1305 2054 1361 2073 851¹.

125 2213 127 2215 ·
187 2186 293 2303 C
355 2203 507 2230 ALISTUS
533 2198 625 2238 Papa
652 2199 767 2229 tertius
792 2198 925 2229 dilectis
951 2198 1027 2228 filiIs
1054 2196 1200 2237 Capituli
1229 2197 1401 2228 Ecclesiae
1429 2197 1624 2228 Mediolani.

124 2241 126 2311 j
466 2261 586 2293 Dilecti
612 2262 681 2299 filii,
708 2261 849 2292 salutem
877 2263 906 2292 et
932 2261 1153 2300 apostolicam
1170 2260 1449 2291 benedictionem
1477 2258 1573 2298 Cum,
1592 2261 1679 2292 sicut
1704 2269 1722 2292 a
1741 2261 1922 2300 iidedignis

162 2359 262 2361 a*
375 2325 581 2365 accepimus,
610 2325 716 2355 bonae
743 2325 922 2355 memoriae
949 2322 1096 2360 Gabriel,
1122 2323 1291 2363 quondam
1323 2322 1613 2363 Arclriepiscopus
1642 2323 1923 2358 Mediolanensis

109 2359 188 2416 dum
213 2386 324 2417 adhuc
350 2389 463 2427 ageret
491 2387 520 2417 in
549 2387 714 2423 humanis,
740 2386 781 2417 de
809 2386 943 2426 proprii
969 2385 1077 2416 salute
1104 2385 1257 2425 cogitans
1284 2385 1368 2416 inter
1394 2387 1536 2423 caetera,
1561 2385 1602 2416 de
1622 2385 1775 2425 pecuniis
1791 2384 1925 2416 Medio-

110 2448 259 2480 lanensis
285 2448 458 2480 Ecclesiae
485 2449 548 2480 iam
575 2449 638 2480 sibi
665 2449 789 2480 debitis
816 2451 847 2479 et
872 2448 947 2479 aliis
973 2448 1156 2478 mobilibus
1183 2447 1236 2477 b(
1240 2447 1281 2478 is
1307 2447 1348 2478 ad
1368 2447 1602 2487 quotidianum
1623 2447 1730 2487 ipsius
1751 2447 1922 2478 Ecclesiae

111 2518 219 2547 usum,
246 2510 405 2542 nonnulla
431 2511 503 2542 suis
528 2510 761 2548 familiaribus,
788 2512 818 2541 et
845 2519 903 2550 pro
929 2511 1027 2541 certis
1054 2519 1112 2550 per
1137 2519 1211 2540 eum
1240 2512 1317 2540 tunc
1343 2510 1517 2549 expressis
1559 2509 1787 2550 eleemosynis
1814 2509 1922 2549 legata

107 2572 239 2610 fuerint,
266 2573 446 2604 nonnullos
473 2582 552 2604 vero
579 2573 770 2604 liuiusmodi
798 2573 969 2603 debitores
995 2582 1036 2603 ex
1063 2573 1161 2603 certis
1188 2572 1444 2603 rationabilibus
1470 2573 1615 2603 animum
1653 2580 1751 2602 suum
1787 2581 1924 2603 moven-

109 2635 200 2666 tibus
225 2635 337 2667 causis
363 2635 547 2667 absolverit
572 2637 603 2667 et
629 2636 830 2672 liberaverit,
856 2644 894 2666 ac
922 2636 952 2665 in
981 2635 1118 2674 reliquis
1144 2634 1327 2665 mobilibus
1353 2634 1451 2665 bonis
1478 2636 1508 2665 et
1533 2634 1656 2665 debitis
1687 2635 1750 2665 sibi
1770 2634 1923 2674 pecuniis

109 2697 313 2728 huiusmodi.
339 2707 426 2738 quae
451 2698 572 2729 solutis
599 2698 718 2738 legatis
744 2700 774 2729 et
800 2698 875 2728 aliis
902 2697 1098 2737 praemissis
1125 2706 1289 2728 summam
1316 2697 1535 2728 ducentorum
1562 2697 1762 2727 florenorum
1782 2697 1850 2727 auri
1881 2696 1922 2727 de

109 2768 239 2790 camera
265 2760 429 2791 excedere
456 2769 520 2791 non
548 2760 714 2798 dicuntur,
748 2760 883 2790 domum
918 2762 947 2790 et
982 2758 1111 2790 Fratres
1130 2758 1253 2790 Beatae
1287 2758 1415 2790 Mariae
1442 2758 1658 2790 lncoronatae
1689 2760 1782 2789 extra
1809 2767 1922 2789 muros

108 2821 293 2853 Mediolani
321 2822 384 2853 sub
412 2822 553 2863 regulari
581 2823 797 2853 observantia
824 2820 962 2853 Ordinis
989 2821 1206 2852 Eremitarum
1234 2821 1338 2852 sancti
1366 2820 1558 2861 Augustini,
1593 2830 1693 2860 quam
1732 2822 1807 2851 ante
1846 2829 1922 2860 pro-

109 2885 290 2916 motionem
317 2893 412 2916 suam
437 2885 479 2916 ad
507 2885 692 2917 Ecclesiam
720 2884 1011 2916 Mediolanensem
1038 2892 1201 2924 expresse
1228 2883 1405 2924 professus
1434 2883 1540 2915 fuerat
1565 2881 1626 2922 (3),
1656 2883 1719 2914 sibi
1760 2882 1922 2913 haeredes

165 3041 195 3066 (1)
211 3035 228 3062 E
243 3041 256 3062 il
272 3041 363 3062 vicario
378 3041 490 3063 Generale
501 3042 560 3063 della
571 3041 761 3068 Congregazione
779 3041 915 3067 Lombarda,
931 3041 989 3062 frate
1097 3040 1126 3064 (2)
1141 3040 1197 3061 Vedi
1213 3040 1264 3061 <loc⁴
1282 3046 1302 3061 ni
1319 3040 1394 3062 CClX.

113 3083 226 3106 Giovanni
243 3084 318 3106 Rocco
334 3085 410 3111 Porzi,
426 3085 462 3106 del
478 3086 546 3111 quale
561 3085 601 3107 s'e
617 3086 653 3112 gia
669 3087 767 3112 parlato.
1096 3086 1127 3109 ¹3)
1142 3085 1232 3110 Questo
1248 3087 1321 3111 punto
1337 3085 1348 3106 ὲ
1364 3085 1466 3106 decisivo
1483 3091 1523 3110 per
1539 3085 1648 3105 risolvere
1660 3085 1679 3104 la
1692 3084 1814 3109 questione
1825 3083 1919 3103 scitale

1894 3136 1917 3155 15
