2347 3444
275 222 340 253 304

1093 406 1273 446 DLVI.

359 515 386 543 11
413 515 575 552 Capitolo
601 516 635 544 di
662 517 696 544 S.
725 516 893 544 Mostiola
921 517 964 544 da
992 516 1024 543 in
1052 515 1261 543 investitura
1287 515 1318 542 le
1344 519 1436 542 terre
1461 515 1495 542 di
1522 515 1728 551 Cilavegna.

946 621 962 643 1
970 620 1082 647 401,
1115 626 1131 643 ε
1139 627 1151 642 ι
1158 620 1336 650 gusto,
1368 619 1421 643 (ὃ.

811 708 878 728 ΛῐωιΔ
897 708 968 727 Notat
994 707 1014 727 di
1033 706 1102 727 l'siviai
1120 718 1142 719 j
1160 707 1207 727 Atti
1224 706 1245 726 di
1263 706 1313 727 Gio.
1331 707 1418 727 Franco
1434 706 1564 731 Canevari).

377 801 424 915 Ι
516 833 538 858 Ν
564 827 711 867 capitulo
737 830 766 857 et
793 835 851 857 seu
879 826 952 856 loco
977 826 1113 866 capituli
1142 825 1342 866 infrascripti
1382 827 1618 857 monasterii....
1645 825 1855 863 Convocato,
1880 827 2020 858 collecto
2057 831 2087 859 et

537 893 740 929 congregato
768 888 949 919 venerabili
975 888 1123 928 capitulo
1150 890 1338 919 conventus
1356 892 1385 919 et
1405 889 1596 920 monasterii
1624 891 1737 920 sancte
1764 889 1937 921 Mustiolle
1971 889 2085 930 Papie,

538 951 684 982 Fratrum
713 951 952 982 Herendtannn
980 950 1118 983 Ordinis
1144 952 1248 982 sancti
1277 950 1522 991 Augustini,de
1537 951 1695 982 mandato
1712 955 1742 982 et
1762 952 1982 992 imposicione
1997 961 2090 983 reve-

272 1015 362 1045 rendi
391 1023 482 1044 sacre
509 1014 677 1054 theologie
705 1013 886 1044 bachalarii
913 1013 1039 1044 domini
1067 1012 1178 1044 fratris
1204 1012 1374 1044 Benedicti
1402 1013 1442 1044 de
1469 1011 1630 1045 Clavasio
1648 1010 1709 1052 (1),
1737 1012 1862 1045 Prioris
1878 1013 1995 1054 prefati
2015 1023 2085 1045 mo-

272 1077 440 1107 nasterii...
468 1077 497 1106 in
526 1086 592 1115 quo
619 1076 753 1115 quidem
781 1076 929 1116 capitulo
956 1075 1120 1107 fuerunt...
1148 1075 1318 1116 prefactus
1344 1075 1502 1106 dominus
1529 1074 1623 1106 Prior
1648 1079 1678 1107 et
1703 1084 1776 1106 cum
1803 1086 1876 1107 eo...
1914 1077 2086 1107 reverendi

269 1144 298 1169 et
326 1139 534 1169 venerabiles
560 1138 686 1169 domini
714 1139 872 1179 magister
897 1137 1022 1170 Galeaz
1048 1138 1243 1169 vicecomes
1270 1138 1310 1169 de
1330 1137 1434 1178 Papia
1454 1138 1626 1178 professor
1645 1147 1737 1170 sacre
1756 1139 1910 1179 teologie,
1930 1139 2088 1179 magister

270 1201 368 1231 frater
396 1200 564 1231 Melchion
593 1201 632 1231 de
660 1200 784 1231 Lucino
811 1201 968 1234 biblicus.
994 1200 1094 1231 frater
1120 1200 1321 1232 Nicholinus
1347 1201 1386 1231 de
1413 1200 1526 1231 Trotis
1552 1201 1592 1231 de
1618 1199 1821 1238 Castelacis),
1849 1201 1948 1232 frater
1974 1200 2088 1241 Augu-

269 1263 377 1293 stinus
404 1263 443 1293 de
471 1262 624 1299 flabiam,
650 1262 750 1293 frater
777 1262 988 1303 Augustinus
1015 1263 1054 1293 de
1082 1263 1110 1294 la
1138 1263 1298 1299 Ecclesia,
1324 1262 1423 1294 frater
1450 1262 1615 1294 lohannes
1641 1262 1809 1295 Antonius
1835 1264 1875 1294 de
1901 1262 2084 1301 Quartinis‚

269 1324 368 1355 frater
395 1324 553 1355 Albertus
579 1325 619 1355 de
647 1324 757 1361 lanua,
784 1324 883 1356 frater
910 1324 1011 1356 Davit
1037 1325 1076 1356 de
1104 1324 1220 1365 Papia,
1246 1327 1276 1356 et
1302 1324 1402 1356 frater
1443 1325 1646 1356 Laurencius
1672 1325 1712 1356 de
1739 1325 1931 1362 Miradol10‚
1968 1334 2086 1357 omnes

268 1386 386 1417 fratres
413 1386 557 1427 professi
585 1387 693 1427 ipsius
720 1388 924 1425 monasterii,
952 1387 1145 1419 facientes...
1172 1387 1239 1418 fere
1265 1389 1369 1418 totum
1397 1390 1427 1418 et
1454 1388 1616 1428 integrum
1643 1387 1859 1428 capitulum...
1890 1388 2087 1428 precedente

269 1450 410 1486 licentia,
437 1458 478 1480 ex
506 1449 713 1480 habondanti
742 1450 855 1481 habita
881 1452 911 1481 et
937 1449 1023 1481 facta
1050 1459 1107 1490 per
1133 1450 1351 1481 reverendum
1390 1459 1482 1481 sacre
1508 1450 1677 1491 theologie
1703 1451 1898 1491 magistrum
1914 1450 2086 1481 dominum

268 1511 400 1542 fratrem
428 1511 644 1542 Benedictnm
673 1512 713 1543 de
740 1511 880 1543 Pezanis
907 1512 947 1543 de
974 1512 1181 1550 Mediolano,
1208 1511 1268 1543 Dei
1295 1513 1400 1552 gratia
1428 1512 1667 1552 provincialem
1695 1513 1797 1543 totius
1823 1511 1962 1544 Ordinis
1993 1512 2089 1543 Lom-

269 1574 383 1605 bardie
411 1573 558 1605 Fratrum
587 1573 862 1605 Heremitarum...
888 1583 925 1605 ac
952 1575 1049 1605 etiam
1078 1575 1208 1606 licentia
1235 1584 1275 1605 ex
1304 1575 1511 1605 habondanti
1539 1574 1757 1605 Illustrissiini
1796 1575 1921 1605 domini
1960 1574 2085 1605 domini

268 1637 371 1667 nostri
401 1635 505 1667 Ducis
524 1636 721 1673 Mediolani,
747 1640 815 1667 etc..
834 1636 944 1667 αἰίηηο
971 1637 1160 1668 investitura
1182 1639 1341 1677 perpetua
1367 1636 1433 1668 allo
1458 1637 1631 1677 speltabile
1656 1638 1773 1677 signor
1793 1637 1956 1677 Agostino
1981 1637 2089 1668 Marsa

267 1697 435 1735 Beccarffl,
461 1698 514 1729 del
531 1698 572 1739 fu
597 1699 698 1730 milite
712 1699 822 1730 tlottor
833 1698 953 1737 pietro,
979 1699 1014 1730 cli
1038 1698 1155 1737 Pausa,
1182 1699 1222 1730 de
1248 1699 1406 1730 omnibus
1445 1699 1540 1730 terris
1566 1701 1596 1730 et
1622 1699 1886 1739 proprietatibus
1922 1707 1959 1730 ac
1989 1699 2088 1730 bonis

269 1761 456 1792 iacentibus
483 1762 514 1792 in
542 1762 616 1793 loco
641 1765 672 1793 et
698 1762 862 1792 territorio
889 1760 1083 1802 Cerevegne
1111 1761 1291 1792 Lomelline
1317 1760 1508 1793 Comitatus
1535 1760 1637 1802 Papie
1655 1759 1706 1801 (2)
1724 1764 1754 1792 et
1773 1762 1926 1802 partibus
1950 1762 2089 1793 circum-

268 1824 448 1862 stantibus,
474 1827 505 1855 et
531 1833 596 1864 que
622 1824 662 1855 de
690 1825 834 1865 presenti
862 1826 1013 1855 tenentur
1039 1825 1173 1855 nomine
1200 1825 1277 1855 dicti
1294 1824 1486 1855 monasterii
1506 1833 1564 1864 per
1582 1823 1827 1855 Bertolameum
1844 1824 1884 1855 de
1899 1822 2010 1856 Guida
2030 1825 2087 1855 ha-

273 1886 448 1918 bitatorem
477 1887 554 1918 dicti
582 1887 679 1918 loci...
706 1896 803 1927 que...
830 1889 983 1928 spectant
1009 1889 1039 1917 et
1066 1887 1231 1927 pertinent
1266 1885 1372 1927 (dicto
1399 1884 1625 1925 Monasterio)
1662 1887 1777 1927 vigore
1803 1889 1834 1918 et
1859 1896 1899 1918 ex
1942 1887 2091 1927 disposi-

267 1949 356 1980 tione
382 1949 558 1980 cuiusdam
586 1949 786 1981 donacionis
813 1950 895 1980 inter
922 1950 1021 1980 vivos
1046 1949 1131 1980 alias
1156 1949 1242 1980 facte
1273 1948 1421 1989 prefacto
1459 1949 1663 1980 monasterio
1700 1958 1757 1989 per
1794 1958 1880 1980 nunc
1918 1949 2088 1989 quondam

267 2012 440 2042 dominum
468 2011 648 2043 Iohannem
675 2012 715 2043 de
743 2012 911 2043 Maleus...
939 2021 996 2052 per
1023 2013 1254 2043 istrumentum
1281 2014 1432 2052 rogatum
1459 2020 1548 2042 anno
1574 2009 1917 2049 MCCCLXXXXVI,
1955 2011 2007 2042 die
2033 2019 2087 2042 oc-

267 2077 345 2105 tavo
371 2074 520 2105 ortobris
546 2083 603 2114 per
630 2083 715 2106 nunc
742 2074 913 2114 quondam
942 2073 1133 2114 Roglerium
1160 2074 1200 2105 de
1227 2073 1414 2115 Butigellis.
1444 2073 1502 2106 Cio
1524 2083 1584 2114 per
1607 2073 1751 2105 l’fflmuo
1777 2082 1904 2105 canone
1936 2073 2089 2114 cl'affitto

269 2136 304 2167 di
327 2136 384 2167 lire
408 2137 453 2168 50
475 2137 639 2177 [inperiali
662 2137 704 2168 esi
727 2145 769 2168 zm
791 2137 871 2177 poio
897 2137 931 2168 di
954 2137 1105 2177 ειιρροηί,
1131 2136 1166 2167 al
1190 2136 1222 2169 S.
1249 2137 1402 2168 Martino.

1076 2285 1283 2324 DLVII.

361 2393 387 2420 11
414 2393 576 2429 Capitolo
602 2393 636 2422 di
663 2394 696 2425 S,
724 2394 893 2422 Mostiola
919 2394 1036 2422 riceve
1062 2394 1085 2422 il
1111 2399 1321 2430 pagamento
1347 2394 1496 2423 d'affitto
1522 2394 1613 2422 delle
1638 2398 1730 2422 terre
1755 2394 1789 2422 di
1816 2393 2020 2430 Cilavegna.

931 2500 1073 2527 1491,
1106 2501 1356 2530 ottoln⁴e9
1385 2500 1437 2524 8·

841 2588 917 2609 (Ascli,
936 2588 988 2608 Not.
1006 2588 1026 2608 di
1045 2587 1114 2608 Pavia
1131 2599 1154 2601 ῌ
1171 2587 1218 2608 Arri
1236 2588 1256 2608 di
1275 2587 1394 2608 Leonardo
1411 2587 1521 2611 Buscati).

377 2693 423 2807 I
520 2710 542 2735 Ν
569 2705 727 2735 domibus
755 2706 946 2736 monasterii
973 2709 1086 2736 sancte
1114 2705 1285 2741 Mustiole,
1312 2705 1447 2746 Papie...
1475 2705 1691 2737 Venerabiles
1717 2706 1842 2737 domini
1870 2706 1968 2737 frater
1994 2706 2093 2737 Nico-

542 2768 613 2798 laus
640 2768 680 2798 de
707 2768 820 2799 Trotis
847 2769 1012 2805 vicarius,
1044 2769 1200 2809 magister
1226 2768 1325 2799 frater
1358 2767 1482 2800 Galeaz
1508 2768 1548 2799 de
1574 2767 1847 2807 Vicecomitibus‚
1885 2768 1983 2799 frater
2010 2768 2093 2799 Mel-

539 2831 637 2862 chion
665 2831 705 2861 de
733 2831 866 2865 Lucino,
894 2830 991 2862 frater
1020 2831 1230 2871 Augustinus
1264 2831 1303 2862 de
1331 2831 1360 2862 la
1387 2830 1546 2866 Ecclesia,
1584 2829 1683 2861 frater
1719 2829 1887 2862 Steffanus
1913 2831 1953 2862 de
1980 2830 2090 2862 Laude

347 2989 352 3007 Ι
382 2987 395 3008 ¹¹
412 2987 527 3012 TORELLl,
544 2987 590 3011 VH·
609 2987 652 3011 ¹⁰2·
668 2989 732 3007 ΜΨ)
748 2987 831 3007 ΓᾹΗΠΉ)
850 2987 906 3010 ¹⁴⁶7·
924 2987 986 3012 5‘*¹‘¹⁴¹
1003 2987 1024 3007 (Η
1041 2987 1099 3007 ῙΗΙῙΕ
1116 2987 1156 3008 3⁰¹
1212 3002 1247 3016 nia
1263 2995 1325 3016 forse
1341 2996 1354 3016 il
1370 2995 1454 3016 *sorelli
1470 2996 1499 3021 gli
1515 2995 1569 3016 ενι-εὶ
1585 2996 1709 3016 attribuito
1725 2995 1738 3015 il
1755 2996 1821 3016 titolo
1844 2996 1865 3016 di
1890 2996 1994 3016 Maestro
2010 3001 2050 3021 per
2066 2996 2086 3016 le

284 3032 379 3052 ncdetto
395 3032 423 3052 da
440 3031 561 3052 Clavassio
577 3032 667 3052 celebre
684 3031 838 3056 predicatore,
855 3032 890 3051 cni
907 3031 934 3051 da
951 3032 964 3051 il
981 3032 1048 3051 titolo
1063 3032 1084 3051 di
1102 3038 1162 3052 inac-
1216 3040 1296 3065 grandi
1313 3039 1400 3065 quanm
1416 3040 1518 3060 oratorie
1533 3039 1555 3060 di
1573 3040 1611 3060 lui-

283 3078 340 3096 stro,
358 3076 372 3096 ll
389 3079 469 3096 nostro
485 3076 543 3096 frate
560 3075 690 3096 Bcnedeno
706 3075 734 3096 da
751 3075 886 3099 Clavassw,
910 3076 951 3096 che
968 3076 1002 3096 nel
1028 3077 1073 3096 1491
1099 3077 1126 3096 ha
1147 3076 1160 3096 il
1269 3084 1298 3109 (2)
1315 3084 1370 3105 νεὼ
1387 3084 1400 3104 ῃ
1416 3084 1556 3104 documento
1572 3083 1631 3109 degn
1646 3084 1659 3104 8
1674 3084 1798 3105 novembre
1819 3084 1876 3105 '43¹⁴

282 3121 348 3141 titolo
364 3120 385 3140 di
403 3120 540 3141 Buccellicre
556 3126 600 3141 non
623 3120 736 3146 potrebbe
760 3120 808 3140 cosi
831 3119 980 3140 identificarsi
1003 3126 1045 3140 con
1068 3121 1160 3145 quello;
