2347 3444
1919 174 1963 205 47

132 319 174 342 un
199 309 311 350 afficio
332 318 394 350 per
414 309 549 341 Ιάηίηια
566 308 619 340 del
635 310 787 340 testatore
804 316 820 339 e
837 306 888 339 de'
904 307 979 339 suoi
1002 306 1211 338 discendenti.
1238 305 1299 337 Die
1325 305 1365 337 Vl
1392 315 1433 337 m.
1459 307 1620 344 octubris,
1647 304 1941 348 MCCCCXXXlJ,

135 372 214 403 hora
241 380 357 412 parum
383 372 460 412 post
485 379 618 402 nonam.
645 369 677 401 ln
703 370 861 401 domibus
886 369 974 401 dicte
999 368 1143 400 ecclesie
1168 370 1282 399 sancte
1308 367 1480 406 Mustiole,
1506 367 1604 399 Porte
1631 367 1838 406 Palacensis,
1880 368 1943 400 Pa-

134 435 247 466 rochie
273 434 378 466 sancti
408 431 620 465 Columbani.

871 578 1204 620 CLXXXIII.

225 690 334 718 Gradi
359 689 575 718 accademiei
601 689 635 717 di
662 689 751 717 frate
777 688 948 724 Gregorio
972 688 1113 717 Ferrari
1131 688 1175 716 da
1193 687 1284 716 Novi
1303 696 1320 716 e
1338 687 1373 715 di
1388 687 1477 715 frate
1497 687 1640 716 Stefano
1659 687 1942 719 d'Alessandria,

948 783 1083 808 1432
1094 797 1140 809 ο..

539 872 616 896 (Arcu.
633 872 668 893 del
685 872 806 895 Rettorato
822 872 944 894 dell'Uniw
961 872 982 893 di
999 872 1068 893 pavia
1084 883 1109 886 —
1125 871 1257 893 Protocollo
1273 871 1294 892 di
1311 871 1411 892 Bronzio
1427 871 1551 893 Ubertari).

154 1018 157 1087 >
223 1031 317 1148 L
375 1037 532 1076 ἸΟΕΝΤΙΑ
557 1045 587 1075 et
613 1044 808 1075 doctoratus
834 1044 865 1074 in
893 1052 986 1075 sacra
1013 1044 1135 1084 pagina
1161 1043 1285 1074 domini
1318 1042 1428 1074 fratris
1465 1041 1618 1083 Gregorii
1646 1042 1687 1074 de
1714 1042 1871 1074 Perrasiis
1909 1043 1950 1074 de

155 1094 157 1125 Ι
406 1106 524 1143 Novis,
550 1104 688 1137 Ordinis
715 1106 953 1137 Heremitarum
981 1107 1087 1137 sancti
1115 1105 1304 1146 Augustini.

155 1129 158 1195 l
177 1206 184 1207 ἶ
263 1205 267 1206 ⁷
495 1167 699 1199 Doctoratus
726 1168 756 1199 in
783 1177 879 1199 sacra
905 1169 1027 1209 pagina
1053 1168 1178 1199 domini
1206 1167 1316 1199 fratris
1335 1166 1496 1208 Stephani
1515 1167 1556 1199 de
1574 1167 1790 1205 Alexandria,
1810 1166 1948 1199 Ordinis

142 1232 396 1264 Heremitarum.

231 1293 432 1325 Doctoratus
459 1294 489 1324 in
517 1302 612 1325 sacra
640 1294 762 1334 pagina
788 1293 912 1324 domini
939 1293 1049 1324 fratris
1075 1291 1227 1333 Gregorii
1255 1292 1296 1323 de
1323 1291 1526 1323 Alexandria
1552 1289 1613 1331 (l).

880 1440 1212 1481 CLXXXIV.

234 1552 261 1580 11
287 1551 431 1580 Vicario
457 1551 664 1587 Apostolico
691 1551 779 1578 frate
805 1550 963 1578 Gerardo
989 1550 1032 1578 da
1058 1549 1187 1577 Rimini
1212 1549 1353 1578 nomina
1379 1550 1466 1577 frate
1493 1549 1667 1578 Giovanni
1704 1549 1821 1577 Roeco
1847 1549 1953 1577 Porzi

142 1605 284 1633 Rettore
310 1613 327 1633 e
355 1604 596 1633 Governatore
623 1604 879 1632 straordinario
906 1604 940 1632 di
967 1604 1002 1632 S.
1029 1603 1202 1639 Agostino
1228 1603 1262 1631 di
1288 1603 1413 1631 Pavia.

786 1708 936 1740 1433,
965 1708 1195 1740 giug11o,
1225 1708 1310 1733 24.

621 1796 689 1821 (Bibl.
706 1796 772 1818 Uuiv.
789 1797 810 1817 di
827 1796 904 1817 Pavia.
921 1808 945 1810 —
961 1796 1018 1817 Cod.
1035 1802 1056 1817 n,
1072 1797 1119 1822 423,
1137 1796 1241 1823 Pergam.
1258 1797 1279 1817 di
1296 1796 1318 1818 S,
1335 1797 1467 1822 Agostino).

156 1944 158 1994 'i
227 1954 313 2070 F
377 1942 504 2000 1ΚΑΤΕΗ
541 1966 714 1999 Gerardus
752 1968 793 1999 de
831 1967 981 1999 Arimino
1018 1966 1193 1999 Generalis
1231 1967 1350 2000 Rector
1375 1966 1514 1999 Ordinis
1539 1968 1675 1999 fratrum
1711 1968 1951 1999 Heremitarum

377 2028 379 2055 l
408 2030 514 2061 sancti
542 2029 720 2070 Augustini
747 2039 807 2070 per
831 2028 952 2061 Sedem
980 2029 1209 2070 Apostolicam
1236 2030 1419 2068 institutus,
1438 2030 1620 2061 venerabili
1639 2039 1677 2061 ac
1697 2030 1854 2070 religioso
1880 2031 1952 2061 viro

409 2093 508 2123 nobis
534 2093 565 2123 in
592 2090 729 2123 Christo
754 2092 877 2123 dilecto
895 2093 989 2123 socio
1008 2094 1122 2123 nostro
1140 2092 1306 2134 Magistro
1325 2092 1463 2124 Iohanni
1484 2092 1598 2126 Rocho
1616 2093 1657 2124 de
1675 2092 1779 2133 Papia
1798 2093 1950 2124 eiusdem

141 2153 290 2192 Ordinis,
316 2154 459 2186 salutem
487 2155 517 2185 in
545 2153 690 2185 Domino
716 2154 962 2194 sempiternam.

230 2216 415 2257 Postquam
442 2216 567 2257 placuit
594 2215 767 2247 Altissimo
793 2225 854 2247 nos
880 2217 921 2247 ad
948 2217 1224 2257 gubernationem
1257 2216 1395 2249 Ordinis
1432 2226 1629 2256 convocare,
1656 2217 1710 2249 illa
1736 2226 1870 2258 semper
1906 2217 1953 2249 ef-

142 2279 239 2310 ficere
265 2279 468 2316 curavimus,
494 2287 581 2319 quae
624 2280 745 2310 statum
774 2278 863 2309 illius
904 2282 1109 2310 concernunt
1134 2281 1165 2310 et
1191 2280 1361 2317 honorem,
1402 2289 1441 2311 ne
1467 2280 1531 2311 sub
1560 2280 1663 2311 nostri
1697 2289 1776 2311 cura
1802 2280 1953 2311 dedecus

143 2343 173 2372 et
199 2341 351 2372 iniuriam
388 2341 608 2372 substrueret.
637 2341 744 2372 Huius
782 2341 826 2372 rei
861 2342 1099 2381 contemplatio
1126 2341 1202 2373 tecit
1229 2351 1290 2373 nos
1316 2342 1422 2383 magis
1447 2351 1485 2373 ac
1513 2343 1619 2383 magis
1645 2342 1826 2382 pervigiles
1852 2350 1954 2382 super

143 2401 341 2434 Provincias
366 2405 397 2435 et
422 2401 621 2435 Conventus
659 2404 762 2434 nostri
802 2412 900 2434 curae
939 2404 1128 2435 immediate
1162 2404 1333 2435 subiectos
1351 2401 1411 2443 (2),
1437 2406 1467 2435 et
1493 2406 1586 2436 tanto
1611 2405 1799 2435 studiosius
1825 2406 1951 2444 quanto

142 2466 218 2495 sunt
256 2465 513 2505 principaliores
549 2468 580 2496 et
617 2465 786 2497 clariores.
824 2464 908 2497 Cum
948 2466 1046 2505 igitur
1082 2468 1194 2497 noster
1231 2464 1428 2498 Conventus
1470 2466 1563 2498 Beati
1601 2466 1778 2507 Augustini
1814 2466 1949 2506 Papiae,

143 2527 269 2558 ratione
307 2525 436 2567 Capitis
474 2530 505 2559 et
542 2527 649 2559 Ducis
687 2528 801 2565 nostri,
839 2528 960 2559 debeat
986 2529 1101 2559 merito
1138 2529 1279 2560 coeteris
1316 2529 1485 2569 anteponi,
1524 2529 1684 2560 duximus
1710 2530 1953 2561 consulendum

144 2589 204 2619 hos
231 2589 474 2629 gubernatores
500 2592 531 2622 et
558 2592 703 2622 rectores
730 2591 852 2622 ibidem
884 2591 1098 2627 constituere,
1139 2600 1226 2630 quos
1267 2591 1512 2631 circumspecta
1554 2592 1776 2631 providentia,
1803 2592 1954 2632 probitas

144 2651 240 2688 vitae,
279 2660 406 2683 morum
442 2653 601 2684 honestas
627 2654 658 2684 et
684 2652 770 2684 clara
798 2653 954 2684 virtutum
982 2653 1097 2684 merita
1124 2653 1343 2684 reddiderunt
1382 2654 1422 2684 ad
1457 2654 1519 2685 hoc
1562 2653 1702 2685 idoneos
1735 2655 1766 2685 et
1798 2656 1953 2685 attentos.

143 2711 190 2743 Te
219 2713 354 2751 idcirco,
369 2714 465 2745 euius
484 2714 585 2745 vitam
612 2716 642 2746 et
668 2715 959 2746 conversationem
977 2714 1179 2746 laudabilem
1197 2715 1486 2755 domesticamque
1505 2715 1761 2747 familiaritatem
1780 2714 1830 2755 (3)
1856 2716 1954 2757 longa

199 2868 228 2893 (l)
244 2868 271 2890 Di
287 2871 371 2895 questo
396 2869 597 2896 Religioso,tig1io
620 2871 655 2892 del
678 2870 799 2892 convento
815 2871 836 2891 di
852 2871 874 2892 S.
899 2871 979 2891 Marco
1001 2871 1022 2891 di
1079 2871 1166 2897 singen
1189 2877 1252 2897 oper.
1275 2872 1341 2893 citat.
1365 2877 1416 2898 pag.
1433 2872 1470 2897 22;
1493 2871 1626 2897 CRUSENJO,
1649 2878 1710 2898 oper,
1736 2872 1810 2897 citari,
1835 2872 1949 2897 pag—139,

147 2912 242 2938 Mil-ino,
258 2913 276 2934 si
292 2919 318 2934 sa
333 2914 374 2934 elie
389 2914 522 2936 intervenne
538 2916 572 2936 nel
590 2916 639 2937 1334
654 2916 675 2936 al
691 2915 793 2936 Concilio
819 2916 957 2940 Fiorcutiuo;
980 2916 1020 2936 clie
1129 2915 1158 2940 (2)
1174 2916 1203 2936 La
1219 2916 1305 2942 grande
1329 2916 1474 2942 importanza
1497 2917 1532 2937 del
1555 2916 1675 2938 Convento
1697 2917 1719 2937 di
1741 2916 1763 2937 S.
1787 2916 1899 2942 Agostiuo
1922 2916 1949 2936 ha

147 2955 169 2977 iu
186 2956 325 2978 confessore
340 2958 361 2978 di
378 2958 467 2985 Filippo
491 2959 566 2980 Maria
582 2959 694 2985 Visconti;
711 2960 752 2981 clie
769 2960 824 2981 morl
841 2960 862 2980 iu
879 2960 965 2980 Milano
989 2960 1024 2980 ucl
1079 2959 1138 2981 tatto
1153 2960 1180 2985 sl,
1197 2961 1237 2981 elie
1253 2961 1266 2981 il
1283 2960 1393 2982 Generale
1409 2961 1548 2982 dell'Ordine
1564 2962 1586 2982 lo
1601 2967 1683 2982 avesse
1698 2967 1789 2987 sempre
1800 2962 1864 2981 sotto
1876 2961 1896 2981 la
1907 2966 1949 2981 sua

149 3001 205 3021 1⁴47.
224 3002 254 3022 lfu
270 3003 362 3023 oratore
377 3002 501 3029 celebrato,
517 3009 528 3024 e
544 3003 615 3024 lascio
631 3004 675 3024 due
691 3004 775 3025 volumi
799 3004 819 3024 di
842 3005 941 3024 sermoni
965 3010 1020 3030 qua-
1074 3004 1237 3030 giurisdizione
1253 3005 1393 3026 immediata⁴

150 3044 295 3070 dragcsimali
310 3051 322 3067 e
338 3051 378 3072 per
393 3047 413 3068 le
428 3046 494 3068 teste.
511 3047 567 3068 Vedi
584 3047 699 3073 TORELM.
716 3048 760 3069 vol.
778 3048 814 3074 Vl,
840 3054 891 3074 pag.
914 3049 960 3072 773:
979 3048 1020 3069 Os-
1128 3049 1157 3073 (3)
1173 3049 1277 3070 L'essere
1293 3050 1408 3071 cliiamato
1423 3051 1496 3076 socio,
1512 3050 1606 3071 l'cssere
1629 3050 1667 3076 qui
1690 3050 1805 3071 ricordaia
1828 3050 1848 3070 la
1873 3050 1949 3071 dome-
