2347 3444
338 182 381 214 80

337 316 425 346 dinis
451 315 586 347 fratrum
614 316 854 348 Heremitarum
882 317 986 348 sancti
1014 316 1204 357 Augustini.
1243 319 1411 356 tmnquam
1439 316 1741 346 fideicomissarius
1766 318 1796 346 et
1822 319 1983 347 executor
2008 316 2147 348 codicil-

337 377 441 408 lorum
468 381 499 409 ct
526 378 637 410 ultime
664 379 846 409 voluntatis
873 380 1042 419 quondam
1070 379 1204 409 dominc
1232 378 1412 417 Margarite
1440 378 1480 408 de
1506 375 1673 417 Campixe
1693 377 1804 408 relicte
1831 378 2001 418 quondam
2034 379 2149 410 ultimo

336 440 410 471 loco
435 440 559 471 domini
588 440 775 481 Tliamayni
803 441 843 472 de
871 439 971 472 Curte
999 441 1038 471 de
1067 440 1226 480 Moyana,
1254 440 1284 470 in
1311 440 1436 479 quibus
1474 439 1640 470 codicillis
1666 442 1697 470 et
1724 439 1837 470 ultima
1864 440 2034 472 voluntate
2060 441 2149 472 dicta

335 502 504 542 quondam
532 502 667 533 domina
694 502 876 541 Margarita
904 503 1026 541 legavit
1053 505 1083 532 et
1110 501 1318 532 adiudicavit
1345 501 1488 532 ecclesie
1515 503 1631 532 sancte
1665 500 1839 532 Mustiolle
1877 502 2024 542 predicte
2051 502 2151 534 infra-

334 564 493 604 scriptam
531 564 666 594 domum
693 568 723 595 et
750 564 860 594 omnia
901 564 986 594 bona
1026 563 1175 593 mobillia
1203 563 1233 593 in
1261 572 1299 593 ea
1327 563 1507 594 existentia
1546 566 1695 603 tempore
1733 564 1848 595 mortis
1883 564 1991 604 ipsius
2015 565 2150 596 domine

334 626 526 667 Margarste,
565 635 654 657 come
680 627 722 657 ιΙιι
749 628 942 657 testamento
979 634 1047 663 rog.
1088 624 1254 656 Ginvanm'
1281 623 1506 662 Gambarana,
1532 625 1585 656 nel
1612 626 1626 656 I
1650 626 1778 665 ιξῐιιξηο
1808 626 1894 657 1445
1895 651 1944 661 .....
1972 635 2046 657 cum
2075 635 2148 667 pre-

335 689 454 724 sentia,
481 689 652 719 voluntate
678 694 707 719 et
734 696 922 718 consenssu
951 687 1124 718 reverendi
1152 687 1182 716 in
1210 684 1345 718 Christo
1372 687 1475 727 patris
1501 687 1627 718 domini
1654 687 1764 719 fratris
1791 687 1917 719 Alberti
1943 688 1984 719 de
2015 686 2147 729 Cn‘spis

335 751 364 781 in
392 759 487 782 sacra
515 751 636 790 pagina
671 750 831 789 magistri,
870 758 928 780 nec
968 758 1031 779 non
1067 748 1270 780 venerabilis
1307 749 1432 780 domini
1472 748 1582 780 fratris
1621 748 1766 781 lacobini
1793 750 1834 781 de
1860 748 1991 790 Stropis
2027 750 2069 782 de
2096 749 2151 781 Bi-

332 814 459 844 nasclio
485 812 623 843 Ordinis
650 816 679 843 et
706 810 904 843 Conventus
932 811 1170 850 predictorum,
1207 811 1306 842 vende
1327 820 1389 851 per
1403 810 1519 851 fiorini
1546 811 1609 843 150
1632 811 1664 843 Ia
1690 811 1778 843 cletta
1815 820 1894 843 cusa
1920 812 1966 843 ud
1988 812 2150 853 Agostitzo

330 874 503 909 Buraccln',
525 876 623 914 postu
648 873 734 904 nella
757 872 951 913 purroccln'a
977 872 1012 903 cli
1036 871 1069 904 S⁴
1099 871 1314 904 Colombcmo.

1101 1028 1377 1069 CCXXVI.

418 1138 541 1173 Legati
568 1137 623 1165 del
649 1137 768 1166 notaio
794 1137 948 1165 Antonio
974 1137 1143 1165 Giussani
1169 1146 1189 1165 a
1216 1138 1337 1166 favore
1364 1138 1456 1174 degli
1482 1138 1707 1175 Agostiniani
1733 1139 1767 1167 di
1795 1139 1919 1168 Pavia.

997 1241 1149 1273 1447,
1179 1242 1415 1274 git1g1109
1446 1242 1494 1267 ὲ).

889 1330 966 1351 ‹Arcn
984 1330 1064 1351 Notati
1082 1330 1103 1350 di
1120 1330 1190 1351 pavia
1205 1341 1231 1344 —
1247 1330 1294 1351 Atti
1311 1330 1332 1351 di
1350 1330 1453 1351 Gervasu
1469 1330 1604 1356 Alipmndi).

396 1541 543 1658 M
575 1554 798 1595 CCCC·'')<LV11,
825 1555 993 1587 indicione
1019 1560 1053 1594 Χ,
1079 1556 1133 1587 die
1158 1560 1226 1595 VlllJ
1254 1555 1347 1594 lunii,
1374 1556 1454 1587 hora
1482 1565 1711 1597 vesperarum.

686 1617 940 1649 Testamentum
966 1617 1101 1650 Antonii
1128 1618 1169 1649 de
1195 1616 1362 1650 Glusiano
1389 1619 1506 1650 notarii
1534 1619 1709 1660 papiensis
1734 1619 1791 1650 filii
1819 1620 1989 1660 quondam
2023 1620 2148 1651 domini

357 1714 447 1717 —jj
568 1679 772 1718 Bernardi‚
798 1682 881 1712 etc..
887 1680 999 1712 ,Item
1025 1681 1118 1712 dedit
1144 1683 1175 1712 et
1201 1681 1326 1721 legavit
1352 1679 1542 1713 Conventui
1569 1681 1711 1713 ecclesie
1737 1682 1844 1713 sancti
1883 1681 2063 1723 Augustini
2089 1682 2149 1714 flo-

332 1751 431 1774 renos
456 1715 552 1773 dnos.
581 1742 657 1774 Item
685 1743 777 1774 dedit
803 1744 834 1774 et
861 1743 985 1784 legavit
1011 1743 1191 1774 conventui
1218 1743 1361 1775 ecclesie
1387 1745 1502 1775 sancte
1529 1743 1704 1775 Mustiolle
1729 1743 1876 1775 florenos
1902 1744 2000 1782 duos,
2026 1746 2088 1776 etc

1067 1900 1371 1941 CCXXVII.

425 2009 610 2037 Domanda
647 2009 703 2038 dei
740 2009 871 2038 Pavesi
908 2018 928 2038 a
965 2009 1166 2038 Franeeseo
1207 2009 1333 2038 Sforza
1372 2018 1433 2046 per
1459 2009 1483 2038 il
1508 2009 1620 2038 libero
1661 2018 1809 2038 accesso
1846 2009 1916 2039 alla
1954 2009 2083 2038 Chiesa
2117 2010 2152 2039 di

334 2063 368 2091 S.
395 2063 569 2098 Agostino
587 2060 649 2102 (1).

955 2131 1109 2163 1447,
1130 2133 1470 2164 sette111bre‚
1499 2131 1576 2157 18.

849 2220 989 2245 ‹ROBOLINL
1005 2221 1134 2242 Notium...
1151 2221 1176 2241 (Ii
1191 2220 1273 2246 Ριινία,
1289 2220 1334 2241 νοΙΔ
1351 2220 1388 2246 Vl,
1405 2222 1464 2246 part.
1481 2220 1497 2246 1,
1513 2225 1566 2246 pag.
1581 2220 1638 2245 300).

442 2405 489 2520 I
583 2422 835 2451 NFRASCRlPTA
861 2420 939 2449 sunt
965 2418 1123 2458 capitula,
1150 2427 1215 2458 que
1241 2418 1435 2459 supplicant
1473 2419 1566 2450 cives
1591 2417 1695 2458 Papie
1722 2418 1785 2449 sibi
1812 2418 1952 2449 concedi
1980 2420 2011 2449 et
2035 2418 2156 2449 confir-

605 2482 684 2512 mari
712 2490 770 2522 per
797 2481 957 2513 illustrem
983 2482 1155 2512 dominum
1183 2482 1354 2513 dominum
1382 2481 1598 2513 Franciscum
1625 2479 1780 2512 sfortiam
1808 2479 2057 2519 vicecomitem,
2083 2483 2144 2512 etc.

478 2579 486 2580 ἶ
695 2543 846 2576 Otnt'ssis.

433 2606 509 2637 ltem
529 2606 570 2636 ad
598 2607 659 2637 lioc
688 2609 720 2637 ut
747 2607 867 2637 civitas
893 2605 997 2646 Papie
1024 2607 1132 2647 magis
1157 2606 1268 2646 ampla
1295 2608 1473 2643 remaneat,
1500 2605 1650 2645 liberque
1676 2607 1844 2636 remaneat
1861 2613 2022 2636 accessus
2040 2605 2082 2636 ad
2101 2613 2155 2636 ec-

336 2668 472 2699 clesiam
501 2668 686 2699 beatissimi
714 2667 892 2708 Augustini
920 2669 1053 2708 patroni
1081 2671 1109 2699 st
1136 2668 1338 2700 deffensoris
1365 2668 1464 2699 huius
1479 2667 1625 2699 civitatis
1644 2669 1673 2698 et
1693 2666 1829 2698 resultet
1847 2667 1984 2698 devotio
2002 2667 2153 2699 eiusdem

338 2730 525 2762 beatissimi
553 2731 678 2761 sancti:
705 2728 849 2770 (petunt)
887 2731 976 2770 quod
1004 2731 1173 2762 cittadelle
1204 2730 1308 2770 Papie
1334 2739 1376 2761 ex
1403 2732 1472 2761 toto
1497 2729 1617 2760 debeat
1655 2728 1827 2769 explanari
1867 2738 1927 2760 nec
1959 2729 2069 2769 possit
2093 2729 2154 2760 ali-

395 2887 425 2909 (1Ὶ
442 2887 520 2907 Morio
537 2887 625 2912 Filippo
642 2887 715 2907 Maria
732 2887 834 2907 visconti
851 2887 870 2907 :1i
890 2888 912 2907 lt!
927 2889 1010 2911 :igosto
1026 2887 1061 2907 del
1080 2888 1137 2911 1447,
1156 2887 1223 2907 Fran·
1279 2887 1373 2910 Milano,
1389 2886 1485 2911 agevole
1500 2886 1530 2911 gli
1546 2885 1568 2906 iu
1585 2885 1715 2906 d'ottencre
1730 2885 1750 2906 la
1766 2886 1942 2906 sottmnissione
1958 2886 1979 2906 di
1996 2885 2073 2912 Pavia,
2094 2886 2154 2911 giac-

342 2936 410 2952 cesco
426 2930 515 2955 Stoma,
531 2931 571 2951 clie
587 2936 614 2951 ne
629 2936 702 2951 avem
718 2933 814 2956 spnsata
831 2931 850 2951 lu
867 2931 927 2955 tiglizi
954 2931 1046 2956 bianca,
1062 2931 1128 2951 cereo
1144 2931 1222 2952 subito
1277 2931 1318 2951 elie
1334 2931 1392 2951 ebbe
1408 2931 1480 2955 tosto,
1496 2935 1536 2955 per
1552 2935 1622 2954 opera
1638 2929 1673 2950 del
1690 2929 1762 2950 Contu
1778 2930 1869 2951 Matteo
1885 2930 2010 2951 Attendolo
2025 2930 2154 2956 Bolognini,

343 2976 365 2996 di
382 2975 520 3000 raccogliere
543 2975 555 2995 il
579 2978 668 3000 potere,
691 2978 837 2996 contras-tato
857 2976 892 2995 dai
914 2976 1019 2996 tentativi
1043 2976 1063 2995 di
1086 2976 1220 2996 autonomia
1276 2975 1290 2995 il
1307 2979 1418 3000 possesso
1434 2973 1469 2994 del
1485 2973 1588 2994 Casteno
1604 2973 1625 2993 di
1643 2973 1720 2997 Pavia:
1736 2980 1748 2994 e
1764 2974 1842 2999 quindi
1858 2975 1887 2999 gli
1903 2974 1995 2995 Oratori
2017 2974 2076 2995 della
2097 2974 2153 2996 cina

343 3020 399 3040 sorti
416 3020 437 3039 in
454 3019 541 3040 Milano
557 3019 614 3040 colla
635 3018 775 3044 Repubblien
798 3020 953 3043 :nnbrosinnzn
975 3020 995 3039 in
1017 3019 1086 3040 Psivia
1102 3020 1160 3040 colla
1184 3019 1223 3040 Re·
1278 3018 1361 3039 turono
1376 3018 1396 3038 al
1413 3023 1456 3038 suo
1471 3023 1554 3043 campo
1569 3023 1581 3037 τι
1598 3018 1695 3038 tranare
1711 3018 1731 3038 le
1746 3018 1876 3039 condizioni
1892 3018 1951 3039 della
1967 3023 2026 3039 resa⁴
2043 3019 2101 3039 Frni
2117 3024 2153 3040 ca-

345 3064 452 3090 pubblica
468 3063 489 3083 di
506 3063 529 3086 S.
545 3063 595 3084 Sim
612 3069 657 3084 ecc⁴
675 3062 703 3083 Se
721 3063 812 3083 difficile
829 3064 896 3083 turno
911 3064 956 3083 allo
968 3063 1048 3083 δῖοι-ιιι
1065 3064 1188 3089 l'acqnisto
1200 3063 1221 3083 di
1278 3063 1342 3089 pitoli
1359 3062 1491 3083 concordati
1509 3067 1548 3087 per
1564 3063 1647 3087 questa
1663 3062 1674 3082 ὲ
1690 3062 1703 3082 il
1720 3064 1792 3083 trano
1808 3062 1828 3083 di
1845 3063 1992 3085 documento.
2008 3064 2049 3084 che
2065 3064 2155 3089 pubbli-
