2347 3444
336 240 380 271 40

761 373 820 405 Hic
848 374 878 404 in
905 373 1048 405 consilio
1075 372 1213 413 reliquis
1239 381 1313 403 cum
1340 371 1493 412 patribus
1520 371 1592 411 ipse

760 426 831 458 lura
857 427 958 458 dabat
985 426 1112 466 populo
1139 425 1295 466 Ligurum
1322 425 1387 456 sub
1413 424 1563 464 principe
1589 432 1721 455 summo

760 488 883 520 ludicis
908 496 999 519 arma
1036 495 1157 528 gerens
1191 487 1314 518 iustum
1342 488 1536 526 rectumque
1563 485 1696 517 colebat

760 550 917 581 Patribus
943 549 1080 580 orbatos
1107 548 1198 589 vigili
1227 548 1349 588 pietate
1375 548 1530 579 sumebat
1550 544 1608 586 (1).

1106 713 1386 755 CLXXIII.

428 827 533 855 Frate
559 826 708 854 Paolino
745 825 790 853 da
827 824 992 857 Gessate,
1031 823 1266 860 agostiniano,
1305 822 1490 859 calligrafo
1517 831 1535 851 e
1560 822 1759 856 miniatem,
1787 821 1904 850 scrive
1940 830 1985 849 un
2022 820 2158 849 Antifo-

339 880 438 908 nario
463 889 524 916 per
550 880 573 907 il
601 878 763 915 Capitolo
789 878 824 906 di
850 878 885 906 S.
913 877 1077 906 Michele.

942 992 1092 1023 1420,
1114 998 1333 1017 lmoxvenmm
1341 992 1452 1022 lvx-e,
1473 990 1558 1015 25.

902 1080 977 1103 (Ascli.
995 1080 1075 1101 Nutar.
1092 1080 1114 1101 di
1131 1080 1200 1102 Pavia
1217 1092 1241 1094 —
1257 1081 1304 1101 Atti
1321 1080 1342 1101 di
1359 1080 1437 1101 Silano
1453 1080 1589 1105 Maugano:

447 1266 495 1381 I
588 1284 610 1310 Ν
637 1280 770 1310 nomine
797 1278 942 1316 Domini,
968 1288 1076 1310 amen.
1104 1278 1201 1310 Anno
1227 1288 1245 1310 a
1271 1279 1445 1310 nativitate
1471 1278 1624 1310 eiusdem
1651 1278 1828 1309 millesimo
1863 1278 2161 1318 quatricentesimo

611 1342 890 1382 vigesimosexto,
918 1341 1086 1372 indicione
1112 1343 1241 1381 quarta,
1267 1341 1321 1372 die
1348 1341 1513 1382 vigesimo
1550 1341 1668 1381 quinto
1693 1341 1819 1372 mensis
1845 1340 2051 1377 novembris,
2079 1341 2159 1372 hora

445 1440 467 1441 ἶ
611 1413 728 1444 parum
754 1406 830 1435 ante
857 1412 1030 1444 vesperas.
1058 1403 1090 1434 ln
1117 1404 1251 1435 civitate
1289 1402 1404 1444 Papie,
1442 1403 1599 1435 videlicet
1625 1404 1656 1434 in
1682 1403 1836 1434 sacristia
1874 1403 2016 1434 ecclesie
2055 1403 2160 1434 sancti

342 1467 519 1498 Michaelis
545 1467 608 1498 sita
635 1467 665 1497 in
693 1465 791 1497 Porta
818 1466 925 1497 sancti
946 1465 1103 1497 Iohannis
1123 1466 1153 1496 in
1173 1466 1332 1506 parochia
1352 1466 1461 1506 ipsius
1479 1466 1632 1497 ecclesie.
1660 1465 1692 1496 ln
1720 1465 1782 1497 mei
1809 1465 1926 1497 notarii
1954 1465 2162 1505 testiumque

342 1529 630 1569 infrascriptorum
669 1529 848 1569 presentia,
887 1529 1090 1560 venerabilis
1117 1529 1167 1559 vir
1191 1529 1349 1560 dominus
1387 1528 1552 1568 presbiter
1578 1528 1737 1559 Francius
1764 1528 1804 1559 de
1830 1527 1924 1559 Alzio
1965 1527 2162 1568 prepositus

342 1592 571 1632 suprascripte
607 1591 750 1623 ecclesie
787 1591 893 1622 sancti
932 1590 1111 1622 Michaelis
1145 1591 1286 1622 Maioris
1312 1590 1373 1622 fuit
1399 1590 1576 1623 confessus
1603 1593 1634 1622 ct
1659 1591 1835 1622 confitetur
1864 1590 1998 1622 nomine
2027 1592 2060 1622 et
2086 1590 2159 1621 vice

341 1655 419 1686 dicti
446 1655 590 1686 ecclesie
617 1663 654 1685 ac
680 1652 828 1694 Capituli
856 1654 964 1694 ipsius
991 1653 1144 1691 ecclesie,
1171 1662 1292 1685 versus
1317 1654 1489 1684 dominum
1517 1653 1649 1685 fratrem
1677 1652 1854 1684 Paulinum
1880 1653 1921 1684 de
1948 1652 2092 1685 Gessate
2109 1650 2160 1692 (2)

343 1716 480 1749 Ordinis
519 1717 763 1748 Heremitarum
801 1716 907 1747 sancti
946 1715 1137 1757 Augustini,
1165 1716 1208 1747 ibi
1247 1719 1438 1757 presentem
1465 1718 1495 1747 et
1521 1716 1748 1756 stipulantem,
1775 1725 1810 1748 se
1837 1716 1947 1756 ipsum
1986 1716 2159 1747 dominum

342 1781 562 1821 prepositum,
588 1780 677 1810 dicto
704 1779 847 1815 nomine,
875 1779 1036 1810 habuisse
1062 1780 1093 1810 et
1118 1779 1294 1819 accepisse
1320 1787 1338 1810 a
1363 1779 1453 1810 dicto
1479 1779 1616 1810 domino
1642 1778 1740 1810 fratre
1760 1778 1902 1810 Paulino
1920 1780 2086 1819 quatenos
2112 1778 2162 1809 vi-

342 1843 557 1884 gintiseptem
585 1843 616 1873 in
643 1843 743 1873 cartis
770 1841 966 1873 Antifenarii
994 1850 1052 1882 per
1077 1850 1151 1873 eum
1179 1842 1324 1882 scriptos
1351 1845 1381 1873 et
1407 1843 1551 1879 notatos,
1577 1842 1618 1873 ad
1646 1844 1839 1882 computum
1878 1850 2074 1883 grossorum
2114 1841 2162 1872 vi-

344 1905 570 1946 gintiduorum
598 1914 658 1945 pro
685 1904 820 1944 singulo
845 1906 1020 1944 quaterno,
1048 1904 1140 1935 iuxta
1167 1904 1424 1935 conventionem
1451 1903 1572 1935 factam
1601 1904 1684 1935 inter
1710 1904 1819 1944 ipsum
1846 1904 2020 1934 dominum
2041 1912 2163 1943 prepo—

344 1968 443 1999 situm
470 1976 507 1998 ac
533 1967 704 2007 egregium
742 1967 951 1998 decretorum
988 1966 1160 1997 doctorem
1197 1966 1370 1997 dominum
1404 1965 1641 2007 Thomaynum
1668 1955 1886 2007 de'Zaganis
1920 1966 2073 1997 eiusdem
2108 1974 2164 1997 ec—

345 2030 444 2061 clesie
471 2029 682 2066 canonicum,
709 2029 798 2060 dicto
825 2029 970 2065 nomine,
997 2031 1088 2068 parte
1116 2037 1191 2066 una,
1217 2030 1248 2059 et
1273 2028 1398 2059 dictum
1425 2029 1597 2059 dominum
1618 2028 1749 2060 fratrem
1769 2027 1909 2060 Paulum
1937 2031 2030 2068 parte
2050 2029 2162 2060 altera.

345 2090 495 2129 Quorum
523 2094 761 2131 quaternorum
789 2091 916 2131 primus
943 2091 1058 2131 incipit
1085 2090 1207 2124 Rorate
1232 2090 1294 2122 celi
1317 2093 1347 2122 et
1375 2090 1511 2122 ultimus
1537 2091 1648 2122 finitur
1680 2091 1815 2131 Vespere
1833 2093 1940 2122 antem
1958 2091 2069 2122 sabati
2086 2099 2161 2122 cum

347 2154 490 2187 Rubriea
517 2154 745 2194 complectorii
774 2153 862 2184 illius
888 2153 963 2184 diei.
993 2153 1030 2184 Et
1057 2162 1154 2184 versa
1181 2153 1252 2184 vice
1278 2153 1390 2185 dietus
1415 2154 1574 2184 dominus
1601 2153 1701 2185 frater
1726 2152 1888 2185 Paulinus
1906 2153 1966 2184 fuit
1985 2153 2163 2185 confessus

344 2219 375 2248 et
401 2217 578 2248 confltetur
615 2224 735 2247 versus
773 2215 937 2256 prefatum
964 2215 1137 2246 dominum
1165 2216 1374 2255 prepositum
1403 2216 1446 2246 ibi
1474 2218 1663 2256 presentem
1690 2218 1721 2247 et
1746 2216 1961 2256 stipulantem
1989 2216 2079 2247 dicto
2106 2224 2165 2247 no-

349 2280 446 2316 mine,
473 2288 508 2310 se
536 2280 645 2318 ipsum
674 2279 845 2309 dominum
875 2278 1005 2309 fratrem
1033 2277 1210 2309 Paulinum
1238 2278 1398 2309 habuisse
1424 2280 1455 2309 et
1480 2279 1656 2318 accepisse
1674 2287 1692 2310 a
1711 2279 1801 2310 dicto
1827 2278 1964 2309 domino
1979 2278 2163 2318 preposito,

349 2342 438 2372 dicto
466 2342 609 2375 nomine,
637 2349 696 2380 pro
723 2341 883 2380 predictis
909 2341 1082 2380 quaternis
1120 2341 1381 2381 vigintiseptem,
1420 2340 1522 2371 libras
1559 2341 1803 2381 quinquaginta
1841 2349 1961 2371 novem
1987 2343 2017 2372 et
2047 2340 2165 2372 soldos

348 2407 423 2434 octo
450 2403 650 2443 imperiales,
690 2403 720 2433 in
760 2412 824 2434 una
862 2405 964 2443 parte.
1003 2402 1079 2434 ltem
1107 2403 1137 2433 in
1166 2411 1229 2433 una
1263 2403 1326 2434 alia
1365 2405 1457 2443 parte
1495 2403 1612 2434 soldos
1648 2403 1826 2434 duodecim
1866 2403 2055 2443 imperiales
2082 2403 2165 2434 ultra

351 2466 452 2496 libras
481 2475 599 2496 novem
627 2468 657 2496 et
685 2465 801 2496 soldos
828 2474 900 2501 sex,
928 2465 990 2505 ipsi
1018 2465 1101 2496 alias
1127 2465 1234 2496 eidem
1273 2465 1410 2495 domino
1448 2465 1536 2496 fratri
1572 2464 1713 2496 Paulino
1751 2474 1808 2505 per
1845 2465 1954 2496 dictos
1992 2465 2166 2496 dominum

351 2529 557 2568 prepositum
586 2531 614 2558 et
641 2528 814 2558 dominum
853 2526 1088 2568 ”l'homaynum
1128 2530 1321 2558 numeratos
1359 2536 1418 2568 pro
1456 2530 1548 2567 parte
1585 2527 1763 2558 solutionis
1802 2528 1878 2558 resti
1907 2527 1979 2558 libri
2007 2536 2066 2568 per
2090 2536 2165 2559 eum

351 2591 504 2630 scrlpturi
532 2594 561 2621 et
589 2590 736 2627 notandi,
776 2590 868 2621 iuxta
906 2590 1164 2621 conventionem
1203 2590 1397 2629 predictam,
1424 2590 1464 2621 de
1490 2589 1614 2629 quibus
1649 2589 1742 2620 libris
1769 2599 1888 2621 novem
1916 2594 1945 2621 et
1972 2590 2079 2621 soldis
2105 2598 2165 2621 sex

420 2767 435 2786 l,
456 2766 469 2785 11
487 2765 552 2786 Bossi
570 2765 657 2790 rit-opio
674 2768 755 2790 qut-sta
773 2765 876 2790 epietnte
893 2765 915 2785 ιἰι
932 2766 1078 2785 tumruxterto
1095 2764 1117 2784 S.
1135 2765 1232 2785 l'l'lustio-
1288 2767 1320 2785 tra
1336 2765 1364 2790 gli
1382 2765 1524 2789 Agostmiani
1541 2765 1563 2785 di
1581 2764 1649 2785 l'ssvia
1665 2765 1684 2785 ci
1701 2765 1751 2785 vien
1768 2765 1884 2785 ricordnto
1899 2771 1964 2786 come
1987 2765 2104 2790 calligrato
2127 2766 2165 2786 mi-

357 2812 402 2833 ltw,
419 2811 431 2830 il
448 2811 489 2830 che
505 2810 557 2830 vuol
574 2810 621 2829 dire
637 2811 678 2829 cht-
695 2810 706 2829 il
725 2809 851 2832 Mammam
868 2810 885 2829 si
903 2815 939 2829 ersi
957 2809 1028 2829 ult-tto
1045 2809 1057 2828 il
1074 2810 1180 2834 sepulcro
1199 2810 1234 2829 nel
1291 2809 1386 2829 uiatore.
1405 2809 1575 2834 L'importanza
1592 2809 1650 2829 della
1668 2808 1765 2829 Basilica
1782 2809 1802 2829 di
1819 2809 1841 2829 S,
1859 2809 1957 2830 Michcle
1973 2809 2093 2834 minagium
2108 2810 2127 2831 ci
2144 2810 2164 2831 ia

358 2854 466 2875 Chiostro
481 2854 516 2874 del
533 2854 654 2874 convento
680 2854 726 2877 Egli
743 2853 856 2873 dimostro
872 2859 918 2873 cosi
937 2859 979 2873 una
996 2853 1096 2878 speciale
1107 2853 1234 2873 devozione
1291 2854 1446 2878 giustamente
1462 2854 1559 2874 titt-nere
1575 2854 1615 2873 che
1631 2854 1635 2873 i
1653 2854 1701 2873 hhri
1719 2859 1759 2878 per
1775 2854 1794 2874 la
1810 2853 1940 2874 otticmtura
1952 2854 1973 2874 di
1990 2854 2042 2879 quel
2058 2853 2166 2880 Capitolo

359 2905 426 2920 verso
442 2899 470 2923 gli
489 2898 619 2919 list-mitani
637 2898 667 2918 l‘u
685 2904 754 2918 nomo
770 2898 886 2918 celebrato
902 2898 922 2917 ni
939 2898 989 2917 suoi
1007 2898 1077 2922 tempi
1091 2903 1129 2922 per
1148 2898 1167 2917 la
1186 2898 1236 2918 dnt-
1292 2898 1381 2918 iussero
1402 2897 1515 2923 splendidi
1533 2903 1572 2922 per
1589 2898 1608 2917 la
1625 2898 1742 2918 ricchczzu
1759 2898 1794 2918 dei
1817 2898 1872 2922 fregi
1889 2904 1900 2918 e
1917 2898 1975 2919 delle
1992 2898 2108 2923 immagini
2124 2899 2165 2919 che

359 2944 417 2964 trina
434 2944 514 2967 leunle,
531 2944 571 2963 che
588 2942 695 2968 professo
711 2942 762 2962 nell*
780 2942 910 2963 universim
933 2942 969 2961 dal
997 2943 1053 2962 13⁸3,
1077 2942 1108 2962 l-'u
1135 2943 1237 2962 membro
1292 2942 1441 2963 adornavnno
1457 2942 1462 2962 i
1478 2942 1621 2967 capilencra.
1639 2942 1680 2962 Dal
1697 2942 1837 2963 documento
1853 2948 1897 2963 nori
1917 2939 2039 2968 apparisce
2062 2948 2086 2963 se
2108 2942 2166 2964 frate

360 2988 394 3008 dei
412 2988 456 3008 due
472 2987 557 3011 Collegi
575 2986 738 3010 niniven-simne
754 2992 765 3007 e
781 2987 816 3006 nel
835 2987 882 3006 1417
899 2986 1040 3010 Cousigliere
1057 2987 1145 3007 ducale>
1159 2986 1239 3007 Rsfflo-
1295 2986 1389 3007 Paulino
1414 2986 1477 3007 losse
1501 2986 1559 3007 della
1583 2986 1699 3007 comunitil
1715 2987 1736 3007 di
1753 2986 1775 3007 S.
1801 2987 1912 3008 Mostiola
1928 2994 1941 3007 o
1957 2988 1978 3008 di
1997 2988 2072 3013 quella
2098 2987 2119 3008 di
2143 2987 2165 3009 S.

362 3036 415 3052 ΜΝΙ.
433 3032 534 3056 Not1'zie,
552 3032 595 3051 vol.
613 3031 639 3056 V,
657 3033 716 3056 partv
735 3031 759 3055 ll,
777 3036 828 3056 pag,
844 3031 886 3055 17¹J;
900 3031 995 3051 Memor.
1009 3031 1237 3056 1³11u‹·,1wr1‹1s!0r.
1297 3031 1380 3052 l’ietro.
1399 3031 1456 3052 Pero
1472 3031 1508 3052 dal
1524 3031 1664 3052 documento
1680 3035 1791 3057 segucnte
1807 3032 1825 3052 si
1842 3032 1911 3053 rilcva
1927 3032 2014 3058 ch’egli
2037 3038 2081 3053 uon
2104 3031 2166 3053 fosse

362 3076 498 3101 duschan,
515 3076 558 3096 vol.
577 3076 592 3101 l,
609 3081 661 3101 pag.
677 3076 709 3096 28.
1297 3077 1331 3096 tra
1347 3075 1352 3095 i
1370 3075 1436 3096 l’adri
1452 3075 1572 3100 capitolari
1589 3075 1609 3095 di
1626 3075 1648 3096 Sl
1665 3075 1784 3100 Mostiola,
1803 3082 1814 3096 e
1830 3082 1854 3097 se
1870 3082 1897 3097 ue
1913 3076 2017 3097 inferiscc
2033 3077 2112 3102 quiudi
2127 3077 2168 3097 che

415 3122 444 3145 (2)
461 3120 624 3141 Richiaminmo
641 3120 790 3141 l'attenzione
805 3125 831 3140 sn
849 3121 933 3144 questo
957 3119 1080 3145 Religioso,
1103 3120 1143 3140 che
1167 3120 1240 3145 primo
1295 3122 1463 3145 appartenesse
1478 3125 1490 3139 a
1507 3119 1529 3140 S.
1547 3119 1632 3145 l‘ietro,
1648 3123 1727 3141 centro
1742 3121 1816 3141 attivo
1835 3121 1856 3141 di
1872 3121 1950 3141 studio
1966 3127 1977 3142 e
1993 3121 2014 3141 di
2030 3124 2079 3142 arte
