2347 3444
1867 182 1909 213 63

103 320 186 350 hanc
212 320 334 350 cartam
360 318 401 350 de
428 317 587 358 predictis
613 317 710 349 michi
737 317 805 348 fieri
833 317 1034 358 rogaverunt
1059 317 1089 346 et
1115 316 1242 355 rogant.
1271 314 1491 346 interfuerunt
1508 313 1710 346 Guillelmus
1729 315 1769 346 de
1790 314 1909 345 Abiate

103 379 266 413 Guazono
292 380 336 421 fq.
363 379 537 411 Ambroxii
566 379 732 410 habitator
757 378 872 419 Papie,
899 378 1057 419 magister
1074 375 1306 409 Christoforus
1332 377 1373 408 de
1400 376 1524 408 Melzio
1549 376 1594 417 fq.
1620 375 1765 408 Pedrolli
1785 379 1815 408 et
1835 376 1914 407 Am-

104 443 243 474 broxius
269 443 310 474 de
336 441 456 479 Furno,
482 441 592 472 dictus
618 440 719 481 Zoya,
745 441 789 481 fq.
816 439 998 477 Guillelmi,
1025 439 1232 470 habitatores
1258 438 1374 479 Papie,
1402 438 1477 469 inde
1504 440 1617 470 testes.

889 579 1123 620 CXCIX.

194 679 384 708 Iscrizione
408 679 501 707 nella
527 678 695 715 cappella
721 679 755 707 di
783 680 817 708 S.
845 679 997 708 Antonio
1023 688 1040 708 e
1067 679 1101 708 S.
1130 678 1329 707 Elisabetta
1356 678 1389 705 in
1415 678 1450 706 S.
1479 677 1658 708 Mostiola.

723 767 740 790 1
748 766 876 798 4:³7,
905 767 1141 791 settonml
1149 772 1242 797 ›re9
1272 764 1324 790 ¹7.

579 863 672 886 (Museo
688 863 736 884 Civ.
754 863 775 883 di
792 865 848 884 stur.
862 864 936 889 patria
953 875 976 877 —
992 863 1011 884 G
1036 863 1115 889 130881,
1131 863 1246 884 iscrizioni
1264 868 1305 883 ms.
1322 862 1361 882 tol.
1377 862 1432 885 325).

124 914 125 935 l

124 942 126 1013 Ξ
176 943 294 1058 Α
346 923 376 986 lD
402 954 434 987 S.
462 954 652 986 Mostiolae.
681 954 713 985 ln
741 953 872 986 Sacello
899 955 1002 986 sancti
1031 954 1165 986 Antonii
1193 956 1222 985 et
1249 952 1281 985 S.
1309 952 1492 983 Elisabeth.

346 976 347 1035 1
795 1022 1054 1049 mccccxxxvu
1081 1017 1133 1048 die
1160 1021 1192 1047 νι
1220 1015 1324 1046 martii
1344 1012 1395 1053 (1)

132 1113 193 1114 j
530 1078 657 1110 Discite
683 1079 725 1110 ab
752 1079 909 1119 exemplo
935 1080 991 1119 qui
1018 1087 1171 1110 summna
1198 1078 1331 1118 negotia
1358 1078 1470 1117 patres

573 1139 747 1173 Consultis
774 1142 800 1172 si
828 1150 889 1172 vos
915 1150 992 1172 cura
1019 1141 1137 1172 salutis
1164 1140 1231 1181 agit

533 1204 592 1235 Hic
619 1206 798 1244 postquam
826 1204 947 1235 multos
974 1204 1045 1235 suis
1072 1203 1282 1244 Augustinus
1309 1202 1339 1233 in
1366 1210 1473 1233 annos

575 1264 682 1298 Cuius
708 1268 737 1297 et
764 1266 920 1306 ingenius
947 1267 1096 1306 miraque
1124 1267 1199 1296 nota
1226 1265 1309 1296 fides

532 1328 674 1361 Rexerat
700 1338 741 1359 ex
769 1330 859 1360 certo
885 1329 1047 1360 collectos
1074 1328 1190 1359 ordine
1216 1336 1339 1359 census

575 1390 622 1422 Te
649 1391 734 1422 duce
761 1390 952 1431 praefectus
979 1400 1097 1431 magne
1124 1389 1279 1430 philippe
1305 1392 1381 1420 tuos

531 1452 608 1484 Otia
634 1456 754 1493 sponte
781 1454 872 1493 cupit
899 1454 1011 1493 gravis
1037 1453 1134 1484 annis
1160 1454 1191 1483 et
1217 1460 1342 1483 memor
1366 1459 1442 1482 esse

577 1514 698 1547 Omnia
724 1516 851 1547 divitiis
879 1515 1032 1546 inferiora
1050 1512 1101 1554 (2)
1127 1514 1225 1545 bonis

532 1577 600 1609 Has
626 1578 717 1609 iubet
744 1577 878 1609 Antonii
905 1577 1058 1609 fabricari
1086 1577 1244 1608 laudibus
1269 1585 1344 1608 aras

578 1639 672 1677 Quas
699 1641 821 1681 pariter
847 1649 962 1671 sacrae
988 1640 1121 1671 dedicat
1148 1639 1343 1671 Helisabeth

533 1702 643 1743 thue
668 1702 825 1743 frequens
851 1703 987 1733 divinus
1014 1703 1121 1733 honos
1147 1701 1332 1733 celebretur
1358 1701 1388 1732 in
1416 1700 1480 1732 illis

581 1764 619 1796 Et
645 1765 755 1796 dotem
783 1767 813 1796 et
840 1767 953 1796 vestes
979 1766 1008 1796 et
1035 1773 1130 1796 sacra
1158 1772 1239 1795 vasa
1265 1764 1357 1795 dedit

535 1826 594 1858 Hic
622 1825 791 1858 Sclaiinati
820 1835 880 1857 sua
906 1835 974 1866 quo
999 1826 1207 1866 splendescit
1232 1826 1326 1866 origo

578 1887 779 1928 Perpetuum
808 1888 912 1919 voluit
938 1888 1113 1928 sanguinis
1139 1896 1214 1919 esse
1239 1888 1353 1919 decus.

179 1969 243 2007 Qui
270 1969 427 2000 dominus
454 1968 665 2009 Augustinus
703 1969 733 1999 in
773 1969 931 2000 natalitiis
965 1967 1000 1999 Β.
1029 1968 1156 1999 Mariae
1193 1967 1338 2009 Virginis
1364 1972 1408 1998 Vll
1435 1967 1636 2008 septembris
1673 1966 1810 2006 predicti
1844 1966 1920 1997 anni

114 2036 373 2071 MCCCCXXXVlJ
400 2031 487 2062 diem
513 2040 611 2062 suum
638 2031 758 2062 clausit
784 2033 969 2062 extremum
989 2028 1049 2069 (3).

972 2169 1060 2210 CC.

202 2270 444 2307 Disposizioni
469 2270 736 2298 testamentarie
763 2270 855 2298 della
882 2270 962 2298 nob.
990 2269 1151 2297 Tismina
1178 2269 1311 2298 Ozzola
1337 2278 1356 2297 a
1383 2269 1502 2297 favore
1529 2269 1563 2297 di
1589 2269 1624 2297 S.
1651 2268 1833 2297 Mostiola.

728 2356 881 2387 14:37,
907 2358 1226 2388 (lieenrnln‘e,
1255 2356 1307 2381 8.

589 2438 665 2461 (Arch⁴
684 2438 762 2458 Notas.
780 2438 801 2457 di
826 2437 895 2458 Pavia
914 2449 935 2451 ἡ
952 2438 999 2458 Atti
1016 2437 1036 2457 di
1054 2437 1110 2457 (ji-‘in
1128 2437 1244 2457 Lodovico
1260 2437 1435 2462 Strazzapattil.

189 2517 194 2543 ¹
232 2516 251 2631 Ι
289 2517 297 2545 ¹
353 2473 624 2561 {ESTAMENTUM
651 2529 784 2560 dominc
811 2528 961 2560 Tismine
987 2529 1028 2559 de
1054 2527 1160 2559 Ozula
1187 2528 1252 2559 filie
1279 2528 1448 2567 quondam
1484 2527 1609 2558 domini
1631 2527 1739 2558 lacobi
1758 2529 1787 2558 et
1807 2527 1923 2558 uxoris

382 2592 503 2632 egregii
530 2594 561 2623 et
586 2591 750 2632 sapientis
770 2591 879 2631 legum
898 2591 1047 2622 doctoris
1065 2590 1190 2620 domini
1213 2589 1369 2620 lobannis
1387 2590 1428 2620 de
1447 2588 1558 2620 piscia
1576 2586 1669 2627 (4)....
1697 2589 1784 2629 legat
1812 2597 1925 2620 usum-

235 2689 345 2691 ἶ
382 2654 523 2686 fructum
550 2664 838 2695 quorumcumque
866 2655 1028 2684 bonorum
1048 2661 1230 2683 suorum...
1251 2651 1379 2691 prefato
1398 2651 1534 2682 domino
1554 2650 1690 2682 Iohanni
1709 2651 1750 2682 de
1770 2650 1923 2681 Pissia...

173 2810 202 2835 (l)
218 2810 305 2835 Questa
329 2811 383 2832 data
403 2811 526 2832 Vlmartri
548 2812 566 2832 si
590 2811 690 2832 riterisce
712 2812 732 2831 al
756 2811 844 2835 giorno,
868 2811 888 2830 in
911 2810 946 2830 cui
970 2809 992 2829 iu
1050 2810 1110 2830 1511.
1129 2809 1144 2829 Ε
1160 2809 1206 2829 cosi
1224 2809 1236 2829 il
1254 2809 1291 2834 piu
1313 2815 1383 2829 suave
1406 2809 1441 2829 dei
1466 2809 1544 2834 pittori
1568 2808 1647 2834 pavcsi
1670 2808 1744 2833 compi
1769 2808 1845 2833 lunghi
1868 2808 1919 2828 :inni

121 2855 180 2879 dagli
197 2855 338 2879 Agostiniani
354 2855 466 2881 stipulatu
482 2856 636 2876 l'istrumento
652 2856 673 2876 di
685 2855 852 2880 assegnazione
863 2854 921 2875 della
934 2854 992 2879 Cap·
1047 2854 1109 2879 dopo
1126 2854 1138 2873 il
1155 2855 1210 2873 voto
1231 2853 1252 2873 di
1276 2853 1387 2878 Agostino
1410 2852 1560 2877 Schiafiinati,
1584 2854 1659 2873 morlo
1682 2852 1716 2873 nei
1740 2852 1805 2877 primi
1831 2851 1919 2877 vesperi

122 2898 180 2924 pella
196 2898 225 2919 :id
242 2898 352 2923 Agostino
368 2898 509 2920 Schiaffinati
1048 2897 1106 2917 della
1123 2897 1218 2917 nativitii
1235 2897 1256 2917 di
1274 2897 1355 2921 Maria,
1372 2897 1431 2917 ncllo
1446 2898 1524 2917 stesso
1540 2902 1599 2917 anno
1618 2896 1674 2917 1438.

174 2943 204 2963 (21
220 2942 262 2963 Un'
273 2943 330 2963 altra
346 2943 494 2964 trascrizione
511 2944 531 2964 in
547 2944 616 2970 luogo
632 2944 653 2964 di
670 2943 785 2970 injuriam
808 2943 835 2963 ha
858 2943 991 2966 miseriora,
1100 2942 1129 2964 Η)
1146 2935 1162 2962 E
1178 2941 1236 2961 della
1253 2944 1327 2961 stessa
1345 2940 1443 2965 firmiana
1460 2940 1510 2961 Orsi
1527 2940 1548 2961 di
1567 2940 1653 2965 Pescia,
1674 2941 1714 2961 che
1737 2940 1772 2965 gia
1795 2945 1866 2960 aveva
1890 2939 1921 2959 di-

121 2987 162 3007 che
177 2986 238 3007 iorse
253 2986 265 3006 ὲ
280 2986 308 3007 da
324 2986 446 3012 preter-issi.
1046 2987 1159 3006 mostrato
1175 2986 1195 3005 1.ἰ
1212 2991 1253 3005 sua
1269 2985 1354 3010 grande
1371 2985 1497 3005 devozione
1513 2985 1557 3009 agli
1574 2985 1716 3011 Agostiniani
1733 2985 1754 3005 di
1771 2984 1792 3005 S,
1810 2984 1919 3004 Mostiola

174 3030 205 3053 (3)
220 3030 284 3051 Nello
299 3032 376 3051 stesso
392 3030 458 3052 Bossi
474 3032 492 3052 si
509 3032 573 3057 legge
588 3032 629 3053 che
652 3032 686 3052 nel
711 3032 800 3057 quadro
816 3031 837 3051 di
854 3030 875 3051 S.
893 3030 992 3051 Antonio
1049 3030 1082 3050 sin
1108 3029 1229 3049 dnll'anno
1248 3030 1304 3054 1394,
1321 3034 1385 3049 corne
1406 3029 1486 3050 risulta
1509 3029 1545 3049 dal
1569 3029 1708 3049 documento
1731 3034 1791 3048 num⁴
1816 3028 1862 3052 CX,
1882 3033 1921 3047 vo-

123 3080 134 3095 e
150 3074 171 3095 di
187 3073 209 3095 S.
227 3075 352 3096 Elisabetta
374 3081 412 3096 era
436 3076 532 3097 scritto:
556 3076 719 3098 Bernssrdimrs
741 3076 769 3097 de
792 3076 878 3097 [Θηβαῖε
898 3075 988 3101 pinxit,
1046 3074 1105 3094 lume
1123 3074 1137 3099 Ι,
1154 3074 1236 3099 pagina
1252 3073 1298 3094 200.
