2347 3444
1923 175 1943 206 5

133 309 281 340 reddatis
306 310 338 340 et
363 308 593 349 pronuncietis
618 317 636 339 a
662 307 883 348 prestacione‚
909 306 1122 347 obligacione
1148 307 1180 336 et
1205 305 1380 337 solucione
1416 306 1494 337 dicti
1531 306 1632 337 annui
1671 314 1805 343 census,
1841 315 1944 346 super

132 379 172 402 eo
197 370 295 402 dictis
321 369 454 407 Abbati,
481 368 662 402 Canonicis
687 371 718 401 et
743 367 933 401 Conventui
953 368 1086 399 nomine
1103 367 1182 398 dicti
1203 368 1395 399 monasterii
1423 370 1620 408 perpetuum
1648 368 1816 399 silentium
1840 368 1946 408 impo-

132 432 252 464 nendo.
272 432 311 463 Et
335 432 426 472 quod
452 433 578 463 tantum
605 440 646 463 ex
673 431 762 463 dicto
787 431 863 462 ficto
888 430 1050 462 dictarum
1078 429 1235 461 librarum
1261 430 1378 461 decem
1397 432 1429 461 et
1454 431 1582 470 septem
1609 429 1781 461 soldorum
1803 432 1947 469 quatuor

132 494 358 534 papiensium,
384 493 474 534 quod
501 493 662 525 ascendat
688 492 821 533 triplum
848 492 927 524 dicti
961 492 1061 523 annui
1100 499 1223 523 census
1260 491 1424 522 dictorum
1463 491 1635 522 soldorum
1673 491 1788 523 decem
1815 494 1845 523 et
1871 494 1946 523 octo

132 555 184 586 vel
211 555 302 595 quod
329 556 436 596 ipsam
463 564 625 586 sommam
644 554 797 592 excedat,
820 554 914 585 iuxta
950 553 1216 585 declaracionem
1243 555 1274 584 et
1301 553 1537 585 limitacionem
1563 554 1604 584 de
1631 553 1756 593 quibus
1783 562 1884 593 supra
1912 553 1942 584 in

132 617 211 648 dicti
238 626 361 648 census
377 625 630 657 recompensam
647 617 774 648 eisdem
802 615 935 654 Abbati,
962 614 1144 648 Canonicis
1170 617 1200 646 et
1226 613 1415 646 Conventui
1440 615 1621 655 assignetis
1648 624 1707 655 per
1733 615 1795 646 iam
1822 615 1945 646 dictam

133 687 386 719 recompensam
414 679 444 709 in
472 680 670 718 perpetuum
698 678 830 709 nomine
856 678 934 709 dicti
962 677 1154 709 monasterii
1171 676 1363 714 tenendum,
1387 677 1602 717 gaudendum
1630 678 1659 708 et
1686 677 1946 716 possidendum.

134 740 286 772 predicta
313 743 432 781 petens
458 741 544 772 idem
572 740 672 772 frater
698 740 866 771 Lucliinus
892 740 982 771 dicto
1009 740 1141 770 nomine
1168 748 1227 779 per
1252 747 1313 770 vos
1332 738 1503 769 dominum
1523 738 1713 779 delegatum
1741 739 1946 770 antedictum

132 803 201 834 fieri
228 805 258 834 et
284 803 509 843 exequucioni
538 803 686 834 mandari
714 803 836 834 debere
862 803 1042 833 summarie
1067 804 1098 833 et
1124 801 1165 833 de
1192 801 1292 841 plano
1318 801 1390 832 sine
1417 801 1557 840 strepitu
1584 803 1615 832 et
1641 801 1745 841 figura
1774 801 1886 832 iudicii
1914 803 1945 832 et

133 865 221 895 omni
248 864 314 895 alio
352 865 431 902 iure,
458 864 558 895 modo
584 866 615 895 et
640 863 744 895 forma
771 864 896 904 quibus
934 863 1053 895 melius
1090 864 1232 904 potestis
1258 865 1289 894 et
1314 863 1446 894 debetis
1484 864 1576 894 iuxta
1614 863 1791 894 tradditam
1818 872 1835 894 a
1862 861 1948 894 Sede

134 925 331 966 Apostolica
358 926 456 957 vobis
483 926 639 957 formam:
667 925 849 957 Deducens
869 926 955 957 idem
983 925 1081 957 frater
1108 925 1278 957 Lucliinus
1304 925 1394 956 dicto
1421 925 1554 956 nomine
1579 934 1676 956 omne
1696 925 1748 956 ius
1767 925 1830 955 sibi
1857 925 1948 956 dicto

134 988 268 1019 nomine
306 990 502 1028 competens
539 990 569 1019 et
607 988 864 1028 competiturum
904 988 1149 1027 undecumque,
1175 987 1494 1027 quomodocumque
1524 988 1554 1018 et
1591 986 1882 1026 qualitercumque
1909 995 1946 1017 ac

134 1052 326 1090 protestans
353 1052 466 1081 contra
492 1052 521 1080 et
547 1050 713 1081 adversus
739 1049 908 1089 quoslibet
941 1050 1215 1087 contradictores,
1242 1049 1268 1080 si
1296 1049 1351 1089 qui
1379 1051 1574 1089 appareant,
1601 1049 1642 1080 de
1668 1049 1826 1079 omnibus
1852 1049 1946 1079 dam-

135 1112 196 1149 nis,
223 1112 386 1152 expensis
412 1113 442 1143 et
469 1112 630 1143 interesse
657 1111 732 1142 inde
771 1112 883 1151 passis
909 1114 938 1142 et
964 1111 1061 1142 factis
1087 1113 1118 1142 et
1144 1111 1319 1151 paciendis
1356 1113 1386 1142 et
1423 1111 1556 1148 fiendis,
1582 1113 1613 1142 et
1639 1111 1728 1151 quod
1768 1111 1831 1141 sibi
1859 1111 1949 1141 dicto

135 1174 267 1205 nomine
294 1175 336 1205 sit
362 1174 493 1205 salvum
521 1174 572 1204 ius
598 1173 742 1204 faciendi
770 1182 880 1204 coram
901 1174 999 1204 vobis
1017 1174 1154 1204 domino
1169 1173 1325 1214 delegato
1340 1173 1510 1204 antedicto
1529 1182 1778 1213 quamcumque
1794 1173 1950 1213 assigna-

135 1237 264 1267 cionem
292 1236 536 1276 cuiuscumque
562 1236 698 1267 alterius
725 1236 967 1275 possessionis,
987 1235 1200 1275 proprietatis
1219 1237 1249 1266 et
1268 1235 1333 1266 ficti
1353 1244 1390 1266 ac
1410 1235 1588 1275 peticionis
1615 1237 1688 1266 et....
1716 1235 1742 1266 si
1764 1237 1793 1266 et
1812 1235 1949 1275 quando

135 1307 222 1339 opus
248 1298 354 1329 fuerit.
381 1298 455 1329 Non
482 1298 696 1338 adstringens
723 1307 758 1329 se
785 1300 961 1338 propterea
989 1298 1074 1329 idem
1101 1298 1254 1329 sindicus
1272 1300 1302 1329 et
1329 1300 1525 1338 procurator
1550 1297 1640 1329 (licto
1667 1297 1800 1328 nomine
1827 1297 1950 1337 proba-

135 1363 256 1398 turum,
283 1362 497 1392 ostensurum
525 1361 555 1391 et
589 1360 828 1400 producturum
855 1360 918 1391 nisi
956 1369 994 1391 ea
1021 1359 1128 1390 solum
1156 1361 1186 1390 et
1212 1359 1284 1390 sola
1310 1368 1375 1399 que
1401 1359 1465 1390 sibi
1492 1359 1582 1390 dicto
1609 1359 1742 1390 nomine
1780 1358 1949 1390 sufficiant

136 1423 177 1454 ad
205 1423 278 1454 eius
316 1422 517 1453 intencionis
554 1422 707 1453 effectum
745 1422 1022 1462 consequendum
1049 1424 1079 1452 et
1104 1422 1145 1452 de
1172 1422 1296 1461 quibus
1323 1430 1433 1452 coram
1461 1421 1560 1452 vobis
1598 1421 1722 1452 veritas
1759 1421 1947 1460 apparebit,

136 1485 232 1517 salvo
258 1485 327 1516 iure
352 1484 510 1521 addendi,
529 1484 711 1522 minuendi,
737 1484 935 1524 corrigendi,
954 1484 1103 1521 tollendi,
1123 1484 1302 1524 supplendi
1329 1485 1360 1514 et
1386 1483 1625 1523 interpretandi
1652 1492 1690 1514 ac
1716 1483 1854 1514 alterius
1893 1492 1950 1523 pe-

136 1547 269 1578 ticionis
295 1548 325 1578 et
351 1546 588 1586 requisicionis
614 1546 898 1586 quandocumque
924 1546 1042 1577 fiende.

224 1669 344 1702 Coram
373 1670 470 1701 vobis
497 1670 640 1710 sapienti
667 1672 697 1701 et
723 1669 904 1700 venerabili
932 1670 1003 1700 viro
1028 1670 1165 1700 domino
1192 1669 1335 1700 Henrico
1362 1670 1402 1700 de
1428 1668 1536 1707 Dinis,
1562 1671 1622 1700 etc.
1650 1668 1762 1700 Frater
1780 1669 1951 1700 Lucliinus

135 1733 176 1764 de
201 1731 393 1764 Comitibus
419 1732 572 1763 sindicus
598 1734 628 1763 et
654 1734 860 1772 procurator,
887 1734 948 1763 etc.
986 1731 1122 1769 Prioris,
1160 1731 1320 1769 Fratrum,
1358 1730 1505 1772 Capituli
1532 1733 1562 1762 et
1588 1730 1787 1763 Conventus
1813 1730 1951 1763 Ordinis

136 1794 377 1825 Heremitarum
404 1793 517 1825 Sancti
545 1793 723 1834 Augustini
751 1794 897 1825 civitatis
924 1793 1038 1833 Papie‚
1077 1794 1234 1825 inherens
1275 1793 1445 1833 peticioni,
1472 1795 1533 1825 etc.
1562 1793 1668 1833 pridie
1705 1802 1815 1824 coram
1855 1793 1953 1824 vobis

136 1855 233 1887 factis
259 1858 289 1887 et
315 1856 357 1887 ab
384 1856 468 1896 ipsis
494 1855 683 1895 aliqualiter
709 1865 773 1886 non
801 1855 1010 1887 discedendo
1038 1864 1097 1886 nec
1124 1855 1324 1892 recedendo,
1352 1856 1469 1886 iterum
1495 1855 1536 1886 ad
1564 1855 1728 1886 cautelam
1755 1856 1896 1895 exponit
1922 1858 1953 1886 et

135 1918 302 1958 significat
328 1918 417 1958 quod
445 1918 523 1949 dicti
552 1917 655 1955 Prior,
683 1917 824 1955 Fratres,
854 1916 1047 1958 Capitulum
1075 1920 1105 1949 et
1132 1916 1330 1949 Conventus
1368 1918 1501 1955 liabent,
1527 1908 1638 1948 tenent
1664 1920 1695 1948 et
1721 1918 1898 1957 possident
1923 1920 1954 1948 et

135 1980 245 2020 longis
271 1980 480 2020 temporibus
500 1980 698 2016 habuerunt,
717 1982 893 2010 tenuerunt
912 1981 943 2010 et
963 1980 1179 2019 possiderunt
1205 1982 1269 2011 tam
1290 1980 1416 2011 ratione
1434 1980 1548 2010 directi
1568 1979 1707 2010 dominii
1727 1988 1826 2019 quam
1852 1979 1952 2016 utilis,

135 2042 242 2082 petias
258 2042 344 2073 duas
362 2043 445 2073 terre
465 2042 593 2082 prative
612 2050 676 2081 que
692 2043 769 2073 sunt
783 2042 933 2082 agabate,
952 2042 1099 2073 iacentes
1119 2043 1149 2073 in
1169 2041 1374 2074 Siccomario
1390 2041 1504 2082 Papie,
1524 2042 1579 2072 ubi
1599 2042 1719 2072 dicitur
1737 2042 1767 2072 in
1793 2041 1952 2082 Vagocio,

134 2106 228 2144 extra
253 2105 396 2141 arzinos,
423 2113 563 2144 quarum
592 2104 696 2144 prima
723 2106 773 2135 est
799 2104 999 2144 perticarum
1019 2104 1217 2145 trigintasex
1237 2104 1287 2135 vel
1307 2104 1405 2141 circa,
1424 2106 1455 2135 et
1473 2104 1501 2135 ei
1521 2105 1656 2135 coheret
1674 2104 1716 2134 ab
1742 2112 1805 2134 una
1826 2105 1950 2143 parte...

136 2166 179 2197 illi
207 2167 248 2198 de
274 2167 303 2198 la
329 2166 445 2203 Turre,
472 2166 514 2197 ab
540 2166 604 2197 alia
631 2168 733 2197 strata
759 2175 824 2206 qua
852 2166 915 2196 itur
951 2165 1117 2203 Ticinum,
1144 2168 1175 2197 et
1200 2166 1243 2197 ab
1268 2166 1331 2197 alia
1370 2168 1472 2197 strata
1498 2174 1563 2205 qua
1598 2166 1661 2196 itur
1686 2165 1854 2196 Arzinuin.
1894 2164 1953 2197 Se-

135 2229 245 2260 cunda
272 2237 352 2259 vero
378 2229 465 2268 petia
492 2230 542 2259 est
580 2228 779 2268 perticarum
817 2228 950 2267 triginta
977 2230 1007 2259 et
1032 2229 1061 2259 ei
1088 2228 1221 2259 colieret
1246 2237 1263 2259 a
1290 2228 1424 2259 duabus
1462 2227 1613 2267 partibus
1641 2227 1684 2258 illi
1711 2227 1752 2258 de
1780 2227 1808 2258 la
1835 2226 1951 2264 Turre,

135 2291 178 2322 ab
204 2291 267 2322 alia
294 2290 452 2322 Blasinus
457 2316 518 2321 ......
546 2292 576 2322 et
601 2291 643 2321 ab
670 2290 734 2321 alia
760 2292 861 2321 strata
889 2289 1010 2327 Arzini,
1036 2290 1108 2321 sive
1134 2290 1211 2330 plus
1237 2289 1288 2320 vel
1316 2290 1425 2321 minus
1451 2289 1517 2320 sint
1551 2290 1623 2329 ipse
1662 2289 1884 2329 proprietates
1921 2291 1951 2320 et

135 2353 207 2384 sive
227 2354 311 2394 ipsis
329 2353 392 2385 alie
412 2353 463 2384 vel
483 2353 578 2384 aliter
595 2353 661 2384 sint
679 2352 731 2384 vel
750 2352 871 2384 fuerint
885 2354 941 2383 aut
960 2361 1035 2384 esse
1055 2352 1292 2383 consueverint
1317 2352 1513 2383 coherencie
1539 2352 1696 2382 veriores.
1724 2350 1818 2388 Quas
1845 2353 1949 2382 terras

135 2417 165 2446 et
191 2416 414 2456 proprietates
440 2415 605 2447 conduxit
631 2415 673 2446 ab
699 2415 826 2446 eisdem
854 2414 977 2451 Priore,
1004 2414 1185 2451 Fratribus,
1212 2412 1371 2454 Capitulo
1397 2415 1427 2444 et
1453 2411 1642 2450 Conventu,
1669 2413 1741 2444 sive
1767 2413 1809 2443 ab
1836 2422 1950 2444 eorum

137 2477 269 2509 sindico
294 2479 325 2509 et
351 2479 566 2518 procuratore
592 2475 790 2509 Cavalerius
816 2477 856 2508 cle
884 2476 1053 2507 Furnariis
1079 2477 1118 2507 ad
1147 2476 1350 2507 novennium
1378 2485 1437 2516 pro
1463 2484 1574 2506 annua
1601 2475 1763 2515 pensione
1799 2484 1858 2506 seu
1885 2475 1950 2506 ficti

135 2540 302 2571 solutione
327 2540 527 2571 florenorum
555 2540 708 2575 duorum,
735 2548 792 2579 per
818 2539 990 2579 publicum
1018 2539 1274 2569 instrumentum
1313 2538 1420 2578 ipsius
1459 2537 1635 2568 locationis
1673 2539 1824 2577 rogatum
1863 2546 1951 2568 anno

134 2610 234 2633 curso
261 2601 486 2633 Mccclxxxx¹¹
512 2602 627 2639 tercio,
654 2602 822 2632 indicione
850 2601 966 2641 prima,
993 2601 1046 2632 die
1073 2600 1179 2640 primo
1185 2625 1234 2631 .....
1262 2609 1321 2640 per
1346 2599 1525 2631 Iohannem
1553 2600 1593 2630 de
1620 2598 1756 2630 Oliariis
1783 2599 1947 2630 notarium

135 2663 343 2703 papiensem,
369 2665 400 2694 et
425 2671 510 2703 quas
536 2665 640 2694 terras
667 2665 697 2694 et
724 2663 946 2702 proprietates
973 2662 1058 2693 idem
1086 2661 1199 2693 Frater
1225 2661 1395 2693 Lucliinus
1428 2661 1519 2692 dicto
1556 2661 1739 2692 sindicario
1765 2663 1795 2692 et
1829 2669 1951 2701 procu-

135 2725 258 2756 ratorio
284 2725 429 2763 nomine,
456 2734 566 2756 coram
593 2725 692 2756 vobis
718 2725 907 2765 assignavit
932 2726 963 2755 et
989 2724 1140 2764 assignat
1167 2726 1200 2755 ut
1226 2733 1285 2764 per
1311 2732 1372 2755 vos
1397 2724 1569 2755 dominum
1596 2723 1788 2764 delegatum
1816 2725 1847 2754 et
1872 2732 1952 2754 exe-

135 2788 311 2826 quutorem
336 2787 551 2824 antedictum,
577 2789 639 2818 etc.
665 2787 798 2827 possint
823 2786 988 2826 assignari
1015 2787 1047 2817 et
1072 2786 1103 2816 in
1130 2794 1382 2826 recompensam
1416 2785 1486 2816 dari
1524 2785 1609 2825 ipsis
1645 2785 1790 2815 dominis
1816 2783 1950 2822 Abbati,

135 2846 330 2886 Canonicis,
356 2850 417 2880 etc.
445 2848 518 2880 loco
544 2849 609 2880 ficti
636 2848 807 2880 soldorum
834 2848 949 2879 decem
976 2850 1006 2879 et
1031 2849 1108 2879 octo
1142 2847 1355 2888 papiensium
1388 2849 1450 2879 etc.
1477 2849 1508 2878 et
1535 2847 1597 2878 hoc
1631 2847 1811 2878 summarie
1845 2849 1876 2877 et
1909 2847 1950 2877 de

137 2909 236 2950 plano
261 2911 333 2942 sine
359 2911 499 2951 strepitu
526 2912 557 2942 et
582 2911 688 2952 figura
714 2911 840 2948 iudicii,
866 2912 928 2942 etc.

224 3033 346 3067 Coram
373 3035 472 3067 vobis
498 3036 641 3076 sapienti
668 3038 698 3067 et
724 3034 908 3067 venerabili
935 3035 1007 3066 viro
1032 3034 1170 3066 domino
1196 3034 1340 3066 Henrico
1365 3034 1406 3066 de
1433 3033 1541 3071 Dinis,
1564 3036 1625 3065 etc.
1645 3033 1758 3065 Frater
1780 3032 1948 3064 Luchinus

785 3133 806 3142 r
