2347 3444
1962 193 2020 224 241

215 326 343 367 guratis
368 327 399 357 et
423 326 538 367 organi
577 325 767 366 pulsatione
795 322 856 365 (l),
883 334 943 366 pro
969 334 1036 365 quo
1063 325 1115 356 liis
1152 324 1273 356 diebus
1309 323 1504 355 renovando
1545 323 1658 364 plures
1683 332 1804 355 aureos
1829 333 1846 355 a
1874 325 2027 365 pluribus

215 388 380 420 munificis
405 388 569 426 obtinuit;
607 397 671 428 que
697 388 832 428 quidem
859 388 981 426 omnia,
1007 387 1104 419 annis
1130 387 1305 427 preteritis,
1330 386 1373 417 ab
1398 386 1518 417 alienis
1545 384 1717 417 Prioribus
1744 395 1913 426 nunquam
1940 387 2026 419 facta

215 452 302 489 sunt,
329 459 448 492 magna
474 452 620 482 vestrum
647 458 724 491 erga
749 452 949 481 conventum
975 450 1081 481 affecti
1101 450 1246 487 caritate,
1265 448 1415 480 Vestram
1437 447 1761 481 Reverendissimam
1782 447 2027 488 Paternitatem,

215 512 327 552 quoad
354 520 548 552 possumus,
574 521 668 543 orare
686 514 716 543 et
734 511 892 543 obtestari
919 512 1079 553 cogimur,
1106 513 1149 549 ut,
1168 512 1195 542 si
1215 511 1452 542 monasterium
1472 512 1618 541 vestrum
1638 510 1706 541 divi
1727 509 1904 551 Augustini
1925 510 2027 551 Papie

215 583 345 615 magna,
372 574 655 614 quemadmodum
683 576 792 605 vestra
818 583 978 614 corporea
1005 574 1171 614 presentia
1197 573 1453 605 demonstrastis
1471 570 1532 612 (2),
1559 573 1800 612 prosequimini
1828 573 2027 611 dillectione‚

215 636 398 676 prefactum
426 637 620 677 magistrum
649 636 846 676 Baptistam,
874 637 979 667 virum
1007 636 1195 676 probatum,
1223 636 1274 667 hic
1300 635 1411 666 denuo
1439 634 1584 666 Priorem
1611 635 1833 666 confirmetis:
1871 636 1962 675 quod
2000 637 2026 667 si

212 697 368 735 feceritis,
394 701 424 729 et
451 699 482 729 in
508 699 670 736 altiorem,
697 707 757 730 sua
784 699 882 730 solita
908 699 1161 739 gubernatione,
1187 699 1374 729 conventus
1400 697 1520 728 evadet
1546 697 1752 738 dignitatem,
1778 700 1808 728 et
1835 698 1933 729 nobis
1960 707 2025 729 rem

212 760 437 800 gratissimam
463 760 603 791 facietis.
631 760 754 791 Valete.
783 760 831 791 Ex
860 760 974 801 Papia,
1005 761 1096 798 1482,
1123 760 1176 792 Vll
1204 761 1280 792 idus
1306 761 1394 791 maii.
1422 760 1580 791 Eiusdem
1611 760 1890 791 reverendissime
1918 759 2029 791 Pater-

214 822 327 853 nitatis
353 824 462 853 vestre
488 822 556 860 filii,
584 821 742 862 Deputati
769 822 881 854 officio
917 822 1127 854 Provisionis
1164 821 1329 855 Comunis
1354 820 1511 855 Civitatis
1549 821 1670 862 Papie,
1708 820 1910 862 Stephanus,
1948 821 2030 854 Gui-

212 884 362 915 scardus.

971 1067 1270 1108 CDLXVII.

299 1176 351 1203 La
377 1175 562 1204 Comunita
589 1175 623 1204 di
649 1176 684 1204 S.
712 1176 881 1204 Mostiola
907 1176 1023 1205 riceve
1049 1177 1072 1204 il
1099 1177 1231 1205 rateale
1264 1181 1474 1213 pagamento
1507 1177 1563 1205 del
1596 1177 1712 1212 legato
1738 1177 1773 1205 di
1799 1177 2027 1207 Bartolomeo

212 1228 395 1258 Becearia.

880 1333 1033 1365 1482,
1062 1336 1105 1358 11
1111 1334 1260 1365 ugho„
1290 1334 1362 1359 16.

759 1421 836 1444 (Arclr.
854 1421 934 1441 Notnr.
952 1421 973 1441 di
991 1421 1069 1442 Pavia.
1086 1433 1111 1435 —
1127 1421 1175 1442 Atti
1192 1422 1213 1442 di
1230 1421 1350 1442 Leonardo
1366 1421 1460 1442 Buscati
1478 1439 1482 1442 .

226 1627 227 1669 1
314 1606 360 1721 Ι
478 1682 635 1723 magister
661 1680 784 1713 Galeaz
810 1681 850 1712 de
877 1680 992 1721 Papia,
1018 1689 1110 1712 sacre
1136 1681 1257 1721 pagine
1284 1680 1465 1721 professor,
1486 1679 1588 1719 Prior,
1607 1682 1637 1712 et
1655 1681 1864 1712 venerabiles
1882 1682 1942 1712 viri
1969 1682 2028 1712 do-

235 1780 286 1781 7j
477 1745 555 1775 mini
582 1743 681 1775 frater
707 1743 877 1774 Melcliion
904 1743 944 1774 de
971 1743 1106 1781 LucinO,
1132 1742 1230 1774 frater
1257 1743 1458 1774 Eustachius
1484 1743 1523 1774 de
1550 1742 1665 1781 Nocte,
1691 1742 1790 1774 frater
1826 1742 2027 1775 Guillelmus

209 1807 250 1838 de
276 1806 492 1848 Arigonibus,
518 1806 617 1837 frater
644 1806 839 1837 Laurentius
866 1805 905 1836 de
932 1805 1046 1843 Biella,
1083 1804 1182 1836 frater
1208 1805 1416 1836 Tliolomeus
1442 1805 1482 1836 de
1509 1804 1681 1837 Saraticho
1700 1808 1730 1836 et
1749 1805 1847 1836 frater
1877 1805 2026 1846 Angelus

211 1869 252 1900 de
279 1868 528 1907 Rusclfonibus,
554 1877 672 1899 omnes
697 1867 815 1899 fratres
840 1876 1001 1908 expresse
1028 1866 1172 1907 professi
1199 1866 1337 1899 Ordinis
1364 1866 1603 1898 Heremitarum
1645 1867 1750 1898 sancti
1778 1866 1955 1907 Augustini
1995 1868 2025 1898 in

209 1933 410 1962 conventu...
437 1933 550 1962 sancte
577 1930 737 1961 Mustiole
764 1929 899 1970 Papie...
925 1930 1074 1960 '‘scevono
1100 1929 1143 1960 a'a
1169 1929 1351 1960 Francesco
1377 1928 1534 1960 Beccaria
1560 1928 1613 1960 (iel
1630 1928 1671 1969 su
1697 1928 1926 1964 Bmwwmeo,
1958 1928 2026 1968 sio-

207 1994 270 2024 ritzi
296 1993 343 2029 12,
371 2002 431 2033 pro
457 2001 569 2024 annuo
596 1992 704 2033 legato
731 1992 863 2023 finituro
882 1994 911 2022 et
937 1991 1143 2031 completuro
1164 1991 1193 2021 in
1220 1990 1306 2022 festo
1332 1991 1436 2022 sancti
1464 1990 1598 2021 Martini
1619 1991 1769 2031 proxime
1788 1990 1909 2028 futuro,
1936 1991 2024 2022 aliax

208 2055 308 2093 facto,
334 2055 423 2086 dicto
450 2055 654 2086 monasterio
679 2056 709 2085 et
735 2054 925 2091 conventui,
953 2062 1009 2093 per
1035 2053 1158 2084 dictum
1186 2052 1356 2093 quondam
1384 2052 1555 2083 dominum
1594 2052 1861 2090 Bertolameum,
1899 2055 2023 2092 patrem

455 1624 478 1650 N
503 1619 649 1650 claustro
676 1619 866 1650 monasterii
894 1620 924 1649 et
949 1618 1088 1650 ecclesie
1114 1620 1227 1650 sancte
1254 1618 1446 1650 Mustiole...
1489 1618 1704 1651 Reverendus
1741 1621 1833 1659 pater
1870 1619 2027 1651 dominus

209 2117 287 2148 dicti
314 2117 440 2148 domini
467 2116 633 2148 Francisci
658 2114 720 2155 (3).

213 2275 277 2294 sotto
293 2274 307 2294 il
323 2273 426 2299 priorato
442 2273 463 2294 di
479 2273 537 2294 frate
553 2273 655 2294 Martino
671 2273 699 2293 da
715 2273 826 2298 Vercelli,
851 2273 892 2293 che
908 2278 951 2293 una
967 2272 1088 2293 iscrizione

213 2323 284 2338 coeva
300 2318 362 2338 disse
377 2319 460 2338 autore
475 2318 511 2338 dei
534 2318 641 2338 restauri.
664 2322 707 2338 ora
730 2318 774 2337 alla
797 2318 846 2337 luce
870 2317 905 2337 dcl
923 2318 1003 2337 nostro
1019 2317 1088 2337 docu-

213 2363 291 2382 mento
307 2362 320 2382 il
337 2362 419 2382 merito
434 2362 456 2382 di
472 2362 548 2387 questi
565 2362 663 2382 restauri
680 2368 724 2382 non
741 2362 838 2382 sart—hbe
855 2361 1048 2381 esclusivamente
1065 2361 1085 2381 di

213 2406 272 2427 frate
295 2406 396 2427 Martino
424 2406 452 2427 da
468 2406 563 2427 Vercelli
574 2423 579 2432 ,
611 2412 646 2426 ma
671 2406 789 2426 andrebbe
818 2405 879 2426 forse
904 2405 1024 2426 condivisa)
1043 2411 1086 2425 con

212 2450 271 2471 frate
287 2450 396 2471 Ramista,
412 2450 468 2471 Vedi
484 2451 498 2471 il
514 2450 654 2471 documento
670 2450 705 2471 del
723 2451 745 2471 14
761 2450 864 2471 feblmiio
883 2450 939 2470 1⁴87.

265 2496 295 2519 {li
315 2495 355 2515 Nel
371 2496 452 2515 nostro
468 2495 474 2515 1
490 2495 590 2521 volume,
610 2500 662 2521 pag.
681 2495 725 2519 161,
741 2497 795 2515 nota
812 2495 849 2520 ⁴4),
862 2494 974 2515 fneemmo
990 2494 1086 2514 rilevare

213 2539 254 2559 che
269 2539 298 2564 gli
314 2539 458 2563 Agostiniani
473 2544 578 2560 avevano
593 2539 723 2560 introdotto
739 2539 843 2565 l'organo
859 2545 870 2559 a
883 2539 904 2559 S.
918 2539 994 2559 l’ietro
1006 2538 1026 2558 in
1039 2538 1085 2559 Cle}

213 2583 279 2603 d'oro
295 2584 367 2608 prima
383 2584 424 2604 elie
439 2583 502 2604 fosse
517 2585 580 2604 stato
595 2583 725 2604 introdotto
741 2584 762 2604 in
775 2583 873 2604 Duomo
885 2584 931 2603 Ora
943 2583 1086 2603 ossei-vunnu

213 2627 254 2648 clie
270 2627 315 2647 essi
331 2626 413 2648 furono
428 2627 500 2648 anche
516 2627 581 2652 primi
597 2627 626 2648 ad
642 2627 773 2648 introdurre
789 2628 919 2648 esecuzioni
936 2627 957 2647 di
979 2628 1047 2647 canito
1064 2626 1088 2646 li-

214 2672 297 2696 gurato
313 2671 370 2691 nella
393 2677 459 2692 sacra
481 2672 582 2697 liturgia,
597 2671 633 2692 cio
648 2672 689 2692 elie
701 2672 721 2692 la
732 2672 809 2692 chiesa
825 2671 957 2692 Cnftedrnle
974 2677 1017 2691 non
1033 2671 1087 2696 pote

213 2720 282 2736 avere
297 2721 322 2736 se
338 2721 382 2736 non
398 2716 461 2742 dopo
476 2716 497 2736 la
513 2716 647 2737 istituzione
663 2716 722 2737 della
738 2717 819 2737 schola
837 2716 965 2737 Cuntorum
980 2716 1037 2736 farta
1049 2715 1086 2736 dal

214 2760 268 2780 nob.
284 2759 341 2780 Gian
357 2759 457 2781 Antonio
472 2759 566 2781 Beretta
582 2765 624 2781 con
639 2762 690 2781 atto
705 2760 741 2781 del
757 2761 782 2781 23
796 2762 881 2785 agusto
899 2760 955 2785 1⁴92,
968 2762 1049 2784 rogato
1059 2760 1088 2780 da

215 2804 327 2825 Giovanni
339 2804 430 2825 Matieo
442 2804 574 2831 Paltonieri,
586 2805 697 2826 esistente
708 2805 865 2826 nell'arcliivio
874 2805 970 2825 notarilc
979 2804 1000 2824 di
1012 2804 1089 2824 l'nvin.

1196 2272 1226 2295 (21
1243 2272 1312 2292 Forse
1334 2271 1352 2291 si
1375 2271 1451 2292 allude
1473 2271 1501 2291 ad
1524 2276 1568 2291 una
1591 2271 1658 2292 visita
1679 2273 1770 2292 recente
1786 2271 1807 2291 in
1824 2270 1893 2291 Paria
1910 2270 1967 2291 latia
1983 2271 2019 2291 dal

1144 2316 1221 2337 Priore
1237 2316 1349 2337 Generale
1364 2315 1422 2336 frate
1439 2315 1564 2340 Ambrogio
1580 2315 1608 2335 dn
1625 2315 1685 2336 Cori.
1698 2315 1739 2335 Noi
1752 2315 1773 2335 lo
1785 2315 1905 2335 vedemmo
1917 2316 1937 2335 in
1951 2315 2019 2335 Ριινίιι

1143 2361 1219 2381 l'anno
1238 2361 1294 2385 1478,
1310 2366 1375 2381 come
1392 2361 1471 2380 risultn
1488 2360 1524 2380 dal
1541 2360 1591 2380 doc.
1605 2366 1625 2380 u.
1638 2359 1737 2380 Cvar

1194 2406 1223 2429 (3)
1239 2405 1294 2426 Vcdi
1311 2405 1315 2425 i
1332 2405 1464 2425 documenti
1481 2404 1558 2426 CCXX
1575 2410 1586 2425 e
1602 2404 1696 2425 CCXXl,
1713 2404 1790 2425 Simile
1807 2406 1946 2429 pagamenfo
1962 2405 1983 2424 di
1998 2406 2021 2424 12

1142 2450 1215 2470 fiorini
1232 2450 1243 2470 'e
1259 2450 1317 2470 fauo
1334 2450 1362 2470 ala
1379 2450 1505 2470 l-‘raneesco
1529 2449 1636 2469 Becearin
1652 2449 1672 2469 al
1693 2448 1800 2474 Capitoli)
1817 2449 1837 2469 di
1854 2448 1875 2469 S.
1894 2449 2019 2473 Mostiola,

1141 2495 1200 2515 dove
1216 2495 1331 2515 troviumo
1348 2495 1352 2514 i
1368 2494 1420 2514 frati
1437 2494 1574 2514 Melcliiorre
1591 2494 1668 2514 Lucini
1689 2494 1789 2519 vicarit),
1816 2493 1893 2514 Paeti-1·
1919 2494 1982 2515 Cnlvi
2008 2501 2019 2514 c

1141 2539 1264 2559 Cierolnmo
1276 2538 1370 2559 flasconi
1380 2538 1498 2564 fucieulex
1509 2539 1633 2564 plusquum
1650 2538 1710 2559 dnus
1723 2540 1806 2563 partes
1823 2539 1898 2559 tocius
1913 2539 2019 2564 cupimus,

1142 2589 1184 2603 con
1199 2585 1250 2603 ano
1266 2583 1326 2603 dello
1341 2585 1418 2603 stesso
1435 2583 1513 2603 notaio
1529 2583 1573 2607 agli
1588 2583 1601 2602 8
1624 2583 1714 2607 maggio
1733 2582 1788 2603 1486.
1807 2583 1837 2603 Lo
1857 2584 1935 2603 stesso
1951 2588 2020 2607 pagn-

1143 2629 1219 2647 mento
1242 2627 1253 2647 e
1276 2627 1334 2647 fano
1350 2627 1378 2647 da
1401 2626 1523 2647 Manu-edo
1547 2626 1653 2647 Becearia
1675 2632 1687 2647 a
1705 2626 1762 2647 frate
1779 2627 1916 2647 Melelriorre
1934 2627 2019 2651 Lucini,

1143 2671 1234 2692 vicario
1249 2677 1260 2691 c
1278 2671 1431 2691 Procuratorc
1447 2670 1468 2690 di
1485 2670 1507 2690 S.
1525 2670 1650 2696 Mostiola,
1673 2676 1715 2691 con
1731 2672 1781 2691 atto
1798 2672 1879 2696 rogato
1895 2671 1923 2691 (1.1
1941 2671 2018 2691 Nicoln

1141 2715 1249 2736 Codazza
1265 2715 1285 2735 ai
1301 2716 1313 2735 9
1329 2715 1453 2735 novembre
1471 2715 1527 2735 14⁸9.
1545 2715 1586 2735 Fra
1603 2715 1607 2735 i
1625 2715 1677 2735 testi
1693 2720 1705 2735 a
1723 2715 1799 2740 quest·
1810 2717 1861 2735 atto
1877 2717 1981 2735 nummo
1998 2715 2019 2734 lu

1143 2759 1281 2785 spectabilis
1297 2759 1406 2779 dominus
1422 2759 1538 2780 Melslu'on
1554 2759 1582 2779 de
1598 2758 1735 2785 Boniffl‘rfis
1751 2758 1837 2780 vafor
1850 2759 2018 2780 &nivers-itatis

1146 2804 1290 2825 scholarium
1306 2803 1329 2824 ιἰι
1346 2803 1395 2824 iure
1411 2803 1480 2824 civili.

1993 3094 2016 3115 31
