2347 3444
269 230 334 261 288

1023 405 1347 446 DXXXVII.

361 522 494 556 Legato
520 519 789 548 testamentario
815 518 848 545 di
876 516 1001 551 Biagio
1035 514 1155 542 Natali
1182 522 1200 541 a
1227 513 1348 541 favore
1375 513 1409 540 di
1436 512 1470 539 S.
1499 511 1622 539 Paolo.

870 631 923 654 1-11
932 630 1027 659 δί),
1058 628 1299 652 :lox-0111!
1307 633 1385 651 »νο
1396 641 1410 655 .,
1438 625 1491 650 (3.

817 719 871 738 Arcli
898 718 977 738 Notar.
995 717 1016 736 di
1035 716 1111 736 Favi-¹1.
1133 726 1150 728 ν-
1170 715 1217 735 Atti
1234 715 1255 734 di
1273 714 1385 739 Agostino
1402 713 1540 737 Gravanago
1558 729 1562 732 .

343 907 457 1021 NJ
523 923 611 950 ELLA
637 926 717 948 cusa
743 916 796 948 del
826 917 948 950 notun),
975 916 1006 946 in
1032 914 1231 946 Purtoccliia
1257 914 1291 946 (1¹1⁷
1315 913 1347 946 S.
1374 913 1418 945 M.
1445 914 1475 945 in
1503 912 1642 944 Ρενΐῐειι.
1681 913 1888 944 Testamento
1914 912 1949 944 di
1972 912 2094 951 Bmgio

337 985 372 1021 Α
544 981 668 1015 Natali,
696 981 736 1011 de
764 980 836 1010 loco
863 988 920 1010 seu
948 979 1080 1010 comuni
1108 977 1281 1015 Carezani,
1316 978 1463 1009 diocesis
1499 974 1693 1013 Cumarum,
1718 975 1770 1006 col
1793 975 1891 1015 quale
1917 976 2039 1016 legavit
2065 979 2095 1007 et

299 1080 316 1081 ἶ
547 1044 633 1083 legat
659 1052 771 1074 amore
799 1041 870 1082 Dey
889 1044 919 1073 et
939 1050 998 1082 pro
1023 1041 1133 1072 anima
1160 1041 1268 1081 ipsius
1294 1041 1464 1071 testatoris
1491 1039 1742 1070 venerabilibus
1768 1039 1915 1070 dominis
1942 1037 2046 1070 Priori
2065 1040 2095 1070 et

273 1107 443 1138 Fratribus
468 1115 505 1137 ae
532 1105 658 1136 fabrice
687 1105 879 1136 monasterii
907 1105 1012 1135 sancti
1042 1103 1148 1134 l’aulli
1175 1106 1269 1134 extra
1307 1111 1419 1134 muros
1458 1103 1650 1143 papienses,
1684 1101 1822 1133 Ordinis
1849 1101 1953 1132 sancti
1981 1100 2096 1142 Augu-

271 1170 346 1201 stini
375 1169 414 1199 de
440 1168 674 1205 observanda,
702 1168 912 1198 medietatem
940 1166 1068 1197 illarum
1097 1166 1254 1196 librarum
1281 1168 1412 1196 centum
1440 1165 1685 1205 quinquaginta
1712 1164 1923 1195 terciolorum
1943 1172 2001 1195 seu
2029 1172 2097 1195 me-

270 1239 439 1267 zanoiium
467 1230 506 1261 de
534 1230 659 1270 quibus
685 1230 829 1260 creditor
855 1231 905 1260 est
931 1227 1160 1260 Comunitatis
1185 1231 1216 1259 et
1244 1227 1424 1258 Hominum
1453 1227 1514 1258 loci
1542 1225 1710 1259 Carexani
1739 1227 1886 1257 diocesis
1911 1224 2093 1258 Cumarum

272 1303 331 1334 pro
357 1293 455 1324 certis
481 1293 638 1327 denariis.
666 1295 699 1322 ut
725 1294 855 1323 constat
883 1300 939 1330 per
965 1294 1087 1322 cartam
1115 1293 1276 1331 rogatam,
1302 1293 1362 1321 etc.
1388 1289 1452 1320 Fra
1471 1290 1481 1321 i
1498 1290 1591 1320 testi:
1619 1289 1807 1320 Venerabili
1835 1289 1972 1319 domino
1998 1288 2096 1319 tratre

272 1355 449 1386 Francisco
476 1355 516 1386 de
544 1354 648 1395 Papia
675 1354 869 1385 monasterii
897 1354 1002 1384 saneti
1031 1352 1136 1384 Paulli
1164 1355 1248 1384 teste
1276 1355 1367 1384 noto.

1009 1527 1363 1568 DXXXVIII.

363 1640 389 1668 11
416 1639 578 1676 Capitolo
605 1639 639 1668 di
666 1639 701 1667 S.
728 1638 899 1667 Mostiola
925 1638 1083 1666 delibera
1109 1637 1188 1666 sull'
1211 1637 1443 1665 ammissione
1469 1637 1503 1665 di
1541 1637 1656 1665 alcuni
1694 1636 1823 1665 Novizi
1857 1636 1928 1664 alla
1953 1635 2096 1664 Profes-

276 1703 375 1731 sione
401 1703 457 1731 dei
483 1702 569 1731 voti.

894 1806 1047 1836 148ξ),
1067 1806 1387 1835 ςιίοθι)11)νθ,
1408 1804 1485 1829 15.

839 1904 916 1927 (Arcti.
934 1903 1014 1925 Notan
1032 1903 1053 1924 di
1071 1903 1141 1924 Pavia
1157 1913 1183 1916 —-
1199 1903 1246 1924 Atti
1263 1902 1284 1923 di
1302 1902 1393 1923 Matteo
1409 1902 1515 1926 Ferrari).

291 2058 294 2089 l

293 2091 294 2162 ᾗ
376 2091 424 2206 I
524 2108 546 2134 Ν
572 2103 720 2143 capitulo
747 2103 939 2134 monasterii
967 2104 1080 2133 sancte
1107 2101 1268 2133 Mustiole
1294 2101 1440 2133 civitatis
1467 2099 1614 2141 papie...
1633 2099 1832 2132 Convocato
1850 2102 1880 2131 et
1898 2103 2102 2141 congregato

516 2154 517 2158 Ἰ
545 2164 704 2206 Capitulo
730 2168 761 2196 et
786 2163 965 2197 Conventu
993 2165 1185 2196 monasterii
1225 2166 1338 2195 sancte
1376 2163 1537 2195 Mustiole
1565 2162 1668 2203 Papie
1693 2162 1832 2194 Ordinis
1859 2162 2099 2194 l-leremitarum

547 2229 651 2260 sancti
680 2228 870 2269 Augustini,
890 2228 929 2259 de
949 2228 1152 2259 mandato....
1180 2227 1383 2258 venerabilis
1409 2227 1535 2257 domini
1562 2225 1673 2257 fratris
1699 2225 1903 2256 Melcliionis
1921 2225 1962 2256 de
1978 2225 2102 2257 Lueino

280 2293 438 2324 vicarii...
467 2292 497 2322 in
525 2300 592 2330 quo
619 2291 754 2330 quidem
781 2290 974 2330 capitula...
1001 2292 1077 2321 sunt
1105 2290 1176 2330 ipse
1203 2289 1362 2320 dominus
1389 2288 1558 2320 Melcliion
1597 2288 1750 2319 Vicarins
1776 2290 1806 2318 et
1831 2296 1905 2319 cum
1932 2296 2016 2319 eo....
2053 2296 2102 2318 re-

281 2354 447 2385 verendus
485 2353 642 2384 dominus
680 2352 779 2383 trater
816 2351 940 2384 Galeaz
967 2353 1006 2383 de
1034 2351 1138 2392 Papia
1164 2361 1201 2383 ac
1228 2351 1433 2383 reverendus
1470 2351 1628 2382 dominus
1665 2349 1763 2381 frater
1789 2349 1951 2381 Nicolaus
1977 2350 2016 2381 de
2045 2348 2105 2381 Pe-

281 2418 378 2447 luelio
405 2425 497 2447 sacre
524 2415 693 2455 theologie
721 2415 880 2455 magistri,
907 2424 944 2446 ac
970 2415 1068 2446 etlam
1097 2414 1300 2446 venerabilis
1326 2414 1484 2445 dominus
1510 2413 1609 2444 frater
1636 2411 1753 2443 Petrus
1779 2412 1819 2443 de
1846 2411 1963 2444 Calvis
1989 2421 2026 2443 ac
2045 2412 2105 2443 do-

287 2480 396 2509 minus
422 2478 521 2508 frater
548 2476 705 2509 Carlinus
732 2477 771 2508 de
798 2477 957 2508 Vercellis
983 2480 1013 2508 et
1039 2477 1197 2508 dominus
1223 2476 1322 2507 frater
1350 2476 1546 2507 Laurentius
1573 2475 1612 2506 de
1639 2473 1779 2512 caneto,
1813 2483 1931 2506 omnes
1957 2474 2101 2516 professi

284 2541 361 2571 dieti
390 2540 581 2570 monasterii
609 2539 814 2570 facientes...
843 2540 918 2579 plus
945 2548 1045 2579 quam
1061 2539 1147 2570 duas
1163 2543 1274 2579 partes
1289 2548 1329 2570 ex
1346 2539 1452 2569 tribus
1471 2538 1682 2569 dominorum
1709 2537 1845 2568 fratrum
1874 2537 2103 2577 professorum

285 2603 362 2633 dieti
392 2603 583 2632 monasterii
590 2627 662 2632 .......
691 2601 763 2641 lpse
791 2610 935 2641 namque
973 2602 1131 2633 dominus
1164 2601 1317 2632 Viearius
1354 2601 1513 2641 exposuit
1519 2625 1568 2631 .....
1597 2600 1626 2630 in
1655 2600 1821 2639 presentia
1848 2599 1958 2631 fratris
1992 2599 2106 2641 Augu-

286 2665 362 2695 stini
391 2664 430 2694 de
458 2664 486 2694 la
515 2663 673 2699 Ecclesia,
700 2663 810 2694 fratris
838 2663 988 2694 leronimi
1017 2664 1056 2694 de
1084 2663 1302 2701 I3ast(›nibus‚
1340 2663 1564 2699 sacerdotum,
1601 2661 1712 2693 fratris
1750 2661 1896 2695 Rataelis
1933 2663 1974 2694 de
2001 2662 2102 2693 Bren-

286 2726 383 2761 tanis,
411 2725 521 2755 fratris
548 2724 657 2755 David
686 2726 725 2755 de
754 2725 910 2761 Artadiis,
938 2725 1048 2756 fratris
1075 2726 1240 2756 Laurentii
1268 2726 1308 2756 de
1335 2724 1548 2761 Brocliardis,
1576 2724 1698 2755 ibidem
1725 2724 1823 2755 flexis
1860 2724 2003 2765 genibus
2028 2733 2107 2755 con-

288 2789 490 2823 stitutorum,
518 2787 573 2827 qui
602 2788 664 2817 iam
692 2788 790 2818 certis
816 2789 914 2818 armis
941 2789 1106 2828 preteritis
1138 2788 1271 2819 fuerunt
1297 2790 1326 2818 et
1353 2790 1429 2818 sunt
1457 2787 1486 2817 in
1515 2787 1590 2826 ipso
1628 2787 1854 2818 monasterio:
1893 2787 1956 2827 ipsi
1991 2786 2109 2818 fratres

291 2849 502 2890 Augustinus
528 2853 557 2880 et
585 2849 770 2880 leronimus
797 2850 852 2889 qui
879 2850 1047 2881 celebrant
1073 2859 1110 2881 ac
1140 2849 1239 2881 frater
1277 2849 1387 2880 David
1425 2852 1455 2880 et
1493 2848 1591 2879 frater
1629 2848 1828 2880 Laurentius
1865 2849 1921 2889 qui
1959 2849 2107 2880 nondum

290 2911 423 2943 fuerunt
450 2911 594 2952 professi
621 2920 794 2951 expresse,
821 2920 858 2942 ae
885 2911 983 2943 trater
1009 2911 1174 2943 Iohannes
1201 2911 1368 2943 Antonius
1394 2911 1434 2942 de
1460 2910 1636 2942 Brentanis
1663 2912 1718 2951 qui
1745 2912 1843 2942 etiam
1869 2911 1965 2942 adest
1984 2911 2014 2942 in
2035 2911 2109 2952 ipso

292 2975 506 3011 monasterio,
533 2974 591 3005 sed
619 2983 683 3004 non
713 2974 847 3009 ibidem,
875 2975 904 3004 in
933 2975 1099 3014 presentia
1127 2975 1276 3014 ipsorum
1304 2974 1515 3004 dominorum
1543 2973 1675 3010 Vicarii,
1713 2973 1953 3014 Magistrorum
1990 2976 2020 3005 et
2046 2973 2110 3004 fra-

291 3040 397 3074 trum,
435 3037 462 3067 si
490 3036 588 3067 debet
613 3035 742 3066 admitti
771 3035 940 3076 professio
967 3037 1116 3076 ipsorum
1145 3036 1195 3067 vel
1223 3044 1273 3067 ne.
1311 3035 1376 3073 Qui
1415 3035 1550 3076 quidem
1589 3036 1748 3067 dominus
1785 3036 1948 3077 Magister
1984 3034 2109 3068 Galeaz

293 3101 462 3138 tamquam
490 3099 617 3138 primus
644 3098 674 3128 in
702 3098 863 3138 dignitate
891 3098 920 3128 in
949 3098 1024 3138 ipso
1051 3098 1256 3129 monasterio
1282 3098 1456 3138 respondit
1482 3100 1513 3128 et
1531 3098 1616 3129 dixit
1635 3098 1726 3138 quod
1759 3100 1883 3130 attenta
1902 3098 2108 3138 experientia
