2347 3444
1912 212 1973 245 145

163 356 229 378 non
255 350 285 378 et
311 347 400 378 omni
426 356 514 378 anno
539 347 806 378 anniversarium
834 355 934 378 unum
961 355 1034 378 cum
1063 345 1165 377 missa
1193 346 1223 376 in
1250 346 1348 376 cantu
1375 347 1405 376 et
1431 354 1505 376 cum
1533 345 1644 376 officio
1672 350 1885 383 mortuorum,
1913 356 1972 387 pro

162 409 271 440 anima
310 410 417 449 ipsius
454 410 633 440 testatoris.
660 408 707 440 Ac
733 409 830 440 etiam
867 408 978 440 dictus
1015 409 1154 439 testator
1190 399 1281 438 dedit
1308 408 1339 438 et
1365 407 1489 447 legavit
1514 416 1551 438 ac
1577 407 1634 438 dat
1659 410 1689 438 et
1717 408 1803 448 legat
1829 409 1972 440 ducatos

161 474 440 511 quatum-eentum
466 472 535 502 auri
562 471 652 502 dicto
678 471 869 507 conventui,
897 479 1000 502 causa
1026 471 1056 501 et
1083 469 1270 501 occaxione
1285 469 1501 500 construendi
1529 471 1559 500 et
1587 469 1801 501 liedif‘t'icandi
1830 480 1868 502 ac
1895 481 1968 511 per-

162 533 294 564 ficiendi
321 533 430 564 voltas
455 534 543 564 dicte
570 533 729 564 sacrestie
755 534 785 564 in
812 542 850 565 ea
878 533 983 564 torma
1009 534 1039 564 et
1065 533 1152 563 statu
1182 531 1212 562 in
1239 531 1364 571 quibus
1391 533 1468 561 sunt
1499 531 1586 562 volte
1613 532 1757 563 ecclesie
1784 534 1970 571 anterioris,

163 595 194 626 in
220 605 286 635 qua
311 596 408 627 adest
433 595 533 626 archa
550 592 610 634 (l),
637 597 668 626 et
694 596 872 627 reducendi
899 604 937 627 ac
963 595 1053 635 quod
1095 594 1274 625 reducatur
1310 594 1383 633 ipsa
1417 593 1571 624 sacristia
1598 596 1629 624 et
1655 594 1836 634 integretur
1861 598 1891 626 et
1918 596 1972 627 liat

162 666 262 688 unum
288 666 412 698 corpus
437 666 510 688 cum
536 657 624 688 dicta
650 657 792 689 ecclesia
819 658 874 688 ubi
901 659 951 689 est
977 657 1066 688 dicta
1099 656 1210 693 archa,
1237 656 1331 686 firmo
1358 656 1511 686 manente
1539 657 1649 686 tamen
1680 656 1771 687 dicto
1797 657 1891 688 altari
1910 656 1970 696 (2).

162 719 201 751 Et
226 719 321 751 aliter
345 721 376 751 et
400 719 466 751 alio
492 719 592 750 modo
618 728 683 750 non
711 719 780 750 vult
807 720 917 760 ipsum
944 721 1146 751 conventum
1185 726 1287 759 posse
1322 718 1485 758 consequi
1525 727 1584 749 nec
1622 718 1745 749 habere
1771 719 1880 750 dictos
1906 720 1968 750 du-

161 784 255 813 catos
291 783 580 822 quatuorcentum.
618 780 730 812 Voluit
767 784 887 819 tamen,
925 782 1033 819 iussit,
1071 781 1284 821 disposuit....
1323 781 1395 820 ipse
1433 780 1590 811 domium
1628 782 1767 812 testator
1793 782 1883 821 quod
1911 791 1969 822 per

160 845 264 885 prius,
289 845 365 875 ante
402 844 524 881 omnia,
562 844 715 875 videatur
751 844 928 884 diligenter
952 846 983 876 et
1009 844 1219 875 examinetur
1255 852 1408 883 expensa
1433 843 1512 874 dicti
1540 843 1712 881 ltedift'icii‚
1739 846 1769 875 et
1794 853 1875 875 casu
1902 854 1970 884 quo

161 907 359 947 reperiretur
384 907 478 946 ipsos
503 906 647 938 ducatos
673 904 791 938 CCCC
818 916 883 938 non
910 907 1063 938 sufficere
1089 906 1130 938 ad
1157 905 1396 946 perfectionem
1433 905 1512 937 dicti
1552 906 1676 946 operis,
1714 906 1805 946 quod
1836 916 1913 938 tunc
1940 909 1971 938 et

160 970 191 1000 in
217 969 307 1000 dicto
332 977 412 1000 casu
439 968 518 1000 dicti
557 969 682 1000 denarii
721 969 962 1009 dispensentur
988 978 1047 1009 pro
1073 969 1182 1000 anima
1221 969 1329 1009 ipsius
1355 969 1525 999 testatoris
1552 977 1611 1008 per
1636 968 1884 1009 infrascriptum
1911 970 1971 1000 do-

159 1031 284 1062 minum
311 1030 484 1062 Forestum
510 1029 567 1070 (de
593 1028 837 1070 Canevanova)
862 1034 893 1062 et
919 1031 1090 1062 dominum
1117 1029 1349 1062 Guardianum
1376 1031 1518 1062 ecclesie
1551 1031 1657 1062 sancti
1685 1030 1795 1062 Iacobi
1822 1031 1863 1063 de
1890 1031 1970 1063 Ver-

159 1092 282 1124 nabula
300 1090 351 1131 (3)
376 1092 432 1132 qui
460 1101 521 1132 pro
546 1095 696 1132 tempore
733 1093 804 1130 erit,
842 1102 928 1133 quos
966 1095 1167 1124 executores
1193 1093 1223 1123 in
1250 1093 1341 1124 dicto
1378 1100 1458 1124 casu
1493 1093 1593 1123 liuius
1620 1101 1679 1124 sue
1712 1093 1895 1125 voluntatis
1922 1103 1971 1125 re-

159 1154 289 1194 timp-³⁴,
316 1156 349 1186 ut
375 1154 459 1185 infra
487 1163 633 1185 inensem
673 1164 773 1185 unum
812 1155 1002 1195 proximum
1040 1156 1117 1195 post
1147 1163 1243 1186 suum
1271 1154 1462 1192 decessum,
1489 1155 1650 1194 predicta,
1678 1164 1742 1186 una
1768 1164 1843 1187 cum
1870 1156 1971 1188 dictis

157 1216 302 1248 doninus
327 1216 497 1254 fratribus,
525 1217 626 1248 videri
655 1216 776 1248 faciant
804 1219 837 1248 ut
863 1217 1002 1257 proinde
1028 1217 1068 1248 de
1096 1217 1180 1257 ipsis
1205 1217 1336 1248 ducatis
1363 1217 1531 1257 provideri
1553 1217 1661 1257 possit
1686 1219 1716 1248 et
1742 1217 1966 1255 determinari,

159 1279 251 1310 iuxta
277 1280 308 1310 et
334 1278 520 1310 secundum
548 1278 753 1310 voluntatem
782 1279 890 1319 ipsius
916 1279 1086 1310 testatoris
1112 1281 1211 1319 prout
1237 1287 1350 1319 supra.
1378 1278 1425 1310 Eo
1451 1281 1561 1310 tamen
1588 1279 1685 1310 salvo
1711 1279 1801 1322 quod
1829 1280 1859 1311 in
1886 1289 1967 1312 casu

157 1349 225 1380 quo
252 1341 450 1380 reperiretur
475 1341 570 1380 ipsos
595 1341 752 1372 denarios
780 1350 844 1371 non
873 1341 1029 1372 sufficere
1056 1343 1087 1373 et
1112 1341 1191 1372 dicti
1220 1340 1350 1373 Fratres
1376 1343 1406 1372 et
1431 1343 1621 1373 conventus
1658 1342 1765 1373 sancti
1791 1341 1970 1383 Augustini

157 1403 324 1434 voluerint
349 1402 518 1443 supplere,
544 1403 634 1443 quod
661 1403 786 1434 dictum
812 1412 899 1444 opus
928 1403 1118 1443 perficiatur
1144 1405 1177 1434 ut
1202 1412 1327 1443 supra;
1353 1403 1405 1434 sin
1433 1413 1512 1435 vero
1539 1413 1614 1441 non,
1640 1404 1732 1444 quod
1759 1405 1822 1444 ipsi
1843 1405 1970 1436 denarii

157 1465 398 1504 dispensentur
424 1466 457 1496 ut
483 1473 596 1505 supra.
624 1464 701 1496 ltem
727 1465 839 1497 dictus
864 1467 1005 1497 testator
1030 1466 1061 1496 in
1088 1474 1168 1497 casu
1203 1475 1271 1506 quo
1296 1466 1422 1497 dictum
1460 1475 1548 1506 opus
1585 1466 1777 1506 perficiatur
1802 1468 1833 1498 et
1859 1467 1968 1498 locum

157 1527 277 1558 habeat
303 1529 334 1558 et
359 1536 424 1558 non
450 1527 554 1563 aliter,
581 1527 664 1558 ultra
690 1528 919 1568 suprascripta
945 1528 1037 1559 dedit
1062 1530 1093 1559 et
1119 1527 1243 1568 legavit
1268 1528 1358 1559 dicto
1392 1528 1571 1559 conventui
1606 1528 1718 1559 fictum
1746 1538 1847 1560 unum
1874 1529 1971 1560 flore-

157 1598 274 1620 norum
300 1589 490 1626 duodecim,
517 1589 606 1634 quod
634 1589 698 1620 sibi
726 1591 894 1629 prestatur
931 1598 989 1630 per
1025 1588 1182 1621 Orsinam
1221 1598 1358 1621 uxorem
1385 1589 1520 1621 Antonii
1548 1590 1589 1621 de
1615 1588 1713 1622 Gatis
1739 1593 1769 1622 et
1795 1594 1970 1622 consortes

157 1651 198 1682 de
226 1650 423 1682 lovenzano.
451 1650 490 1682 Et
516 1652 547 1682 in
574 1651 665 1682 dicto
690 1660 772 1683 casu
799 1653 984 1689 teneantur,
1011 1651 1145 1692 singulo
1171 1652 1235 1689 die,
1272 1652 1396 1683 dictam
1435 1653 1573 1684 missam
1612 1653 1794 1690 celebrare,
1820 1656 1851 1684 et
1877 1654 1967 1693 quod

156 1714 404 1754 perceptionem
441 1713 605 1744 dictorum
642 1714 795 1745 fictorum
821 1714 862 1744 de
889 1713 1076 1745 lovenzano
1113 1714 1278 1754 consequi
1317 1723 1381 1745 non
1419 1715 1563 1754 possint,
1602 1724 1666 1745 non
1705 1714 1852 1755 perfecto
1878 1716 1968 1747 dicto

161 1784 273 1816 opere,
299 1775 359 1807 sed
387 1776 517 1807 interim
545 1776 784 1815 possideantur
809 1785 867 1816 per
893 1777 1000 1816 ipsam
1027 1777 1101 1808 eius
1127 1777 1293 1813 lieredem,
1321 1776 1391 1808 cio&
1415 1776 1544 1808 Βίαηεα
1569 1786 1630 1808 sua
1649 1777 1750 1817 J'i'glsa
1776 1778 1972 1813 [nazarenae.

161 1837 219 1869 che
243 1838 267 1869 il
290 1839 443 1869 testatore
468 1837 617 1869 lasciava
642 1840 727 1869 sotto
753 1837 785 1869 Ia
810 1838 910 1869 tutelo
936 1838 989 1869 del
1012 1841 1267 1870 sovraccemzato
1293 1839 1428 1870 Foresfo
1457 1838 1688 1871 Canevanova.

157 1994 261 2015 soltanto
283 1994 303 2014 le
324 1999 436 2020 campane
459 1994 518 2014 della
539 1994 616 2014 chiesa
633 1994 789 2019 mrroccniale
811 1994 847 2015 del
870 1994 974 2017 defunto,
992 2000 1028 2015 ma

159 2039 232 2059 anche
248 2039 322 2064 quelle
345 2038 380 2059 dei
403 2038 528 2059 monasteri
545 2044 556 2059 e
572 2039 630 2059 dene
652 2038 737 2064 chiese,
753 2039 772 2059 le
788 2039 823 2059 cui
847 2038 969 2060 Comunita
986 2044 997 2059 e
1013 2039 1032 2059 le

159 2083 195 2104 cui
211 2083 375 2104 confraternite
390 2083 511 2103 dove-vano
534 2083 632 2108 prender
648 2085 713 2108 parte
729 2083 748 2103 ai
765 2082 862 2103 funebri*
883 2083 1032 2104 Trattandosi

161 2128 198 2154 poi
214 2128 236 2148 di
252 2133 351 2154 persona
367 2128 480 2148 tacottosa
496 2133 508 2148 e
523 2128 545 2148 di
562 2128 658 2153 qualche
674 2128 797 2151 notorieta.
814 2128 921 2154 pagando
932 2134 975 2148 nna
988 2128 1034 2153 pic-

159 2172 210 2193 cola
226 2174 289 2193 tussa
304 2172 325 2192 al
341 2171 452 2197 Coniune,
469 2172 487 2192 si
503 2174 612 2193 otteneva
635 2173 676 2192 clie
699 2172 789 2193 iussero
811 2174 910 2193 suonate
925 2173 998 2193 anche
1013 2173 1033 2193 le

161 2221 272 2242 campane
287 2217 344 2237 della
361 2216 432 2237 Torre
448 2217 565 2241 maggiore
581 2217 640 2237 dello
656 2219 733 2237 stesso
749 2217 860 2241 Comune,
883 2222 947 2237 come
963 2216 1035 2237 dimo-

160 2263 239 2282 strano
255 2261 260 2282 i
277 2261 339 2282 molti
362 2261 473 2287 permessi
489 2266 502 2282 a
518 2261 553 2282 ci'o
575 2261 693 2282 :recordati
716 2261 776 2282 dalla
799 2261 969 2287 Municipulita,
992 2262 1033 2282 che

161 2310 232 2326 :mcor
246 2305 264 2325 si
280 2310 422 2326 conservano
447 2305 612 2326 nell'Arcliivio
637 2305 673 2326 del
697 2305 781 2326 Museo
806 2305 884 2326 civico
908 2306 929 2326 di
954 2305 1030 2326 smria

163 2349 247 2370 Patria.
264 2348 334 2370 Come
349 2355 420 2376 prova
436 2349 457 2370 di
474 2351 556 2376 queste
572 2353 722 2370 costumanzc
737 2350 755 2370 si
772 2356 844 2375 vcgga
861 2350 898 2375 qui
915 2350 1004 2370 innanzi
1021 2350 1034 2370 11

163 2394 302 2415 documento
318 2395 381 2415 sotto
397 2394 417 2415 la
433 2394 487 2415 data
502 2394 528 2415 28
542 2395 640 2420 gennaio
658 2394 715 2415 1496.

216 2438 245 2463 (1)
261 2438 302 2459 Cio
317 2438 420 2464 significa
432 2440 540 2465 pertanto
550 2439 622 2460 chela
634 2439 756 2464 sagi-estia,
767 2439 854 2464 grande
865 2444 876 2459 e
888 2439 1005 2465 spaziosa,
1015 2439 1036 2459 in

163 2483 199 2504 cui
215 2488 252 2504 era
268 2483 351 2509 Parca,
367 2483 388 2504 in
403 2483 439 2504 cui
455 2489 525 2504 erano
533 2485 605 2504 anclie
615 2484 804 2509 pareccliialtari,
820 2490 832 2504 c
847 2484 868 2504 in
880 2484 915 2505 cui
927 2484 945 2504 si
957 2484 1036 2505 soleva

163 2527 276 2548 radunare
291 2527 304 2548 il
321 2527 429 2554 Capitolo
444 2528 480 2548 del
495 2527 624 2553 Convento.
641 2534 678 2549 cra
695 2534 706 2549 a
724 2528 785 2549 volta
802 2529 929 2549 solamente
945 2528 965 2548 in
983 2529 1034 2554 quel

163 2572 243 2597 trano,
260 2571 280 2592 in
296 2572 331 2592 cui
348 2577 386 2593 era
401 2572 514 2593 collocata
535 2573 610 2593 l'Arca
626 2572 686 2595 (vedi
703 2573 754 2593 doci
771 2578 791 2592 n.
810 2573 912 2596 LXXlll).
935 2572 980 2593 Ora
997 2573 1034 2598 poi

1087 1995 1100 2015 il
1118 1996 1232 2016 testatore
1248 1994 1354 2016 desidera
1370 1995 1411 2016 clie
1427 1996 1489 2016 tutta
1504 1996 1525 2016 la
1541 1996 1655 2021 sagrcstia
1671 1997 1704 2017 sia
1721 1997 1836 2022 ricoperta
1852 2002 1864 2017 a
1881 1997 1951 2017 volte.

1140 2039 1171 2063 (2)
1186 2038 1208 2060 Si
1224 2039 1365 2064 comprende
1381 2039 1409 2060 da
1425 2039 1460 2060 cio
1476 2040 1517 2060 elie
1533 2040 1552 2060 la
1569 2040 1718 2061 costruzione
1740 2040 1799 2061 della
1815 2041 1930 2066 εαξη-51111
1946 2041 1964 2062 si

1089 2089 1127 2104 era
1143 2083 1164 2104 di
1181 2089 1248 2104 niano
1264 2084 1285 2104 111
1302 2089 1369 2104 niano
1384 2084 1494 2110 ampliata
1510 2085 1658 2110 svolgcndosi
1676 2085 1697 2105 di
1714 2084 1788 2105 irunt:
1804 2091 1816 2105 a
1833 2086 1967 2111 qucil'Ora-

1088 2128 1183 2149 torietto
1199 2134 1211 2149 a
1228 2128 1298 2153 volta,
1315 2129 1335 2149 in
1352 2129 1387 2149 cui
1403 2134 1441 2149 cra
1457 2129 1540 2153 l'Arca‚
1558 2129 1571 2149 il
1588 2130 1655 2155 quale
1672 2135 1710 2150 era
1726 2131 1788 2150 stato
1805 2130 1914 2151 edificato
1930 2131 1965 2151 sin

1090 2172 1126 2193 dal
1145 2173 1194 2193 1380
1208 2173 1280 2193 anche
1296 2178 1336 2198 per
1352 2178 1395 2193 uso
1411 2173 1432 2193 di
1448 2173 1570 2199 sagrestia.
1588 2173 1602 2194 11
1620 2175 1733 2194 testatore
1749 2175 1816 2195 vuole
1832 2175 1872 2195 elie
1889 2175 1965 2199 quegli

1089 2217 1245 2243 ampliamenti
1261 2217 1325 2238 sieno
1341 2217 1384 2238 resi
1401 2217 1507 2238 uniformi
1523 2218 1581 2239 colla
1598 2219 1663 2243 parte
1675 2219 1796 2243 originaria
1813 2218 1966 2240 dell'edificio

1090 2261 1110 2281 in
1127 2261 1201 2287 guisa,
1218 2262 1258 2282 clie
1275 2263 1336 2282 tutta
1352 2262 1372 2282 13
1388 2262 1502 2287 sagrcstia
1518 2261 1584 2282 fornii
1602 2268 1645 2282 11113
1661 2263 1774 2283 cltiesetta
1790 2268 1801 2283 a
1819 2263 1890 2283 viilta.

1139 2305 1169 2329 (31
1185 2306 1200 2326 11
1216 2305 1336 2327 Conventa
1353 2306 1374 2326 di
1390 2305 1412 2327 S.
1429 2306 1540 2327 Giaconio
1563 2306 1621 2327 della
1645 2306 1782 2331 vernavola,
1805 2308 1845 2328 clie
1865 2313 1964 2332 sorgeva

1091 2350 1157 2376 quasi
1173 2350 1282 2371 aderentc
1297 2356 1310 2371 a
1326 2351 1403 2376 quello
1419 2350 1440 2371 di
1457 2350 1478 2371 S.
1497 2351 1575 2374 l'aolo,
1601 2356 1639 2371 cra
1662 2352 1725 2372 stato
1745 2351 1780 2372 nel
1798 2352 1844 2372 1421
1869 2352 1966 2373 attidato

1091 2395 1127 2415 dal
1143 2395 1249 2416 Vescovo
1265 2394 1342 2415 l'ietro
1358 2395 1437 2416 Grassi
1453 2400 1466 2416 a
1482 2394 1504 2416 S.
1518 2395 1660 2416 Bernardino
1676 2395 1704 2416 da
1720 2395 1787 2417 Stena
1803 2402 1815 2416 e
1830 2402 1842 2416 a
1859 2396 1903 2417 due
1913 2396 1966 2417 altri

1092 2439 1142 2460 suoi
1158 2439 1295 2463 contratclli,
1319 2439 1402 2465 perche
1425 2445 1452 2460 nc
1474 2439 1592 2460 incessero
1615 2446 1658 2460 una
1674 2446 1728 2461 casa
1744 2440 1891 2461 dell'Ordine
1907 2441 1964 2462 loro.

1093 2483 1148 2504 Vedi
1165 2483 1189 2505 R.
1206 2483 1274 2504 ΜΑΙω
1287 2486 1343 2509 cm,
1360 2484 1389 2505 Le
1406 2484 1489 2505 Cln'ese
1504 2484 1529 2505 di
1545 2484 1625 2509 Paveo,
1643 2484 1721 2510 l’avia,
1738 2485 1888 2511 Artigianelli,
1907 2485 1963 2510 1905,

1091 2528 1135 2548 vol.
1153 2528 1178 2554 11,
1195 2533 1247 2554 pag.
1267 2529 1309 2549 144,

1942 3149 1965 3169 1“.)
