2347 3444
324 186 367 217 88

324 319 439 360 Papie,
465 329 502 351 ac
529 319 708 351 conventui
735 319 812 350 dicti
840 319 1043 355 monasterii,
1081 327 1154 349 cum
1182 318 1281 349 certis
1308 317 1417 347 modis
1443 319 1473 347 et
1499 316 1781 347 conventionibus
1807 317 1838 347 in
1874 317 2136 349 instrumento...'.

325 385 441 422 rogato
468 381 533 413 loli.
562 381 682 413 lacobo
708 381 749 412 de
777 380 984 413 Roverinis...
1013 378 1335 419 MCCCCXXXlllJ,
1361 379 1414 409 die
1440 377 1512 409 xvi
1532 378 1745 418 septembris:
1765 377 1803 409 Et
1821 379 1911 418 quod
1931 379 2040 410 lictum
2059 380 2138 419 quia

324 446 393 475 erat
419 444 518 475 nimis
543 444 584 474 dc
612 443 803 484 longinclio,
829 443 870 473 de
898 442 1069 472 voluntate
1096 441 1174 472 dicti
1203 441 1350 479 magistri
1379 439 1594 476 Manfrcdini,
1614 440 1686 480 ipse
1704 442 1843 471 testator
1869 441 2030 478 vendidit,
2064 441 2138 473 licet

325 506 366 537 de
393 506 461 537 iure
488 505 595 537 facere
623 514 686 536 non
715 507 863 545 poterat:
892 504 968 534 ltem
996 504 1091 534 etiam
1120 512 1179 542 pro
1205 502 1292 532 omni
1320 504 1349 532 et
1375 504 1444 532 toto
1469 510 1509 532 eo
1535 502 1625 541 quod
1660 501 1770 533 dictus
1803 505 1992 533 conventus
2030 503 2137 534 eidem

325 566 540 608 Galvagnino
565 571 595 599 et
622 568 652 598 in
679 568 751 598 eius
779 567 886 603 bonis,
914 570 978 596 tam
1006 565 1184 595 occasione
1204 564 1282 594 dicti
1303 563 1367 594 ficti
1389 563 1514 594 venditi
1534 566 1564 594 et
1583 563 1735 594 fictorum
1754 564 2015 604 preterictorum,
2035 574 2134 605 quam

325 630 422 661 alia...
449 630 633 670 assignat...
660 632 690 661 et
717 630 804 660 dat...
833 628 970 668 prelatis
997 627 1157 666 magistro
1191 625 1407 656 Manfredino
1433 628 1463 656 et
1489 623 1714 657 Conventui...
1752 625 1832 657 illud
1870 626 1981 658 fictum
2020 636 2139 667 perpe-

325 694 449 722 tuum...
478 692 634 722 librarum
662 691 810 722 sedecim
836 694 866 720 et
892 689 1064 719 soldorum
1091 687 1251 724 sedecim,
1277 687 1401 727 quod...
1429 688 1459 718 in
1487 687 1648 719 Kalendis
1686 686 1873 728 Augusti...
1911 689 1981 720 dari
2008 691 2039 720 et
2066 698 2140 729 pre-

325 754 404 785 stari
431 754 562 785 debet...
589 754 630 785 de
657 754 755 784 certis
783 752 901 786 vineis,
928 751 1032 790 pratis
1057 753 1087 781 et
1114 749 1378 790 proprietatibus
1404 750 1525 790 positis
1551 750 1582 780 in
1609 751 1774 782 territorio
1800 749 2029 782 Pancharane.

1070 906 1402 946 CCXXXIX.

414 1020 518 1047 Frate
544 1018 699 1046 Eusebio
725 1018 767 1045 de
793 1017 953 1052 Legeriis
978 1020 1205 1053 procuratore
1235 1015 1269 1044 di
1296 1016 1331 1044 S.
1358 1015 1532 1052 Agostino
1565 1016 1710 1045 rilaseia
1736 1017 1922 1053 quietanza
1946 1026 2008 1054 per
2032 1017 2143 1047 affitto

325 1074 359 1102 di
389 1073 467 1101 beni
494 1073 549 1100 del
577 1072 758 1100 Convento
784 1070 840 1099 nel
866 1069 1085 1098 Siccomario
1112 1069 1146 1098 di
1172 1069 1298 1098 Pavia.

928 1164 1082 1195 1450,
1115 1165 1435 1197 (liee11211re9
1467 1165 1544 1189 18.

804 1254 880 1278 (Arclt.
898 1254 978 1275 Notat.
996 1254 1017 1275 di
1035 1254 1112 1275 Pavia.
1130 1264 1154 1267 —
1170 1253 1218 1274 Atii
1234 1253 1256 1274 di
1272 1252 1329 1274 olan
1346 1253 1463 1274 Lodovico
1479 1253 1654 1279 Strazzapatti).

386 1439 534 1555 M
571 1456 703 1490 CCCCL,
728 1452 782 1483 die
808 1451 909 1493 XVllJ
936 1452 1135 1490 decembris,
1162 1453 1242 1483 hora
1268 1461 1496 1492 vesperarum,
1523 1453 1554 1484 in
1581 1452 1694 1484 studio
1719 1453 1782 1484 mei
1808 1453 1938 1485 notarii.
1964 1451 2145 1486 Confessio

594 1515 682 1546 tacta
709 1524 768 1555 per
792 1515 964 1546 dominum
984 1515 1117 1546 tratrem
1137 1514 1321 1546 Eusebium
1340 1515 1382 1546 de
1401 1515 1550 1556 Legeriis
1576 1515 1758 1547 sindicario
1777 1516 1910 1548 nomine
1929 1516 2140 1548 dominorum

402 1613 468 1615 j„
502 1613 511 1614 ἶ
531 1614 558 1615 7
593 1578 729 1609 fratrum
755 1578 861 1609 sancti
889 1576 1068 1617 Augustini
1095 1576 1200 1618 Papie
1204 1603 1254 1609 .....
1293 1587 1413 1609 versus
1440 1578 1617 1610 Nlarclium
1644 1578 1685 1609 de
1711 1578 1890 1610 Massariis
1924 1577 2143 1610 habitatorem

326 1642 356 1672 in
384 1640 603 1679 Sicliomario,
630 1641 684 1672 ubi
711 1641 832 1672 dicitur
858 1641 888 1671 in
914 1639 1068 1672 Valbona
1073 1666 1123 1671 .....
1150 1649 1186 1672 se
1213 1641 1255 1672 ab
1281 1650 1321 1672 eo
1359 1641 1520 1672 habuisse
1546 1643 1577 1672 et
1602 1641 1773 1681 recepisse
1810 1641 1913 1673 libras
1945 1642 2142 1682 trigintasex

326 1704 440 1744 imper.
467 1707 498 1734 et
524 1703 641 1735 soldos
667 1712 739 1741 sex
765 1703 863 1734 datos
890 1712 948 1743 per
975 1704 1084 1743 ipsum
1111 1703 1288 1734 Marelium
1314 1703 1451 1734 domino
1478 1703 1568 1734 fratri
1603 1701 1777 1735 Gualterio
1802 1703 1843 1735 de
1870 1701 1981 1742 Curte,
2012 1700 2145 1736 nomine

330 1766 409 1797 dicti
437 1768 636 1803 conventus,
663 1774 723 1806 pro
748 1766 834 1796 fictis
859 1766 956 1796 trium
982 1774 1145 1797 annorum
1173 1765 1326 1806 proxime
1350 1766 1584 1806 preteritorum
1612 1767 1642 1797 et
1661 1766 1829 1797 finitorum
1849 1766 1880 1797 in
1899 1765 1986 1797 festo
2004 1764 2036 1798 S.
2056 1761 2146 1798 Mar-

328 1828 386 1859 tini
410 1829 566 1877 proxime
593 1829 761 1868 preterito,
788 1830 951 1859 certarum
979 1829 1220 1868 proprietatum
1255 1829 1440 1868 positarum
1467 1829 1497 1859 in
1525 1826 1710 1860 Sicomario
1748 1827 1862 1868 Papie,
1889 1828 1943 1859 ubi
1970 1828 2092 1860 dicitur
2117 1829 2148 1860 in

331 1889 546 1931 Burgonono,
573 1899 658 1930 quas
685 1891 860 1922 confitetur
885 1892 997 1922 tenere
1022 1891 1063 1922 ad
1090 1891 1203 1922 fictum
1231 1893 1429 1931 perpetuum
1456 1900 1473 1922 a
1499 1891 1588 1922 dicto
1614 1892 1793 1928 conventu,
1831 1900 1891 1931 pro
1925 1891 2012 1922 dicta
2038 1899 2149 1922 annua

334 1953 398 1984 ficti
426 1954 637 1993 prestacionc
664 1953 822 1985 librarum
848 1953 1028 1985 duodecim
1055 1953 1276 1994 imperialium
1303 1955 1334 1985 et
1359 1953 1445 1985 sold.
1473 1962 1577 1985 sex....
1605 1952 1644 1984 Et
1670 1953 1757 1991 inde,
1783 1955 1845 1984 etc.

1191 2137 1377 2179 CCXL.

415 2248 635 2276 Investitura
661 2248 696 2276 di
721 2257 790 2276 una
816 2256 900 2276 casa
927 2247 960 2275 in
986 2247 1098 2275 Pavia
1124 2256 1297 2276 concessa
1323 2247 1419 2275 dalla
1445 2247 1632 2276 Comunita
1658 2246 1692 2275 di
1720 2246 1755 2275 S.
1782 2246 1968 2282 Agostino.

969 2344 1102 2375 1451,
1130 2343 1411 2374 fetw'orzxio,
1441 2343 1518 2368 19.

880 2431 956 2453 (Arcti.
974 2431 1052 2451 Notar.
1071 2431 1091 2451 di
1109 2430 1179 2451 Pavia
1196 2442 1219 2444 —
1235 2431 1282 2451 Atti
1299 2431 1320 2451 di
1337 2430 1431 2456 Giorgio
1448 2430 1600 2456 Lamperglii).

439 2616 485 2730 Ι
580 2635 602 2660 Ν
630 2631 782 2661 sacristia
809 2630 950 2662 ecclesie
977 2633 1008 2661 et
1035 2628 1232 2662 Conventus
1258 2630 1364 2661 sancti
1392 2629 1582 2670 Augustini,
1617 2628 1679 2660 sita
1707 2629 1737 2659 in
1764 2627 1863 2659 Porta
1890 2627 2013 2660 Palacii
2034 2629 2064 2659 in
2084 2627 2147 2660 Pa-

603 2693 714 2723 rocliia
741 2691 773 2723 S.
801 2692 943 2724 Andree.
970 2692 1119 2724 Essenclo
1144 2692 1283 2723 scaldum
1309 2692 1341 2723 Ia
1374 2691 1561 2723 investitura
1600 2690 1634 2722 di
1672 2699 1736 2721 unu
1777 2699 1857 2721 casa
1896 2699 2053 2722 concessa
2092 2690 2150 2722 dal

605 2754 770 2786 Conrcnto
795 2754 847 2785 nel
875 2755 966 2789 1437,
993 2763 1052 2785 con
1078 2755 1183 2793 rogt'to
1211 2753 1388 2793 Galvagno
1414 2754 1453 2785 cle
1478 2753 1668 2788 Mombreto,
1703 2761 1722 2784 a
1748 2754 1825 2784 certi
1849 2753 1988 2784 Miclzelc
2012 2752 2108 2785 Basti
2131 2762 2148 2785 e

337 2816 547 2848 Battolomeo
574 2816 700 2851 Sorico,
724 2825 784 2856 per
806 2819 997 2848 ces-salione
1022 2817 1075 2848 ciel
1094 2819 1297 2857 pagamento
1323 2816 1412 2856 degli
1435 2817 1537 2847 ιιιιιιιιί
1560 2816 1679 2847 canoni
1703 2815 1856 2856 d‘affitto,
1875 2824 1933 2847 ora
1960 2818 2147 2848 convocato

338 2878 485 2919 capitulo
511 2880 540 2910 et
566 2880 709 2909 convetu
747 2877 885 2909 Ordinis
923 2878 1058 2910 fratrum
1086 2878 1326 2910 Heremitarum
1353 2878 1459 2909 sancti
1487 2877 1664 2918 Augustini
1699 2876 1846 2918 Papio...
1874 2878 1914 2909 de
1945 2878 2146 2910 mandato...

340 2941 449 2972 fratris
475 2939 636 2972 Gualterii
664 2941 704 2971 de
730 2938 831 2972 Curte
857 2941 1044 2980 subprioris
1071 2941 1209 2981 predicti
1237 2939 1436 2972 Conventus
1454 2938 1592 2971 Ordinis
1611 2939 1758 2971 Fratrum
1780 2939 2020 2971 Heremitarum
2039 2941 2145 2972 sancti

341 3003 519 3044 Augustini
547 3002 662 3043 Papio,
689 3003 719 3033 in
747 3012 814 3042 quo
841 3003 976 3042 quidem
1004 3003 1151 3043 capitulo
1177 3003 1356 3035 adfuerunt
1382 3006 1412 3035 et
1437 3003 1559 3034 adsunt
1587 3002 1737 3042 prelatus
1755 3002 1913 3033 dominus
1929 3001 2029 3033 frater
2046 3000 2151 3034 Gual-

342 3066 444 3096 terius
470 3065 510 3096 dc
537 3063 638 3097 Curte
675 3065 842 3105 subprior,
870 3067 902 3096 ut
929 3073 1041 3104 supra,
1068 3074 1127 3096 nec
1154 3075 1217 3096 non
1245 3066 1449 3097 reverendus
1482 3068 1576 3106 pater
1611 3063 1780 3096 Steftanus
1812 3065 1853 3096 de
1879 3064 2020 3095 Nlarinis
2057 3073 2152 3096 sacre
