2347 3444
1940 254 2003 285 309

193 373 307 409 tarum,
335 382 353 404 a
379 374 504 414 quibus
537 374 710 406 dicebatur
745 385 820 407 esse
858 386 1025 409 recessum
1053 387 1110 410 seu
1138 382 1298 411 mutatum
1330 381 1500 412 iudicium.
1526 381 1676 419 Quorum
1707 386 1907 416 contrarium
1946 387 2004 417 ad-

191 435 375 468 ducebatur
412 445 472 477 pro
509 438 601 477 parte
638 437 800 469 dictorum
839 439 1050 472 dominorum
1090 440 1215 473 Prioris
1240 444 1271 473 et
1297 442 1444 474 Fratrum
1471 446 1502 475 et
1528 445 1678 476 similiter
1715 447 1938 486 replicabatur
1974 450 2004 479 et

189 498 422 530 adducebatur
458 508 517 540 pro
555 501 646 539 parte
683 500 846 531 dictorum
875 502 1085 534 dominorum
1114 503 1239 535 Prioris
1264 507 1295 536 et
1322 504 1468 536 Fratrum
1518 507 1609 546 quod
1637 507 1710 538 licet
1737 508 1880 547 singulis
1906 510 2004 539 annis

192 570 257 592 non
283 562 349 593 sint
374 562 495 602 recepti
522 562 632 593 ducati
659 564 879 599 octocentum‚
907 566 1026 596 tamem
1054 575 1111 606 per
1136 566 1323 598 solutiones
1349 568 1541 599 successive
1560 567 1666 600 factas
1685 570 1899 601 remanebant
1917 580 2007 601 com-

192 624 277 664 plete
304 624 490 656 solutiones
516 633 678 656 annorum
705 626 988 665 precedentiuum‚
1020 629 1174 660 videlicet
1206 630 1248 660 ab
1281 638 1369 661 anno
1406 639 1504 661 curso
1543 629 1803 663 MCCCCLXVI
1842 633 2004 664 inclusive

191 689 287 717 retro.
314 686 352 717 Et
379 687 470 726 quod
509 687 581 727 ipse
618 687 753 718 domine
791 687 973 720 Abbatissa
999 693 1029 721 et
1057 691 1225 723 Moniales
1244 692 1403 732 predictis
1422 702 1481 732 pro
1499 695 1591 733 parte
1618 694 1766 733 ipsarum
1793 694 2002 725 dominarum

190 751 288 781 dictis
315 759 380 781 non
407 750 623 781 obstantibus
649 750 746 782 solite
773 754 849 782 sunt
875 752 1006 783 solvere
1032 762 1049 784 a
1075 755 1173 785 certis
1211 755 1352 786 modicis
1377 756 1475 786 annis
1493 758 1578 786 retro
1598 755 1696 787 dictis
1726 756 1872 787 dominis
1900 756 2003 788 Priori

190 815 220 843 et
237 812 406 844 Fratribus
422 821 481 853 pro
496 813 640 853 singulis
658 814 867 844 octocentum
887 814 1018 845 ducatis
1036 824 1093 846 seu
1113 816 1249 848 florenis
1267 818 1336 848 auri
1356 817 1497 848 ducatos
1516 826 1574 848 seu
1589 817 1736 849 florenos
1754 819 1930 859 sexaginta
1946 828 2005 850 sex

188 880 219 909 et
233 877 324 918 quod
344 877 407 917 ipsi
428 886 493 907 non
513 877 665 916 poterant
683 875 818 906 deviare
836 885 854 907 a
873 877 983 913 solito,
1003 880 1033 908 et
1052 878 1142 917 quod
1166 878 1282 909 saltem
1298 879 1339 910 ad
1363 880 1472 919 ipsum
1492 881 1685 920 computum
1705 880 1849 911 debebat
1879 881 2005 912 eisdem

189 940 337 971 dominis
363 938 468 970 Priori
488 940 518 970 et
538 938 708 969 Fratribus
734 939 801 969 fieri
829 939 953 970 solutio
972 942 1001 970 et
1021 941 1112 971 reddi
1133 941 1215 971 ratio
1233 944 1263 972 et
1282 942 1373 981 quod
1392 942 1477 973 circa
1495 943 1760 974 anniversarium
1781 944 1852 983 ipse
1871 944 2004 974 domine

190 1002 373 1034 Abbatissa
392 1004 422 1033 et
441 1001 610 1033 Moniales
625 1011 690 1032 non
705 1002 945 1041 expendebant
961 1003 1043 1033 ultra
1059 1004 1201 1035 ducatos
1216 1004 1328 1035 decem
1345 1007 1375 1035 et
1390 1005 1480 1044 quod
1497 1007 1672 1045 propterea
1693 1014 1752 1046 pro
1772 1006 1855 1046 ipsis
1874 1006 2004 1037 ducatis

189 1066 368 1097 ducentum
384 1065 506 1096 relictis
522 1073 581 1105 pro
596 1065 826 1095 anniversario
843 1074 907 1095 non
924 1065 1067 1097 debebat
1084 1066 1195 1097 haberi
1212 1068 1305 1098 ratio.
1322 1067 1360 1098 Et
1374 1076 1390 1098 e
1405 1068 1570 1098 contrario
1590 1068 1761 1099 dicebatur
1776 1078 1835 1108 pro
1851 1071 1942 1109 parte
1959 1069 2007 1109 ip—

189 1137 300 1159 sarum
327 1127 461 1158 domine
488 1126 670 1158 Abbatisse
696 1129 727 1158 et
753 1127 964 1158 Monialium.
992 1128 1029 1158 Et
1056 1129 1293 1160 nichilonimus
1313 1129 1462 1169 prefatus
1481 1130 1639 1161 dominus
1657 1130 1915 1161 archidiaconus
1934 1140 2006 1170 pre-

189 1190 287 1221 dictis
312 1190 572 1229 exceptionibus
608 1190 754 1229 ipsarum
782 1189 991 1220 dominarum
1019 1191 1221 1230 postpositis
1247 1191 1289 1222 ad
1315 1192 1569 1223 concessionem
1609 1192 1787 1223 litterarum
1827 1193 2008 1224 denuncia-

190 1253 332 1283 tivarum
359 1259 474 1282 contra
501 1252 594 1292 ipsas
631 1252 787 1282 dtmiinas
825 1251 1042 1282 Abbatissam
1069 1255 1099 1283 et
1128 1253 1295 1284 Moniales
1333 1255 1506 1294 processit,
1533 1263 1550 1284 a
1577 1254 1702 1294 quibus
1735 1263 1795 1294 pro
1821 1257 1913 1294 parte
1939 1255 2008 1285 dic-

188 1317 293 1346 tarum
321 1315 530 1345 dominarum
558 1323 657 1354 quam
685 1315 826 1354 primum
854 1315 894 1345 de
921 1315 1004 1355 ipsis
1031 1316 1185 1346 noticiam
1214 1316 1411 1351 habuerunt,
1448 1315 1509 1347 fuit
1545 1316 1750 1356 appellatum
1788 1318 1818 1348 et
1845 1317 1884 1347 de
1911 1317 2007 1348 nulli-

189 1379 254 1408 tate
280 1377 491 1417 propositum
519 1378 549 1407 et
575 1378 650 1407 ante
677 1377 824 1416 ipsarum
852 1377 1113 1417 publicationem
1141 1378 1191 1408 cui
1220 1387 1276 1418 per
1303 1379 1412 1418 ipsum
1440 1378 1611 1409 dominum
1640 1378 1922 1410 Archidiaconum
1942 1379 2004 1410 fuit

188 1439 358 1470 dellatum.
385 1439 423 1470 Et
448 1439 570 1470 exinde
597 1448 657 1479 pro
684 1442 775 1479 parte
802 1440 928 1470 domini
957 1439 1121 1480 Prepositi
1149 1441 1253 1471 sancti
1283 1441 1460 1472 Michaelis
1479 1442 1615 1472 maioris
1635 1440 1737 1481 Papie
1756 1443 2005 1473 conservatoris

190 1502 338 1542 ipsarum
365 1502 576 1533 dominarum
604 1501 786 1533 Abbatisse
812 1504 841 1533 et
870 1502 1069 1533 Monialium
1096 1512 1132 1533 ac
1160 1504 1351 1534 monasterii
1378 1503 1475 1534 fuerit
1503 1504 1678 1534 inhibitum
1706 1504 1769 1535 sub
1796 1513 1881 1544 pena
1907 1513 2007 1535 exco-

189 1565 425 1595 municationis
450 1565 491 1595 ad
519 1565 805 1605 pubblicationem
832 1565 994 1596 dictarum
1021 1568 1223 1596 assertarum
1250 1565 1429 1596 litterarum
1458 1566 1603 1606 procedi,
1642 1567 1719 1606 quia
1757 1566 1922 1607 pendente
1948 1576 2008 1607 ap-

188 1627 368 1667 pellatione
395 1627 554 1667 predicta,
581 1636 645 1667 que
671 1627 732 1658 fuit
758 1628 908 1659 admissa
935 1630 968 1658 ut
994 1636 1106 1668 supra,
1126 1628 1206 1658 nihil
1226 1628 1266 1659 de
1286 1628 1354 1659 iure
1373 1628 1517 1659 debebat
1537 1629 1711 1665 innovari;
1738 1637 1755 1659 a
1782 1638 1849 1668 quo
1868 1629 2003 1668 quidem

191 1691 348 1729 precepto
375 1692 405 1720 et
431 1690 656 1730 suspensione
683 1689 744 1720 fuit
770 1699 829 1730 pro
857 1692 948 1730 parte
975 1690 1137 1721 dictorum
1165 1690 1290 1721 domini
1319 1689 1443 1721 Prioris
1469 1692 1499 1721 et
1527 1690 1673 1721 Fratrum
1701 1700 1811 1722 coram
1832 1691 1920 1722 dicto
1947 1691 2006 1722 do—

189 1751 278 1781 mino
306 1750 482 1791 Preposito
519 1754 756 1783 conservatore
793 1752 953 1783 dictarum
994 1752 1191 1783 Monialium
1229 1753 1433 1793 appellatum
1460 1755 1490 1784 et
1516 1753 1556 1784 de
1583 1753 1732 1784 nullitate
1771 1754 2003 1793 propositum:

189 1822 290 1854 super
315 1814 440 1854 quibus
465 1814 753 1854 appellationibus
776 1815 851 1845 hinc
878 1815 953 1845 inde
980 1814 1100 1846 fuerint
1126 1816 1261 1846 obtenta
1288 1816 1447 1856 rescripta
1462 1816 1650 1856 apostolica
1676 1818 1707 1846 et
1732 1816 2002 1851 commissiones,

189 1877 276 1908 unde
303 1878 408 1908 maior
434 1877 479 1908 lix
507 1878 679 1917 maiorque
705 1877 861 1908 confusio
887 1880 958 1908 orta
984 1887 1059 1909 esse
1087 1878 1253 1909 videretur
1279 1879 1309 1908 et
1336 1878 1365 1909 in
1393 1878 1466 1909 dies
1502 1879 1615 1919 augeri
1654 1887 1719 1909 non
1754 1878 1947 1909 dubitentur
1972 1881 2002 1909 et

188 1942 323 1979 propter
349 1940 541 1970 varietatem
568 1941 599 1970 et
624 1940 890 1971 contrarietatem
928 1941 1205 1971 commissionum
1232 1943 1262 1971 et
1288 1940 1517 1972 dubitationes
1553 1941 1650 1971 etiam
1679 1941 1709 1971 in
1737 1941 1862 1972 meritis
1899 1941 2004 1972 resul-

185 2004 294 2033 tantes
319 2011 359 2033 ex
389 2004 527 2042 utraque
554 2004 668 2042 parte:
695 2002 854 2033 Volentes
892 2003 991 2043 igitur
1028 2005 1139 2043 partes
1177 2003 1259 2043 ipse,
1298 2003 1452 2034 videlicet
1490 2003 1575 2034 dicte
1602 2003 1735 2034 domine
1762 2002 1945 2034 Abbatissa
1971 2006 2002 2034 et

187 2064 365 2101 Moniales,
392 2073 449 2095 seu
478 2065 602 2095 nobilis
629 2065 678 2095 vir
704 2065 862 2095 dominus
889 2064 1040 2095 Aluisius
1067 2065 1106 2095 de
1134 2064 1326 2097 Rambosiis
1352 2065 1392 2096 de
1418 2064 1576 2097 Coazano
1614 2065 1703 2096 filius
1736 2065 1906 2104 quondam
1934 2064 2002 2096 Do-

186 2128 251 2158 nati
278 2136 390 2158 earum
416 2128 568 2159 sindicus
593 2130 624 2158 et
650 2130 854 2167 procurator,
881 2127 922 2158 ad
950 2128 1008 2158 hec
1034 2130 1064 2158 et
1090 2127 1153 2158 alia
1188 2127 1377 2168 specialiter
1413 2128 1616 2158 constitutus
1653 2136 1710 2167 per
1744 2128 1998 2158 instrumentum

185 2192 336 2229 rogatum
364 2199 421 2230 per
447 2189 671 2231 Augustinum
700 2190 739 2220 de
766 2190 925 2221 Morasco
951 2190 1115 2220 notarium
1143 2190 1313 2230 publicum
1341 2190 1548 2230 papiensem,
1574 2198 1662 2220 anno
1680 2192 1711 2220 et
1731 2190 1897 2220 indicione
1925 2199 2001 2230 pro—

186 2253 272 2284 xime
299 2254 474 2293 preteritis,
501 2253 553 2284 die
579 2253 723 2293 septimo
750 2253 875 2283 mensis
901 2252 1098 2289 decembris,
1125 2254 1216 2292 parte
1243 2261 1318 2289 una,
1336 2255 1367 2283 et
1386 2252 1587 2283 venerabilis
1606 2252 1763 2283 dominus
1789 2261 1881 2283 sacre
1907 2252 2001 2283 theo-

185 2315 272 2356 logie
298 2316 456 2355 magister
480 2315 580 2346 frater
605 2315 861 2346 Bertholameus
887 2315 927 2346 de
954 2315 1135 2346 Valmacha
1163 2313 1256 2345 Prior
1281 2315 1499 2354 suprascripti
1528 2315 1719 2345 monasterii
1754 2315 1858 2345 sancti
1887 2314 2000 2355 Augu-

183 2378 272 2414 stini,
298 2380 329 2409 et
354 2387 427 2409 cum
454 2378 529 2418 ipso
554 2380 584 2409 et
610 2378 699 2418 apud
728 2378 837 2418 ipsum
864 2377 1087 2408 venerabilles
1113 2377 1272 2417 relligiosi
1300 2377 1425 2407 domini
1453 2377 1610 2417 magister
1637 2376 1802 2407 lohannes
1821 2377 1861 2407 de
1880 2378 1997 2407 sancto

184 2439 323 2481 AngeIO,
350 2441 508 2481 magister
534 2440 700 2471 Antonius
727 2440 766 2471 de
794 2439 853 2471 Ast
879 2442 909 2470 et
936 2439 1092 2479 magister
1119 2438 1309 2470 Alexander
1335 2439 1375 2470 de
1403 2438 1518 2479 Papia,
1555 2447 1673 2470 omnes
1710 2447 1802 2470 sacre
1828 2438 1996 2479 theologie

183 2505 343 2545 magistri,
369 2503 468 2535 frater
493 2503 659 2534 Iohannes
685 2502 940 2534 Bertholameus
967 2502 1006 2532 de
1032 2501 1216 2533 Castelatio
1255 2501 1409 2539 biblicus,
1447 2501 1546 2532 frater
1572 2501 1738 2532 Martinus
1775 2501 1815 2532 de
1845 2501 1996 2532 Valentia

183 2567 294 2603 lector,
320 2566 419 2597 trater
446 2565 573 2606 Filipus
599 2566 638 2597 de
665 2565 815 2597 Vicentia
842 2565 953 2601 lector,
980 2564 1078 2595 frater
1106 2563 1231 2595 Paulus
1257 2564 1297 2595 de
1324 2563 1440 2601 Puteo,
1478 2564 1577 2595 frater
1603 2563 1759 2595 Didimus
1786 2563 1825 2594 de
1853 2563 1996 2604 Brayda,

183 2629 281 2660 frater
306 2628 486 2660 Zacharias
523 2628 562 2659 de
600 2628 808 2665 Mediolano,
845 2627 944 2658 frater
981 2625 1116 2658 Gabriel
1145 2626 1184 2657 de
1212 2625 1391 2662 Placentia,
1428 2626 1528 2657 frater
1561 2625 1787 2656 Bernardinus
1814 2625 1854 2656 de
1881 2624 1996 2665 Papia,

180 2691 280 2723 frater
305 2691 470 2722 lohannes
496 2691 536 2722 de
562 2690 685 2725 Trizio,
711 2690 810 2722 frater
835 2689 995 2722 Silvester
1021 2689 1060 2720 de
1088 2689 1255 2725 Valencia,
1282 2688 1381 2719 frater
1406 2687 1591 2729 Gregorius
1617 2688 1657 2719 de
1685 2686 1800 2728 Papia,
1826 2687 1925 2718 frater
1945 2687 1995 2718 Fi-

182 2755 270 2795 lipus
295 2754 335 2785 de
363 2753 485 2790 Laude,
511 2752 610 2784 frater
636 2753 786 2794 Angelus
811 2753 851 2784 de
879 2752 1094 2788 Alexandria,
1120 2750 1219 2782 frater
1246 2750 1404 2782 Matheus
1429 2750 1470 2781 de
1497 2749 1681 2787 Alamania‚
1707 2749 1806 2780 frater
1833 2750 1993 2780 Marchus

179 2816 220 2847 de
246 2815 373 2853 Padua,
399 2815 498 2846 frater
524 2815 689 2846 lohannes
715 2815 755 2846 de
781 2814 955 2849 Turronis,
982 2813 1080 2844 frater
1114 2812 1335 2844 Francischus
1373 2812 1412 2843 de
1450 2811 1635 2844 Castelatio
1672 2814 1702 2843 et
1739 2811 1838 2842 frater
1876 2810 1993 2842 Petrus

180 2878 221 2909 de
245 2876 471 2915 Castronovo,
497 2886 614 2909 omnes
650 2877 769 2909 fratres
807 2876 950 2917 professi
989 2876 1066 2906 dicti
1106 2875 1296 2917 monasterii
1324 2876 1355 2905 et
1379 2876 1568 2905 conventus
1594 2874 1698 2905 sancti
1727 2873 1904 2913 Augustini
1932 2871 1993 2903 Or-

177 2941 267 2972 dinis
293 2940 441 2971 Fratrum
469 2940 709 2971 Heremitarum
737 2939 851 2981 Papie,
879 2939 921 2970 ibi
949 2938 1175 2978 capitulariter
1192 2937 1368 2968 convocati
1395 2939 1425 2967 et
1450 2937 1654 2977 congregati,
1681 2944 1766 2967 sono
1784 2934 1990 2975 campanelle

179 3004 344 3043 premisso
371 3006 405 3034 ut
431 3003 533 3034 moris
558 3005 608 3034 est
633 3005 663 3034 et
689 3003 729 3034 de
756 3003 915 3034 mandato
941 3004 970 3033 et
998 3000 1218 3041 imposicione
1246 2998 1362 3039 prefati
1390 2998 1516 3030 domini
1545 2998 1680 3035 Prioris,
1699 2998 1860 3029 facientes
1885 3000 1915 3027 et
1942 3006 1990 3027 re-

178 3067 410 3106 presentantes
435 3068 466 3096 et
492 3066 547 3105 qui
575 3067 661 3103 sunt,
687 3065 814 3096 faciunt
839 3067 869 3096 et
896 3065 1136 3104 representant,
1164 3064 1197 3093 ut
1222 3062 1337 3093 dicunt
1361 3064 1391 3093 et
1418 3063 1655 3102 protestantur,
1697 3061 1854 3091 maiorem
1881 3062 1911 3090 et
1938 3067 1990 3089 sa—

178 3127 303 3158 niorem
330 3129 455 3167 partem
482 3129 512 3158 et
538 3127 614 3167 plus
640 3135 740 3167 quam
767 3127 852 3158 duas
879 3128 1000 3166 partes,
1028 3125 1093 3155 imo
1119 3124 1186 3155 fere
1212 3126 1316 3155 totum
1343 3126 1373 3155 et
1400 3124 1562 3164 integrum
1590 3122 1782 3163 Capitulum
1818 3122 1894 3152 dicti
1922 3130 1992 3151 mo-
