2347 3444
1994 193 2058 224 207

247 316 372 348 domini
399 317 525 348 domini
552 318 655 349 nostri
682 318 807 350 domini
835 318 919 351 Sixti
947 320 1061 351 divina
1088 319 1309 351 providencia
1336 319 1426 361 Pape
1452 322 1560 361 quarti
1595 322 1764 353 innovatis
1789 325 1819 354 et
1844 325 2058 363 confirmatis,

246 387 304 419 per
328 379 392 410 alia
419 380 594 421 privilegia
620 381 745 412 tenoris
771 382 1021 422 subsequentis,
1048 382 1224 414 videlicet:

336 440 451 472 Sixtus
478 442 668 483 Episcopus
695 452 813 475 servus
839 453 1011 476 servorum
1038 444 1098 476 Dei
1125 445 1167 476 ad
1193 446 1386 486 perpetuam
1407 454 1462 486 rey
1482 446 1685 476 memoriam.
1717 446 1802 477 Dum
1829 447 1955 477 true-tue.
1982 449 2062 479 uhe-

247 511 310 541 res,
336 505 395 534 etc.
421 501 482 543 (1).

337 564 375 596 Et
401 565 492 605 quod
519 566 653 606 quidem
681 567 892 608 privilegium
923 568 1046 600 ibidem
1072 568 1134 600 fuit
1158 570 1189 600 et
1214 570 1264 600 est
1288 569 1493 609 originaliter
1519 569 1782 601 demonstratum
1809 579 1846 601 ac
1873 570 1990 602 lectum
2030 571 2061 602 in

247 627 414 667 presentia
441 627 502 658 mei
529 628 646 659 notarii
673 630 704 660 et
730 629 862 660 testium
890 629 1175 671 infrascriptorum
1202 632 1233 661 et
1258 629 1319 661 fuit
1344 632 1375 661 et
1400 632 1449 662 est
1475 639 1604 669 sanum,
1632 631 1793 672 integrum
1820 634 1851 664 et
1878 633 2013 664 illexum
2032 634 2062 663 et

248 689 337 719 omni
365 697 503 729 prorsus
529 690 616 721 vicio
642 692 672 721 et
699 691 892 731 suspicione
919 700 1035 723 carens
1053 694 1084 723 et
1103 692 1263 723 bullatum
1291 701 1368 723 vera
1388 691 1478 723 bulla
1497 692 1654 733 plumbea
1674 694 1877 734 impendenti
1897 703 1970 725 cum
1990 703 2061 725 cor-

247 751 325 782 dula
352 752 439 783 sirici
466 752 557 783 rubei
584 753 759 793 croceique
784 753 917 792 coloris,
944 763 1033 786 more
1059 754 1159 786 solito
1187 754 1333 788 Romane
1360 753 1470 793 Curie,
1496 755 1627 787 dilectis
1656 756 1733 787 filiis
1763 757 1955 788 venerando
1985 757 2062 787 dom

247 812 383 844 Alberto
410 814 450 845 de
476 812 688 846 Guidebonis
713 815 826 846 abbati
855 817 1046 848 monasterii
1073 818 1262 848 sanctorum
1298 815 1452 848 Gervasii
1480 817 1520 848 de
1547 817 1755 849 Montebello
1780 816 1832 857 (2)
1864 820 1894 849 et
1928 819 2062 859 egregio

247 875 374 907 doctori
401 876 538 907 domino
565 876 701 908 iohanni
730 877 867 909 Matheo
893 879 932 909 de
959 878 1079 910 Priolis
1104 879 1341 910 archidiacono
1368 880 1472 911 sancti
1498 879 1576 910 Zeni
1604 881 1788 920 papiensis,
1807 882 1837 912 et
1855 881 1990 912 cuilibet
2010 890 2065 912 ve-

248 939 351 969 strum
379 938 409 969 in
436 938 592 976 solidum,
619 939 759 970 salutem
786 942 817 971 et
842 941 1004 972 sinceram
1032 941 1062 972 in
1089 950 1139 978 eo,
1166 941 1221 981 qui
1249 950 1308 981 pro
1334 941 1532 973 mortalibus
1558 950 1682 982 passus
1707 944 1767 980 est,
1793 943 1973 974 caritatem.

337 999 466 1031 Prefate
493 999 656 1042 Religioni
683 1002 863 1033 universali
891 1002 1130 1034 Heremitarum
1158 1003 1342 1034 beatissimi
1369 1002 1559 1044 Augustini,
1579 1003 1652 1035 licet
1671 1004 1844 1042 immerito,
1864 1005 2064 1044 disponente

247 1060 394 1092 Domino
420 1062 639 1102 presidentes.
665 1064 774 1094 circha
800 1073 911 1095 curam
938 1064 1152 1095 ecclesiarum
1171 1066 1201 1096 et
1221 1065 1497 1096 monasteriorum
1524 1066 1671 1096 omnium
1699 1066 1848 1097 eiusdem
1870 1065 2064 1103 Religionis,

248 1124 388 1155 solercia
415 1125 584 1155 reddimur
610 1125 765 1156 indefexa
793 1126 924 1163 soliciti,
952 1129 994 1163 ut,
1037 1127 1128 1157 iuxta
1155 1127 1303 1157 debitum
1331 1127 1458 1158 sarcine
1484 1126 1584 1158 officii
1613 1128 1735 1165 nostri,
1773 1137 1885 1159 eorum
1913 1137 2065 1159 occurra-

249 1195 323 1218 mus
349 1187 548 1226 dispendiis,
575 1189 605 1218 et
632 1187 848 1228 profectibus,
875 1189 988 1219 divina
1014 1189 1239 1229 chooperante
1266 1189 1455 1227 clemencia,
1482 1189 1659 1221 salubriter
1686 1190 1915 1221 intendamus.
1954 1189 2063 1227 Sane,

248 1248 443 1279 dilectorum
470 1249 612 1280 filiorum
644 1248 794 1281 Priorum
820 1252 850 1281 et
877 1250 1114 1282 Priorissarum
1154 1259 1191 1282 ac
1228 1252 1409 1282 ceterorum
1448 1260 1736 1292 quorumcumque
1769 1252 1854 1283 dicte
1882 1251 2065 1292 Religionis

248 1311 352 1341 sancti
380 1310 558 1351 Augustini
584 1312 692 1342 tocius
719 1311 894 1343 Provincie
920 1312 1118 1343 Lombardie
1143 1313 1394 1353 conquestione,
1423 1314 1633 1353 percepimus
1652 1314 1742 1353 quod
1762 1314 1911 1345 nonrmlli
1932 1313 2067 1345 Archie-

248 1373 391 1413 piscopi,
418 1372 588 1413 Episcopi,
614 1373 738 1413 aliique
764 1374 977 1405 ecclesiarum
1006 1374 1125 1406 Prelati
1152 1377 1182 1406 et
1207 1373 1338 1412 Clerici,
1364 1377 1464 1415 atque
1489 1375 1714 1407 ecclesiastice
1751 1385 1893 1416 persone
1927 1378 1991 1407 tam
2018 1385 2067 1407 re-

249 1435 368 1475 ligiose
394 1444 493 1475 quffln
520 1436 698 1473 seculares,
725 1445 784 1467 nec
811 1446 875 1467 non
903 1436 1024 1474 Duces,
1052 1437 1284 1474 Marchionesâ€š
1310 1436 1478 1475 Comites,
1505 1437 1672 1476 Barones,
1699 1438 1858 1476 Nobiles,
1885 1438 2010 1469 Milites
2036 1440 2066 1469 et

249 1497 333 1535 laici,
360 1495 526 1529 Comunia
552 1496 746 1535 Civitatum,
774 1498 1018 1530 Universitates
1044 1499 1233 1539 opidorum,
1270 1501 1465 1538 castrorum,
1492 1500 1644 1531 villarum
1671 1502 1702 1531 et
1727 1500 1867 1531 aliorum
1895 1501 2065 1538 locorum,

249 1559 380 1599 alieque
406 1559 594 1600 singulares
621 1569 763 1600 persone
788 1561 959 1592 civitatum
978 1562 1009 1592 et
1027 1561 1199 1593 diocesum
1225 1563 1256 1592 et
1280 1561 1419 1592 aliarum
1446 1562 1588 1602 partium
1615 1562 1834 1599 diversarum,
1860 1566 2066 1603 occuparunt

249 1623 280 1652 et
305 1622 460 1662 occupari
487 1621 635 1653 fecerunt
659 1624 777 1659 castra,
805 1622 902 1654 villas
927 1625 957 1653 et
983 1623 1047 1654 alia
1074 1623 1156 1660 loca,
1182 1625 1296 1660 terras,
1323 1624 1453 1661 domos,
1480 1625 1736 1664 possessiones,
1764 1625 1833 1655 iura
1859 1626 1889 1655 et
1916 1625 2068 1656 iurisdic-

250 1684 369 1721 tiones,
395 1692 454 1715 nec
480 1693 545 1714 non
572 1684 709 1722 fructus,
735 1693 867 1723 census,
894 1685 1044 1716 redditus
1081 1686 1358 1717 monasteriorum
1385 1688 1415 1717 et
1441 1686 1588 1717 locorum
1622 1695 1759 1718 suorum
1785 1688 1816 1718 et
1841 1687 2067 1726 quorumlibet

250 1746 400 1786 ipsorum
426 1747 457 1777 et
481 1746 524 1777 ab
549 1747 598 1777 eis
624 1746 889 1787 dependencium
915 1749 946 1778 et
972 1756 1029 1787 per
1055 1747 1185 1778 illorum
1212 1747 1363 1779 Priorum
1390 1748 1520 1779 Fratres
1545 1750 1576 1779 et
1600 1750 1787 1780 conventus
1806 1749 1872 1790 regi
1892 1750 1923 1780 et
1941 1749 2066 1789 percipi

250 1807 424 1839 solitorum
452 1807 655 1848 ubicumque
680 1809 941 1839 consistencium
967 1810 998 1840 et
1023 1809 1184 1840 nonnulla
1209 1809 1273 1840 alia
1300 1809 1388 1841 bona
1407 1810 1543 1841 mobilia
1562 1812 1592 1841 et
1611 1810 1805 1849 immobilia,
1825 1811 2011 1851 spiritualia
2036 1813 2067 1842 et

251 1870 459 1910 temporalia,
486 1870 527 1901 ad
554 1869 703 1911 prefatos
730 1869 872 1908 Priores,
899 1870 1029 1903 Fratres
1053 1873 1084 1902 et
1109 1870 1307 1903 Conventus
1339 1881 1377 1903 ac
1410 1873 1612 1904 monasteria
1645 1874 1675 1903 et
1709 1872 1781 1904 loca
1814 1874 2004 1913 spectantes
2036 1875 2067 1904 et

250 1933 435 1972 spectantia
460 1934 491 1963 et
516 1941 575 1963 eos
601 1934 631 1963 et
656 1941 694 1963 ea
720 1932 867 1964 detinent
905 1932 1050 1964 indebite
1087 1935 1271 1973 occupatos
1296 1935 1327 1964 et
1352 1936 1525 1974 occupata,
1551 1936 1582 1965 et
1607 1934 1794 1975 privilegiis
1831 1934 1956 1974 prefate
1984 1933 2069 1967 Reli-

249 1994 371 2035 gionis,
398 1994 533 2026 lassatis
560 1994 711 2032 habenis,
737 1996 768 2026 et
793 1995 943 2026 divinum
969 1995 1092 2026 cultum
1119 1996 1367 2036 supprimentes
1392 1997 1423 2026 et
1449 1996 1582 2036 proprie
1608 1996 1726 2027 salutis
1752 1996 1973 2034 immemores,
2000 2005 2065 2027 non

249 2055 430 2087 formidant
455 2057 685 2088 contravenire
711 2056 906 2097 eisdemque
931 2057 1034 2095 abuti,
1060 2066 1185 2097 pravos
1210 2059 1241 2088 et
1266 2057 1468 2089 subauditos
1494 2058 1680 2089 intellectus
1698 2058 1810 2088 dando
1830 2058 1860 2088 in
1879 2058 2065 2098 gehennam

250 2118 338 2159 ignis
363 2119 464 2149 eterni
492 2119 661 2150 incassum
688 2118 901 2160 dignoscunt,
927 2121 957 2150 et
983 2127 1041 2150 seu
1067 2128 1126 2150 eos
1152 2128 1210 2150 seu
1236 2128 1274 2150 ea
1301 2119 1546 2157 detinentibus,
1572 2119 1903 2151 contravenientibus
1928 2122 1959 2151 et
1985 2120 2067 2151 dan-

248 2180 339 2212 tibus
365 2189 490 2220 pravos
515 2182 545 2212 et
571 2180 773 2212 subauditos
799 2181 985 2212 intellectus
1011 2181 1174 2221 intrepide
1200 2183 1348 2221 prestant
1387 2181 1561 2219 auxilium,
1587 2181 1783 2213 conscilium
1820 2182 1871 2213 vel
1898 2181 2066 2219 favorem,

249 2242 398 2273 nonnulli
425 2243 524 2273 etiam
543 2243 726 2281 civitatum,
745 2243 916 2274 diocesum
935 2244 967 2274 et
985 2243 1126 2283 partium
1146 2242 1272 2283 prefate
1291 2243 1500 2281 Lombardie,
1519 2244 1575 2283 qui
1595 2252 1715 2274 nomen
1735 2242 1869 2274 Domini
1889 2244 1920 2274 in
1939 2252 2062 2274 vanum

248 2305 393 2344 recipere
419 2313 484 2335 non
510 2303 701 2342 formidant,
727 2304 854 2336 eisdem
881 2303 1063 2342 Prioribus,
1091 2304 1261 2336 Fratribus
1285 2306 1317 2336 et
1342 2303 1577 2337 Conventibus
1595 2313 1696 2345 super
1713 2305 1811 2337 dictis
1829 2306 1957 2341 castris,
1977 2305 2066 2337 villis

250 2367 281 2397 et
307 2366 389 2397 locis
413 2366 498 2404 aliis,
525 2375 653 2398 necnon
680 2367 784 2404 terris,
811 2366 979 2404 domibus,
1005 2367 1307 2407 possessionibus,
1343 2367 1474 2408 juribus
1499 2368 1530 2398 et
1554 2367 1862 2408 iurisdictionibus,
1888 2367 2064 2405 fructibus,

306 2532 336 2552 (11
355 2532 526 2558 Sopprimiamo
542 2532 556 2552 il
573 2533 634 2553 testo
650 2532 709 2553 della
731 2532 800 2558 lunga
823 2532 884 2553 bolla
908 2532 929 2552 di
954 2531 1017 2552 Sisto
1035 2531 1132 2557 Quarto,

253 2578 336 2604 perche
352 2578 363 2598 á½²
378 2577 415 2603 gia
430 2579 494 2603 nota,
510 2583 522 2598 e
537 2577 555 2597 si
572 2577 619 2603 pub
635 2577 725 2603 leggere
741 2577 812 2598 anche
829 2577 849 2597 in
866 2576 981 2601 TORELLI,
1000 2576 1049 2597 Volâ´
1067 2576 1123 2601 Vlll,

255 2629 307 2649 pag.
323 2622 362 2643 226
371 2633 380 2636 -
394 2622 440 2643 234,

305 2667 335 2692 (2)
351 2661 368 2688 Î•
383 2666 441 2687 frate
456 2666 552 2687 Alberto
567 2665 602 2687 dei
619 2666 689 2686 nobili
706 2665 846 2691 Guidoboni,
857 2665 945 2686 illustre
957 2664 1056 2690 tamiglia
1068 2664 1127 2685 della

252 2711 308 2732 citta
323 2711 345 2731 di
361 2711 473 2736 Tortona,
490 2710 552 2736 liglio
568 2709 604 2730 del
627 2709 747 2731 Convento
770 2709 792 2730 di
815 2710 899 2735 questa
922 2708 991 2730 citra.
1015 2708 1093 2729 Scrive
1115 2708 1128 2728 il

253 2755 368 2779 TORELLI,
385 2754 431 2780 Vll,
441 2760 493 2780 pag.
507 2754 543 2776 251
557 2754 598 2775 che
614 2754 657 2780 egli
674 2754 709 2774 nel
722 2754 771 2774 1477
783 2753 805 2774 lu
818 2761 828 2770 Â«
838 2753 994 2774 condecorato
1009 2758 1052 2773 con
1064 2753 1083 2773 la
1095 2752 1127 2773 di-

252 2799 316 2826 gnita
331 2800 353 2820 di
362 2799 453 2820 Abbate
468 2799 505 2820 de'
520 2798 560 2820 SS.
576 2798 689 2820 Gervasio
705 2804 716 2819 e
733 2798 854 2824 Protasio,
872 2800 895 2819 et
910 2798 982 2818 anche
998 2803 1042 2818 non
1059 2797 1130 2818 molto

253 2844 332 2870 doppo
348 2844 369 2864 di
386 2844 485 2864 un'altra
500 2843 594 2864 abbatia
605 2842 628 2864 fu
640 2843 763 2868 honorato,
780 2843 821 2863 che
833 2842 854 2862 di
867 2842 987 2863 Belmonte
996 2841 1096 2862 dicevasi
1106 2849 1124 2862 Ï…,

252 2888 268 2908 11
283 2888 368 2909 Torelli
384 2887 434 2908 dice
449 2887 470 2907 di
487 2893 531 2908 non
547 2892 629 2913 sapere
641 2892 684 2908 ove
699 2886 790 2907 tossero
806 2886 825 2906 le
841 2886 886 2907 due
901 2886 1006 2910 abbazieâ€š
1026 2886 1127 2906 sebbene

252 2933 272 2953 le
287 2932 356 2953 creda
371 2932 431 2953 nello
446 2933 509 2953 stato
525 2931 546 2952 di
563 2931 658 2952 Milano.
670 2931 742 2952 Come
758 2931 838 2951 risulta
850 2930 886 2951 dal
898 2931 978 2951 nostro
989 2930 1129 2950 documento

254 2982 266 2997 e
281 2976 309 2997 da
326 2976 389 2997 molti
404 2976 456 2997 altri
472 2975 629 2997 dell'archivio
645 2975 667 2996 di
683 2975 762 3001 Pavia,
778 2981 822 2996 non
838 2975 857 2995 si
873 2976 944 2995 tratta
960 2974 981 2995 di
998 2974 1042 2994 due
1059 2974 1129 2995 abba-

253 3021 297 3046 zie,
313 3026 349 3041 ma
364 3020 386 3041 di
402 3020 478 3046 quella
492 3020 595 3041 soltanto
610 3019 646 3041 dei
661 3019 726 3041 Santi
741 3019 853 3041 Gervasio
869 3025 881 3040 e
897 3019 1003 3040 Protasio
1023 3019 1044 3039 in
1064 3018 1127 3039 terri-

253 3065 314 3086 torio
330 3070 430 3091 pavese,
453 3065 554 3086 officiata
576 3065 650 3091 prima
671 3064 708 3085 dai
731 3064 891 3090 Benedettini,
915 3063 952 3088 poi
968 3063 1005 3084 dai
1021 3062 1129 3089 Religiosl

1188 2531 1336 2552 Gerolamini.
1353 2531 1408 2552 Vedi
1426 2532 1450 2552 C,
1467 2532 1595 2553 ÎŸÎ™Ï…Î™-Î¹Î•Î¤Î¤Î¹
1606 2549 1611 2557 ,
1627 2532 1770 2553 Montebelto
1785 2532 1824 2553 nel
1850 2533 1997 2558 Voglirrcsv,
2021 2532 2063 2554 Ca-

1179 2576 1285 2601 stcggio,
1303 2575 1382 2601 Perea,
1401 2576 1465 2601 1889,
1482 2582 1534 2601 pag,
1550 2576 1583 2599 30,
1600 2582 1648 2601 segâ´
1667 2576 1741 2597 Prima
1757 2577 1798 2597 che
1814 2577 1827 2597 il
1844 2576 1976 2597 Guirinboni
1999 2577 2062 2597 losse

1185 2620 1256 2640 cletto
1271 2620 1356 2641 abbate
1372 2620 1393 2640 di
1410 2620 1561 2645 Montebello,
1573 2626 1611 2641 era
1627 2621 1690 2641 stato
1706 2620 1828 2646 provvisto
1839 2621 1861 2641 di
1874 2627 1902 2641 un
1915 2621 2028 2641 bencliaio
2040 2620 2061 2641 di

1183 2665 1308 2689 patronato
1319 2664 1355 2685 dei
1366 2664 1434 2685 duchi
1445 2664 1466 2685 di
1479 2664 1576 2690 MilanoÍ¾
1586 2670 1650 2685 corne
1659 2664 1782 2691 sappiamo
1794 2665 1822 2685 da
1834 2671 1863 2685 1111
1874 2666 1924 2686 atto
1936 2665 1971 2686 del
1983 2665 2062 2686 notaio

1184 2708 1242 2729 Gian
1258 2708 1385 2729 Donienico
1401 2708 1551 2734 Migliavacca
1575 2708 1651 2731 (Arcti.
1675 2709 1755 2729 Notar.
1772 2708 1793 2729 di
1811 2708 1908 2732 Pavia).
1933 2709 1954 2729 111
1967 2709 2002 2730 cui
2017 2709 2038 2730 ai
2049 2710 2062 2730 3

1181 2754 1265 2778 agosto
1283 2753 1345 2777 1475,
1361 2752 1420 2773 nella
1436 2754 1499 2773 corte
1515 2753 1550 2773 del
1568 2752 1669 2774 Podesta
1692 2753 1713 2773 di
1730 2752 1817 2778 pavia,
1842 2753 1855 2773 il
1871 2753 2013 2774 venerabilis
2037 2753 2061 2774 in

1186 2796 1305 2822 theologia
1321 2797 1437 2822 magister
1451 2796 1561 2817 dominns
1573 2796 1654 2822 frater
1671 2796 1782 2818 Albertus
1804 2797 1832 2818 de
1856 2796 2000 2818 Gm'debonis
2022 2797 2062 2817 1111-

1181 2840 1241 2861 calis
1256 2840 1417 2866 cappellanus.
1433 2840 1512 2866 clcgge
1527 2840 1602 2861 alcuni
1618 2840 1669 2861 suoi
1686 2840 1839 2866 procuratori.
1853 2840 1886 2861 Da
1899 2846 1927 2860 un
1939 2842 1989 2861 atto
2001 2840 2060 2866 degli

1181 2885 1194 2905 8
1209 2884 1325 2905 dicembre
1343 2884 1393 2905 Â¹490
1408 2886 1490 2909 rogato
1505 2884 1533 2905 da
1550 2884 1662 2906 Giovanni
1680 2884 1757 2906 lâ€™ietro
1769 2885 1878 2910 Magenta
1889 2884 1966 2907 (Arch.
1979 2885 2059 2905 Notar.

1184 2929 1206 2949 di
1223 2928 1303 2951 Pavia)
1318 2929 1398 2949 risulta
1414 2929 1456 2949 che
1471 2929 1484 2949 il
1500 2930 1581 2949 nostro
1597 2928 1654 2949 frate
1671 2929 1766 2950 Alberto
1781 2934 1819 2949 era
1835 2929 1906 2949 anche
1922 2929 2059 2954 capellanus

1184 2973 1272 2999 capelle
1287 2973 1366 2994 sancti
1381 2972 1486 2998 Andree,
1509 2973 1555 2994 site
1570 2973 1593 2993 á½·Î·
1607 2973 1674 2999 plebe
1690 2973 1768 2994 sancti
1783 2972 1877 2999 Russi'nl
1892 2973 1920 2993 de
1937 2972 2058 2993 Snrczano

1182 3017 1285 3038 dlocesls
1300 3017 1458 3039 terdonensis.
1474 3017 1530 3038 Vedi
1545 3018 1618 3038 anche
1633 3017 1646 3037 11
1662 3017 1802 3038 documento
1811 3017 1846 3037 del
1860 3016 1883 3037 10
1890 3017 1983 3037 ottobre
2000 3016 2057 3037 1493,
