2347 3444
1893 196 1953 226 159

234 329 450 371 Compertum
477 330 588 370 itaque
615 330 777 361 habentes
803 338 844 360 ex
872 328 989 360 litteris
1015 328 1123 368 ipsius
1150 326 1271 358 Vicarii
1298 327 1480 367 predictam
1509 327 1713 358 locacionem
1745 328 1956 367 empliiteoti-

146 401 217 424 cam
244 393 362 424 cedere
399 392 560 424 beneficio
598 391 706 432 ipsius
743 392 942 428 conventus,
968 392 999 421 et
1025 398 1086 421 nos
1112 389 1153 421 ad
1179 398 1217 421 ea
1244 389 1384 420 libenter
1423 389 1580 427 inclinati,
1607 398 1671 429 que
1697 392 1897 421 conventum
1925 393 1955 421 et

147 455 276 495 piorum
303 455 451 486 locorum
479 454 651 486 utilitatem
678 456 707 485 et
735 455 948 490 incrementa,
964 453 1173 485 subditorum
1202 461 1281 483 vero
1308 454 1496 483 nostrorum
1531 452 1706 483 commoda
1741 455 1956 487 concernunt,

146 519 246 557 atque
271 517 312 548 ad
340 517 463 548 nullius
489 517 641 548 iniuriam
668 516 817 553 tendunt,
854 517 968 547 tenore
1006 515 1210 555 presentium
1249 514 1479 551 concedimus,
1506 514 1746 554 dispensamus
1786 516 1816 545 et
1842 514 1957 545 decer-

147 580 256 610 nimus
282 579 372 619 quod
400 579 463 619 ipsi
489 579 614 609 domini
642 578 735 609 Prior
753 580 783 610 et
803 578 933 609 Fratres
959 577 1141 618 predictam
1160 577 1296 608 domum
1316 577 1346 607 in
1366 576 1602 616 emphiteosim
1630 576 1739 607 locare
1759 578 1955 616 perpetuam

147 641 210 680 ipsi
239 640 358 671 Iacobo
385 641 516 681 possint
542 642 572 672 et
599 641 626 671 is
652 641 692 672 de
720 641 792 681 ipsa
819 649 854 671 se
881 640 1038 671 investire
1065 639 1095 670 in
1122 641 1331 679 perpetuum,
1350 638 1414 669 sub
1433 638 1498 669 illis
1525 638 1644 678 pactis,
1664 638 1773 669 modis
1792 641 1822 669 et
1841 638 1957 669 formis

146 702 188 733 de
214 703 339 742 quibus
365 703 508 733 invicem
536 704 765 734 convenerunt
792 704 822 734 et
848 702 888 733 de
915 702 955 733 iis
980 701 1137 732 omnibus
1164 701 1306 732 idoneus
1333 700 1482 731 notarius
1517 701 1771 731 instrumentum
1800 709 1900 731 unum
1927 702 1957 731 et

148 764 242 804 plura
268 766 366 804 prout
391 765 579 804 expediens
618 765 714 796 fucrit
751 765 916 796 conficere
942 766 972 795 et
999 764 1083 804 ipsis
1120 763 1350 794 instrumentis
1386 762 1608 794 conficiendis
1644 764 1747 794 testes
1773 763 1954 803 opportuni

147 826 279 866 possint
306 826 467 857 interesse
492 835 529 857 ac
558 826 689 857 valeant
715 828 794 863 tute,
822 826 923 858 libere
949 828 979 857 et
1006 826 1151 866 impune,
1178 825 1312 856 decreto
1350 826 1465 856 nostro
1502 824 1683 865 superinde
1709 824 1800 855 edito
1826 826 1857 856 et
1883 825 1958 855 aliis

147 889 327 929 quibusvis
354 889 384 918 in
410 889 610 919 contrarium
637 888 838 920 facientibus
864 897 1076 928 nequaquam
1103 888 1248 925 attentis,
1274 887 1399 927 quibus
1425 887 1593 924 omnibus,
1613 887 1643 917 in
1665 887 1725 918 hac
1752 889 1844 926 parte
1862 887 1959 917 dum-

147 953 250 987 taxat,
276 960 317 981 ex
344 952 432 981 certa
458 951 609 985 scientia,
635 950 839 990 derogamus
864 953 895 981 et
921 951 1117 991 derogatum
1144 958 1220 981 esse
1246 949 1481 980 decernimus:
1509 949 1608 980 bonis
1634 950 1744 980 tamen
1772 949 1856 989 ipsis
1882 957 1957 979 cum

148 1013 271 1043 honere
297 1021 360 1043 suo
386 1013 639 1043 transeuntibus
665 1022 702 1043 ae
730 1013 801 1044 sine
827 1013 1014 1053 preiudicio
1040 1013 1158 1043 iurium
1185 1012 1270 1043 tertii
1297 1014 1328 1042 et
1354 1011 1598 1043 declinacionis
1634 1011 1707 1048 fori,
1741 1011 1866 1051 quibus
1893 1020 1957 1041 nou

149 1074 353 1106 intendimus
380 1074 544 1115 derogari,
570 1075 636 1105 imo
662 1075 773 1114 quoad
801 1075 873 1115 ipsa
901 1075 970 1105 iura
997 1075 1099 1112 tercii,
1137 1075 1282 1105 maxime
1307 1075 1333 1105 si
1360 1074 1401 1105 de
1428 1074 1512 1114 ipsis
1551 1074 1648 1104 bonis
1685 1073 1878 1113 quisquiam
1917 1072 1958 1103 ad

149 1140 282 1176 tempus
306 1145 365 1167 seu
394 1136 424 1166 in
452 1138 649 1176 perpetuum
677 1137 856 1167 investitus
874 1137 1004 1174 fuisset,
1030 1139 1061 1168 et
1086 1136 1146 1167 fori
1173 1137 1442 1173 declinationem,
1463 1137 1522 1167 liec
1542 1138 1655 1167 nostra
1674 1135 1852 1167 concessio
1871 1134 1960 1166 nulla

149 1199 191 1230 sit
216 1201 245 1230 et
271 1198 395 1229 nullius
422 1198 546 1229 valoris
584 1207 659 1229 esse
698 1199 909 1238 intelligatur.
948 1199 1151 1230 Mandantes
1185 1199 1388 1230 officialibus
1414 1200 1444 1230 et
1470 1198 1616 1229 subditis
1643 1198 1767 1229 nostris
1793 1199 1961 1237 quatenus

150 1261 210 1292 has
236 1262 368 1291 nostras
394 1260 629 1291 concessionis
655 1269 693 1291 ac
720 1260 858 1292 licencie
896 1261 1021 1292 litteras
1059 1261 1194 1292 firmiter
1219 1261 1400 1291 observent
1425 1262 1456 1291 et
1482 1259 1605 1291 faciant
1638 1259 1876 1290 inviolabiliter
1902 1259 1962 1289 ob-

149 1323 286 1354 servari.
314 1322 346 1353 ln
372 1331 514 1362 quorum
552 1323 778 1353 testimonium
818 1325 992 1363 presentes
1029 1323 1097 1354 fieri
1136 1323 1297 1354 iussimus
1324 1325 1353 1353 et
1380 1322 1547 1362 registrari
1576 1322 1748 1361 nostrique
1774 1321 1874 1362 sigilli
1903 1321 1963 1351 im-

150 1385 326 1425 pressione
352 1385 482 1415 muniri.
509 1383 594 1415 Data
621 1384 736 1425 Papie,
762 1385 815 1416 die
844 1385 959 1426 xxvi]
988 1385 1069 1422 Iulii,
1097 1383 1355 1417 MCCCCLXX.
1383 1383 1450 1425 Sig.
1478 1382 1617 1416 Ciclius.

893 1560 1224 1600 CCCXLVII.

239 1679 339 1706 Frate
364 1677 511 1706 Battista
534 1677 673 1706 Rancati
697 1679 916 1706 Procurator-e
941 1677 973 1705 di
997 1678 1029 1706 S.
1056 1677 1219 1714 Agostino
1244 1677 1355 1706 riceve
1380 1686 1424 1705 un
1448 1677 1565 1706 lascito
1590 1677 1846 1706 testamentario
1864 1674 1924 1716 (l).

830 1809 984 1841 1470,
1004 1809 1200 1841 lug-lio,
1221 1808 1294 1833 81.

712 1906 780 1928 (Arcti
806 1907 886 1926 Notar.
903 1906 924 1927 di
942 1906 1019 1926 Ρῑινῐει4
1037 1917 1060 1920 -
1077 1906 1124 1926 Atti
1141 1906 1162 1926 di
1179 1906 1269 1926 Matteo
1285 1906 1400 1926 anzarii.

168 2092 169 2134 Ῑ
217 2099 338 2215 N
389 2081 488 2144 1'ELLA
513 2122 592 2144 casa
618 2112 671 2144 del
694 2113 806 2152 notajr)
843 2113 874 2143 in
908 2112 1100 2152 parroechia
1126 2112 1160 2143 di
1184 2111 1216 2143 S.
1243 2111 1350 2142 Μανία
1394 2111 1553 2143 Venefica,
1592 2110 1803 2142 Venerabilis
1829 2111 1879 2142 vir
1904 2111 1965 2142 do-

168 2149 169 2186 *
392 2212 393 2219 ἵ
420 2175 530 2206 minus
555 2174 656 2206 frater
681 2173 833 2214 Baptista
860 2174 900 2205 de
928 2173 1097 2206 Ranchate
1123 2173 1277 2204 sindicus
1302 2175 1333 2204 et
1359 2175 1598 2213 procurator...
1637 2174 1829 2204 monasterii
1856 2173 1962 2204 sancti

169 2227 170 2233 ¹
392 2232 393 2242 ¹
422 2236 601 2277 Augustini
628 2237 774 2267 civitatis
800 2235 915 2276 Papie‚
941 2234 1079 2267 Ordinis
1106 2235 1348 2267 Heremitarum
1375 2236 1480 2267 saneti
1509 2235 1732 2276 Augustini...
1759 2235 1906 2266 α’ῐεΙιίιινιι
1932 2235 1966 2267 di

152 2301 289 2332 ricevere
313 2300 402 2332 dallo
427 2299 601 2340 spettabile
625 2299 726 2330 milite
751 2308 767 2330 e
793 2301 885 2330 conte
910 2298 1119 2330 Bartolomeo
1156 2298 1322 2334 Albonesi,
1361 2297 1595 2338 usufruttuario
1621 2297 1675 2329 clei
1698 2297 1773 2329 beni
1804 2298 1967 2329 eredimrii

152 2362 239 2394 della
256 2362 297 2403 fu
322 2362 453 2402 Agnese
478 2361 695 2397 Sannazzari,
725 2361 781 2393 lire
804 2362 850 2393 25
872 2370 888 2392 e
913 2360 999 2392 sold!
1026 2361 1050 2395 Ι,
1079 2369 1139 2400 pro
1165 2362 1257 2400 parte
1283 2360 1463 2391 solutionis
1490 2360 1618 2391 illarum
1646 2360 1803 2392 librarum
1830 2362 1962 2391 eentum

153 2425 373 2464 imperialium
399 2425 487 2455 aliax
516 2424 703 2455 relictarum
731 2433 790 2464 per
816 2423 975 2463 prefatam
1003 2423 1143 2453 condam
1179 2422 1347 2453 dominam
1386 2421 1549 2462 Agnetem
1577 2423 1606 2452 in
1634 2431 1696 2453 suo
1723 2422 1838 2453 ultimo
1863 2423 1965 2453 testa-

154 2489 264 2518 mento
290 2496 364 2518 eum
391 2496 490 2518 onere
505 2486 641 2518 fatiendi
658 2486 798 2517 offitium
815 2486 948 2525 singulo
974 2494 1072 2522 anno,
1097 2485 1138 2515 de
1156 2493 1223 2524 quo
1242 2487 1272 2515 et
1291 2487 1388 2524 prout
1407 2485 1437 2515 in
1458 2485 1532 2524 ipso
1550 2486 1750 2516 testamento
1765 2485 1962 2516 continetur.

225 2663 242 2686 l)
258 2661 313 2682 Vedi
329 2661 469 2682 documento
485 2661 520 2682 del
536 2662 547 2681 -f
563 2661 654 2687 nitiggio
672 2661 729 2685 1465,
746 2667 766 2681 u.
784 2660 889 2681 CCCXV.
