2347 3444
1874 181 1934 213 183

123 319 227 356 aliter,
253 320 355 350 totam
381 319 413 349 et
439 317 631 349 universam
658 317 913 357 possessionem
939 324 1034 347 suain
1061 315 1101 346 de
1126 312 1292 346 Garlasco
1317 315 1347 345 et
1374 314 1538 345 territorio
1565 323 1639 345 cum
1666 314 1824 345 omnibus
1859 323 1933 354 per-

124 381 272 413 tinentiis
309 389 383 412 cum
421 388 521 411 onere
559 379 781 420 dispensandi
808 378 896 409 omni
931 387 1030 415 anno,
1057 386 1117 418 pro
1154 377 1265 408 anima
1291 385 1363 413 sua,
1391 376 1420 406 111
1449 376 1636 407 maritando
1663 385 1762 406 unam
1790 376 1935 415 puellam

126 443 228 474 libras
254 445 383 474 centum
410 442 656 482 quinquaginta
683 442 877 481 papienses.

218 505 291 538 Una
315 504 420 536 sImr'le
445 504 668 544 disposlzione
687 503 728 544 fa
754 503 777 535 il
801 505 953 534 testatore
975 510 1035 543 per
1056 501 1080 533 il
1106 500 1271 534 Convento
1308 500 1362 532 del
1397 500 1488 531 Fratr'
1528 500 1648 531 Minori
1672 510 1688 531 e
1709 509 1769 540 per
1792 500 1814 531 il
1849 499 1934 532 Con-

128 569 220 598 venta
246 567 299 598 dei
322 567 414 598 Frati
437 565 648 602 Predicatori,
676 575 692 597 e
717 566 892 597 continua:
931 565 1001 596 Hoc
1037 564 1153 596 addito
1190 563 1280 604 quod
1315 563 1341 594 si
1368 562 1471 603 aliqui
1511 561 1710 594 Conventus
1748 566 1939 594 recusarent

128 629 311 669 adimplere
337 630 446 661 dietas
471 629 696 660 eleemosinas
723 628 907 669 puellarum
935 627 1044 658 modis
1082 626 1334 667 suprascriptis,
1361 625 1451 665 quod
1490 625 1723 665 suprascripta
1761 626 1871 656 omnia
1899 625 1943 656 le-

129 693 204 731 gata
231 693 261 722 et
288 692 509 731 proprietates
535 691 731 731 perveniant
758 691 788 721 in
815 688 1027 722 Conventum
1066 688 1213 720 Fratrum
1252 687 1420 719 Minorum
1459 686 1574 727 Papie,
1600 689 1631 718 et
1657 687 1683 718 si
1710 687 1820 718 dictus
1853 685 1943 719 Con-

130 755 249 784 ventus
276 756 452 788 recusaret,
492 754 689 793 perveniant
727 753 757 783 111
796 751 984 793 Collegium
1023 751 1236 783 Notariorum
1275 749 1378 790 Papie
1405 759 1479 781 cum
1506 750 1667 781 oneribus
1694 752 1724 780 et
1751 750 1860 780 modis
1887 758 1943 780 su-

131 815 339 855 prascriptis.

219 938 336 969 Lascicz
362 938 476 969 inoltre
515 941 600 970 varie
633 940 840 978 possessioni
863 939 931 970 alla
950 938 1050 979 figlia
1075 947 1136 970 sua
1161 938 1323 977 Benigna,
1362 937 1454 969 erede
1487 936 1669 968 universale
1694 948 1711 967 ι»
1735 937 1945 975 soggt'unge:

132 1001 296 1032 mandans
321 1002 351 1031 et
378 1001 498 1032 iubens
524 1002 615 1041 quod
643 1002 669 1032 si
696 1002 784 1033 dicta
810 1002 946 1033 domina
974 1001 1124 1042 Benigna
1149 1001 1332 1032 decesserit
1359 1001 1430 1032 sine
1458 1000 1639 1032 heredibus
1658 1000 1700 1031 ab
1719 1008 1757 1031 ea
1777 1000 1946 1040 legiptime

132 1064 430 1101 descendentibus,
456 1063 546 1103 quod
573 1064 661 1094 dicte
677 1065 917 1103 possessiones
943 1064 983 1095 de
1010 1063 1135 1101 Durne,
1161 1064 1202 1094 de
1228 1063 1257 1094 la
1284 1062 1386 1094 plebe
1412 1065 1443 1094 et
1470 1063 1732 1100 Mombardono,
1751 1060 1946 1101 Olavegna,

134 1125 233 1157 Prato
258 1126 299 1157 de
327 1125 486 1156 Masearo
512 1135 586 1156 cum
614 1126 700 1156 ficiis
727 1127 798 1157 suis
825 1127 1023 1166 perveniant
1060 1126 1090 1156 111
1129 1126 1255 1157 dictum
1283 1123 1497 1157 Conventum
1526 1124 1674 1156 Fratrum
1703 1124 1946 1155 Heremitaruin

134 1197 208 1220 cum
246 1197 346 1219 onere
379 1187 602 1227 dispensandi
640 1188 728 1218 omni
767 1197 855 1219 anuo
893 1197 952 1228 pro
989 1189 1110 1225 anima,
1148 1188 1258 1219 modis
1291 1190 1322 1219 et
1359 1188 1520 1218 oneribus
1557 1187 1811 1227 suprascriptis
1847 1186 1949 1217 libras

134 1253 267 1282 eentum
294 1250 539 1290 quinquaginta
566 1250 749 1289 papienses
787 1260 846 1290 pro
885 1260 948 1281 una
985 1250 1049 1281 alia
1087 1250 1197 1290 puella
1235 1250 1431 1287 maritanda,
1458 1249 1576 1280 volens
1610 1250 1717 1289 ipsam
1749 1249 1822 1280 eius
1848 1248 1947 1279 filiam

136 1322 212 1344 esse
240 1313 372 1343 tacitam
399 1314 449 1343 ete
454 1334 506 1342 .....

225 1374 404 1406 interfuere
430 1376 491 1405 etc.
519 1373 670 1414 Rogatus
706 1374 765 1405 fuit
805 1384 864 1414 pro
901 1375 991 1405 dieto
1028 1374 1245 1406 Testamento
1284 1374 1431 1406 Ubertus
1457 1374 1498 1404 de
1524 1372 1673 1413 Regibus
1707 1372 1867 1404 Notarius
1893 1381 1952 1412 pa-

137 1438 275 1478 piensis,
302 1437 346 1468 uti
374 1437 515 1468 liabetur
540 1446 581 1468 ex
608 1436 674 1467 alio
700 1438 900 1468 testamento
927 1439 1043 1477 rogato
1069 1446 1127 1477 per
1153 1437 1324 1467 dominum
1345 1436 1501 1467 Iacobum
1521 1436 1561 1467 de
1581 1435 1758 1468 Roveriuis
1776 1435 1949 1466 Notarium

137 1509 175 1532 ac
202 1498 302 1531 Curie
340 1499 547 1540 episcopalis
585 1499 819 1530 cancellarium
858 1509 946 1530 auno
987 1500 1079 1537 1444,
1098 1500 1127 1530 2.
1166 1499 1288 1536 Martii,
1315 1500 1346 1530 et
1371 1500 1558 1530 extractum
1585 1507 1644 1538 per
1669 1496 1883 1537 Galvagnuin
1911 1497 1952 1528 de

141 1562 331 1594 Mombreto
357 1571 445 1593 anno
475 1562 567 1599 1451,
594 1561 647 1593 die
672 1562 693 1592 4
718 1562 844 1601 aprilis.

856 1736 1269 1776 CCCLXXXIII.

229 1855 257 1882 11
283 1855 381 1883 Duea
406 1854 441 1883 di
467 1854 600 1882 Milano
626 1854 750 1882 ordina
777 1854 799 1881 il
825 1858 1004 1890 trasporto
1041 1854 1133 1882 delle
1170 1853 1305 1890 spoglie
1331 1853 1366 1881 di
1392 1853 1482 1881 Gian
1516 1853 1695 1881 Galeazzo
1721 1852 1884 1880 Visconti
1911 1852 1955 1880 da

142 1908 177 1937 S.
204 1908 378 1944 Agostino
404 1907 475 1936 alla
508 1907 656 1935 Certosa
683 1907 717 1935 di
743 1907 867 1935 Pavia.

780 2020 932 2051 1474,
953 2021 1027 2045 fel
1034 2022 1157 2045 ›bx-a
1163 2020 1233 2051 io,
1254 2020 1331 2045 10.

658 2110 736 2130 (Aren.
754 2109 774 2130 di
791 2109 858 2130 Staio
874 2109 895 2129 di
912 2109 1006 2129 Milano.
1022 2120 1047 2122 —
1064 2108 1117 2134 Reg,
1134 2108 1239 2133 Missive‚
1255 2114 1276 2129 n.
1295 2108 1338 2133 116,
1355 2108 1369 2129 i.
1386 2108 1440 2133 217).

159 2295 161 2355 1
215 2293 319 2409 D
380 2293 511 2337 ¹ONllNO
537 2305 642 2337 Priori
669 2307 700 2337 et
727 2305 899 2336 Fratribus
925 2303 957 2336 S.
985 2304 1163 2345 Augustini
1192 2303 1307 2344 Papie.

159 2356 160 2366 ¹
381 2363 382 2375 ³
498 2367 665 2406 Quoniam
692 2370 723 2399 et
750 2369 840 2408 pium
867 2370 917 2398 est
942 2376 980 2398 ac
1006 2367 1104 2398 laude
1123 2367 1259 2407 dignum
1281 2367 1414 2398 ultimas
1432 2366 1665 2398 detunctorum
1693 2365 1883 2397 voluntates
1910 2366 1960 2396 di-

411 2431 550 2471 ligenter
575 2431 709 2471 exequi,
737 2431 846 2470 sitque
873 2430 970 2461 etiam
998 2429 1220 2469 irreligiosum
1240 2431 1270 2460 et
1289 2437 1409 2469 magna
1429 2428 1564 2460 infamia
1591 2428 1774 2459 notandum
1801 2437 1859 2459 eas
1886 2436 1959 2468 pre-

142 2494 322 2525 termittere
348 2495 404 2525 aut
430 2494 608 2534 negligere,
635 2495 747 2525 nostre
774 2502 852 2524 cure
878 2501 953 2523 esse
979 2492 1174 2523 censuimus
1201 2500 1265 2522 non
1291 2491 1439 2522 abnuere
1466 2491 1556 2531 quod
1583 2500 1600 2522 a
1627 2490 1725 2521 nobis
1752 2490 1958 2530 postulatum

143 2558 192 2587 est
219 2565 277 2595 per
303 2555 514 2587 venerabiles
540 2555 696 2586 dominos
722 2554 868 2586 Priorem
895 2557 925 2585 et
943 2553 1073 2585 Fratres
1100 2553 1292 2584 monasterii
1319 2551 1549 2584 Cartusiensis
1568 2553 1666 2583 huius
1686 2554 1796 2583 nostre
1812 2552 1958 2583 civitatis

144 2617 257 2657 Papie.
284 2616 369 2649 Cum
396 2618 645 2649 illustrissimus
671 2619 783 2649 eterne
810 2617 967 2648 memorie
995 2624 1143 2656 proavus
1181 2618 1292 2646 noster
1328 2615 1486 2646 dominus
1520 2614 1686 2646 Iohannes
1712 2613 1837 2646 Galeaz
1864 2614 1960 2645 Vice-

159 2414 161 2433 l

143 2688 266 2716 comes,
293 2680 419 2720 primus
446 2679 523 2711 Dux
551 2679 746 2717 Mediolani,
774 2688 833 2719 pro
861 2679 1020 2719 religione
1046 2688 1110 2718 que
1137 2677 1318 2718 singularis
1345 2677 1375 2707 in
1402 2686 1441 2708 eo
1467 2677 1601 2714 effulsit,
1620 2677 1699 2707 illud
1720 2677 1957 2707 monasterium

143 2739 372 2779 cartusiense,
399 2751 518 2783 magna
546 2743 687 2782 inpensa
714 2744 745 2773 61
772 2741 958 2772 incredibili
986 2741 1142 2777 studio,a
1161 2739 1387 2770 fondamentis
1414 2739 1617 2777 edificasset‚
1633 2739 1673 2770 ad
1691 2739 1756 2770 vite
1772 2743 1957 2770 extremum

144 2803 337 2843 perductus,
374 2806 574 2835 testamento
613 2804 793 2835 heredibus
819 2812 856 2834 ae
882 2802 1141 2833 suecessoribus
1169 2801 1349 2837 mandavit,
1377 2803 1410 2832 ut
1436 2810 1560 2841 corpus
1594 2810 1690 2832 suum
1719 2801 1784 2832 illic
1811 2801 1962 2840 depone-

144 2867 240 2901 retur,
267 2866 357 2905 quod
384 2865 425 2897 ad
454 2866 538 2897 lianc
566 2875 673 2906 usque
700 2867 786 2897 diem
807 2866 940 2896 minime
960 2864 1082 2895 factum
1102 2866 1161 2901 est,
1180 2863 1239 2894 sed
1259 2863 1332 2894 istie
1351 2863 1381 2894 in
1402 2865 1515 2894 vestro
1533 2863 1737 2894 monasterio
1757 2864 1876 2893 mansit
1896 2860 1957 2899 (1).

201 3022 229 3044 (11
247 3022 301 3043 Vedi
317 3022 368 3043 duc⁴
385 3028 405 3042 11,
422 3022 539 3043 CXXXIX.
557 3023 586 3043 La
603 3023 722 3048 sepultura
739 3023 759 3043 di
776 3022 833 3043 (iiau
857 3022 971 3041 (iah-,uzo
988 3021 1021 3040 uel
1078 3021 1180 3040 l'ultiiua
1198 3020 1291 3040 volunta
1307 3020 1342 3040 del
1360 3020 1431 3044 Drica,
1448 3026 1486 3040 era
1502 3020 1619 3044 diveuuta,
1637 3019 1683 3045 pus)
1699 3019 1762 3044 dirsi,
1774 3018 1956 3044 deiiiiitivadap-

149 3068 228 3086 nostru
245 3066 266 3086 S.
283 3066 403 3092 Agostino,
420 3067 461 3087 elie
477 3067 566 3087 doveva
583 3072 660 3087 essere
677 3067 829 3092 provvisoria,
840 3072 860 3086 111
871 3066 977 3089 ornat-,gio
993 3065 1023 3084 al·
1079 3064 1151 3089 priuia
1168 3070 1208 3089 per
1223 3064 1243 3084 le
1259 3064 1394 3084 iurbnlcnzc
1410 3064 1557 3089 gilerresclie,
1574 3064 1611 3089 poi
1628 3069 1668 3089 per
1684 3064 1703 3084 la
1720 3063 1784 3083 facile
1808 3063 1953 3083 irulittereuza
