2347 3444
313 226 378 258 352

308 356 408 388 frater
433 356 598 389 lohannes
625 358 777 399 Baptista
804 359 844 390 de
870 357 1072 395 Cont'lentia,
1109 357 1209 389 frater
1246 357 1430 389 leronimus
1457 358 1497 389 de
1524 358 1732 395 Mediolani),
1771 358 1870 390 frater
1896 358 2061 390 lohannes
2087 358 2128 389 de

309 418 424 460 Regii),
460 419 560 451 frater
597 420 762 452 lohannes
799 421 1010 461 Augustinus
1036 421 1076 451 de
1104 420 1249 454 Bosclio.
1276 419 1375 451 frater
1402 419 1510 452 Sirius
1535 421 1576 452 de
1603 421 1762 458 Novaria,
1800 421 1899 452 frater
1927 406 2128 452 Mansuetus

308 481 348 512 de
374 480 475 512 Saliis
500 487 529 513 et
557 482 655 513 frater
682 482 922 522 Siniplicianus
948 483 987 513 de
1014 480 1241 515 castronovo,
1264 481 1322 521 pii!
1347 482 1381 512 ‹li
1405 482 1468 512 dui*
1492 483 1582 521 purli
1616 482 1698 513 delli·
1725 486 1769 513 tri*
1794 483 1847 514 dcl
1873 482 2036 523 Capitoli),
2069 491 2127 522 up-

304 552 452 583 provuno
477 544 509 575 Ιιι
536 545 664 575 venditu
690 555 709 575 u
736 545 859 575 Fucino
893 544 932 575 ili·
958 543 1118 574 Pone-uno
1144 543 1178 574 cli
1207 543 1357 578 Tariona,
1397 544 1431 574 ili
1466 544 1578 574 alcuni
1613 544 1688 575 beni
1724 545 1753 575 in
1781 545 1945 576 territorio
1972 544 2127 575 Terdone

309 615 414 646 prope
441 606 549 637 locuni
578 606 765 646 Pagarline,
800 606 858 645 giu
895 606 1075 645 comperuii
1109 605 1166 636 ‹lol
1189 607 1376 636 monastero
1401 605 1455 636 ne!
1483 606 1576 641 1495,
1606 606 1644 637 19
1673 607 1828 645 gellllcll'o.
1856 606 1881 637 ll
1904 607 2014 638 ricavo
2040 606 2127 637 della

310 668 438 699 vendita
463 669 493 699 si
517 669 596 699 (leve
621 669 800 708 impicgure
825 667 1064 706 m‘ll'iicqiiisto
1089 667 1123 698 iii
1147 667 1223 698 altri
1246 667 1367 702 stabili,
1395 676 1411 698 e
1432 659 1539 707 primo
1565 667 1619 698 del
1643 670 1802 699 coniratto
1828 669 1858 699 si
1881 669 1961 699 deve
1985 670 2127 699 ottenere

307 729 613 761 l'utitorizznzionc
639 730 691 761 <iel
723 730 848 761 Vicurio
876 728 1037 761 Generule
1062 728 1139 760 dell'
1155 728 1286 761 Ordine.

394 792 458 823 Ne!
478 793 596 831 giorno
627 793 665 823 18
688 793 845 831 segiiente
870 792 900 822 si
922 791 1050 822 riuliiim
1076 791 1100 822 il
1125 790 1278 830 Capitolo
1300 801 1362 832 per
1383 792 1406 823 il
1430 793 1574 824 secondo
1611 795 1744 824 trattato
1778 794 1812 824 iii
1836 794 2080 834 approvozione
2105 801 2121 824 e

306 855 385 886 oltre
410 855 420 885 i
444 855 593 893 religiosi
617 863 715 894 sopra
741 854 905 891 111-01111111,
930 862 1012 884 sono
1038 862 1098 884 con
1123 854 1191 884 essi
1214 854 1342 885 unche:
1368 853 1468 886 frater
1494 853 1657 887 Paulinus
1683 855 1724 886 de
1751 855 1862 893 lanua,
1888 855 1988 886 frater
2015 854 2127 886 Theo-

307 917 420 957 philus
446 917 486 947 d:
513 917 722 953 Mediolano,
749 915 849 946 frater
886 915 1040 946 Valerius
1066 915 1106 946 de
1133 915 1272 953 Brissia,
1309 915 1409 947 frater
1448 916 1589 949 Pontius
1615 918 1655 948 de
1682 917 1743 949 Ast
1769 920 1799 949 et
1825 917 1925 949 trater
1962 917 2128 948 lohannes

312 978 461 1019 Angelus
488 979 527 1009 (10
556 978 677 1010 Luclia.

396 1041 422 1072 ΙΙ
446 1044 534 1072 terzo
560 1043 693 1071 [ruttulo
719 1042 749 1072 si
765 1040 807 1081 fc1
833 1041 867 1072 ai
889 1042 935 1073 20
957 1041 1044 1072 (lello
1068 1043 1174 1072 stesso
1200 1049 1287 1072 mese
1312 1041 1347 1072 cli
1370 1041 1509 1081 Agosto,
1535 1050 1551 1073 e
1575 1042 1629 1073 nel
1655 1041 1808 1082 Ccipitolo
1841 1042 1920 1073 oltre
1946 1042 1956 1073 i
1980 1040 2128 1080 religiosi

308 1112 406 1144 sopra
432 1103 588 1134 ricorilati
612 1103 627 1134 ἑ
652 1103 757 1135 anche
793 1112 835 1134 im
872 1103 973 1134 frater
1009 1103 1155 1134 Micliael
1195 1103 1346 1144 Angelus
1372 1104 1412 1135 de
1439 1103 1647 1141 Mediolano,
1674 1113 1690 1136 e
1715 1104 1823 1136 subito
1849 1105 1935 1145 dopo
1960 1104 1990 1135 si
2013 1103 2127 1134 stende

309 1166 533 1197 l'istrumento
559 1166 593 1197 cli
619 1166 749 1197 vendita
774 1166 808 1197 al
832 1166 920 1197 (letto
957 1165 1082 1196 Fucino
1108 1166 1148 1197 de
1173 1165 1335 1197 ponzano
1368 1175 1430 1207 per
1451 1166 1475 1197 il
1494 1175 1616 1206 prezzo
1642 1167 1676 1198 cli
1692 1166 1808 1207 fiorini
1830 1167 1852 1198 4
1876 1176 1892 1198 e
1917 1176 2032 1199 mezzo
2058 1169 2126 1200 alla

303 1229 438 1269 pertico,
465 1229 658 1260 costitnente
683 1238 748 1259 unu
774 1237 902 1259 somma
928 1228 1029 1259 totale
1054 1228 1089 1259 di
1113 1228 1169 1260 lire
1193 1228 1261 1260 598
1285 1229 1455 1269 imperiali.

1082 1403 1367 1444 DCXXIV.

397 1513 503 1540 Frate
529 1513 758 1541 Bartolomeo
784 1513 828 1541 da
855 1513 1062 1546 Palazzolo,
1091 1513 1237 1541 Vicario
1263 1513 1436 1541 Generale
1472 1513 1564 1540 della
1602 1513 1887 1549 Congregazione
1913 1514 2129 1548 Lombarda‚

308 1575 465 1603 approva
491 1566 525 1594 la
553 1567 698 1595 vendita
725 1566 759 1594 di
785 1571 877 1595 terre
903 1567 992 1595 satta
1018 1567 1076 1595 dal
1102 1566 1285 1594 Convento
1311 1567 1346 1595 di
1373 1566 1408 1595 S.
1436 1566 1561 1595 Paolo.

914 1680 1077 1711 1498,
1111 1681 1460 1711 settennn-e,
1493 1680 1545 1705 6.

888 1768 965 1791 (Arcu.
984 1769 1064 1789 Notat,
1081 1769 1102 1788 di
1121 1768 1191 1789 Pavia
1207 1779 1231 1781 —
1247 1769 1295 1789 Atti
1312 1769 1333 1788 di
1351 1769 1452 1789 Luciiino
1467 1768 1549 1791 Cotti).

399 1952 485 2069 F
558 1971 678 1999 RATER
704 1966 938 1998 Bertolameus
965 1967 1004 1998 de
1032 1966 1202 2004 Palazolo,
1228 1966 1383 1998 Vicarius
1409 1965 1586 1998 Generalis
1623 1965 1908 2008 congregationis
1934 1967 2134 1999 Lombardic

551 2059 552 2078 3
580 2030 833 2060 observantium
860 2029 997 2060 fratrum
1025 2029 1266 2060 Heremitarum
1287 2030 1355 2060 divi
1375 2029 1567 2070 Augustini,
1587 2029 1661 2060 licet
1680 2030 1874 2067 immeritus,
1889 2030 2020 2061 dilectis
2035 2031 2133 2061 nobis

526 2126 545 2128 a
581 2093 611 2123 in
639 2091 775 2124 Christo
803 2092 986 2123 venerabili
1013 2091 1104 2123 fratri
1133 2091 1270 2123 lolianni
1298 2092 1339 2123 de
1365 2090 1507 2124 Sezadio
1546 2093 1739 2123 monasterii
1777 2092 1882 2123 sancti
1910 2091 2004 2123 Pauli
2032 2091 2135 2132 Papie

314 2153 418 2185 Priori
447 2154 652 2185 benemerito
678 2156 707 2185 et
733 2155 810 2186 aliis
835 2154 996 2185 fratribus
1023 2155 1053 2185 in
1080 2155 1198 2186 eodem
1226 2155 1431 2186 monasterio
1457 2154 1756 2191 commorantibus,
1782 2154 1934 2185 salutem.

402 2214 494 2248 Sicut
520 2216 630 2248 bonos
648 2217 742 2248 decet
761 2216 940 2257 religiosos
967 2216 1080 2254 verba,
1108 2217 1209 2247 immo
1236 2217 1493 2247 instrumentum
1514 2216 1696 2256 publicum,
1715 2224 1883 2247 consensu
1904 2217 2012 2247 tocius
2032 2217 2132 2248 vestri

314 2276 463 2318 Capituli
488 2277 617 2309 fecistis
643 2279 683 2309 de
709 2279 909 2309 vendicione
935 2278 1076 2309 duarum
1104 2279 1266 2319 petiarum
1294 2281 1376 2309 terre
1403 2279 1533 2318 prative
1559 2278 1590 2309 111
1616 2286 1697 2318 agro
1723 2278 1928 2315 dertonensi,
1965 2286 2131 2319 generoso

316 2340 380 2371 civi
408 2340 600 2371 dertonensi
629 2341 767 2371 domino
795 2340 918 2372 Facino
955 2341 995 2371 de
1030 2339 1200 2378 Ponzano,
1239 2341 1281 2372 ita
1319 2343 1440 2378 tamen,
1467 2343 1501 2371 ut
1527 2342 1637 2371 vestre
1674 2340 1884 2371 salvarentur
1920 2341 2136 2378 conscientie,

316 2403 407 2443 quod
433 2403 605 2434 accederet
630 2412 820 2434 consensus
846 2404 918 2434 sive
946 2403 1078 2434 licentia
1105 2406 1230 2434 nostra.
1257 2403 1329 2434 Nos
1349 2403 1448 2444 igitur
1465 2404 1671 2434 contractum
1700 2402 1790 2433 illum
1811 2403 1882 2434 sive
1903 2403 2134 2434 vendicionem

316 2466 555 2497 confirmanuis
580 2468 611 2497 et
636 2466 843 2506 apponimus
867 2474 1071 2497 consensum
1100 2468 1250 2497 nostrum
1277 2468 1307 2497 et
1332 2465 1455 2496 clarius
1482 2465 1757 2500 locumtenentes.
1783 2466 1981 2497 auctoritate
1999 2468 2138 2506 aposto-

318 2528 378 2558 lica
406 2528 504 2558 nobis
531 2529 561 2558 in
583 2529 642 2559 liae
662 2530 754 2568 parte
780 2528 973 2565 commissa,
1000 2528 1120 2559 damus
1146 2528 1312 2559 licentiam
1340 2536 1442 2568 posse
1469 2527 1613 2558 vendere
1640 2528 1809 2567 predictas
1836 2529 1944 2568 petias
1963 2530 2045 2559 terre
2064 2537 2138 2569 pra-

317 2590 394 2626 tive‚
421 2590 504 2621 sitas
528 2590 618 2629 apud
646 2589 861 2621 Frasclieram
890 2591 920 2621 in
948 2590 1021 2621 1000
1060 2590 1149 2621 (11010
1186 2590 1228 2621 ad
1267 2588 1521 2627 Cavalchinam,
1560 2589 1709 2629 predicto
1735 2590 1811 2627 civi,
1839 2591 1882 2621 ita
1909 2593 2017 2622 tamen
2045 2591 2136 2631 quod

322 2653 462 2692 pecunie
488 2662 528 2683 ex
557 2653 641 2692 ipsis
667 2653 761 2683 terris
788 2653 981 2692 recipiende
1007 2654 1247 2684 convertantur
1274 2653 1303 2683 in
1330 2652 1395 2682 alia
1423 2652 1510 2682 bona
1538 2651 1671 2682 stabilia
1699 2652 1729 2682 in
1749 2652 1937 2683 evidentem
1965 2653 2138 2684 utilitatem

322 2715 426 2755 iprius
452 2714 553 2745 vestri
580 2715 785 2752 monasterii,
812 2715 842 2745 in
870 2715 1004 2745 nomine
1032 2713 1140 2745 Patris
1165 2716 1195 2745 et
1224 2714 1294 2745 Filii
1321 2717 1352 2745 et
1378 2712 1523 2754 Spiritus
1561 2712 1685 2751 Sancti,
1718 2722 1825 2745 amen.
1853 2714 1884 2745 ln
1912 2715 2136 2755 predictorum

321 2777 548 2807 testimonium
576 2779 749 2816 presentes
775 2776 902 2807 litteras
928 2778 1044 2807 nostro
1071 2777 1194 2807 maiore
1221 2776 1333 2817 sigillo
1359 2775 1546 2812 roboratas,
1574 2784 1671 2806 manu
1699 2777 1833 2816 propria
1861 2776 2137 2817 subscripsimus.

324 2838 437 2879 Papie,
464 2839 580 2878 quinta
607 2838 810 2878 septembris
840 2838 932 2875 1498,
959 2837 1191 2869 Bertolameus
1216 2838 1257 2869 de
1284 2836 1454 2868 Pallazolo
1481 2837 1626 2868 vicarius
1663 2838 1829 2877 generalis
1856 2837 2139 2880 Congregationis

324 2901 534 2938 Lombardie‚
562 2909 660 2931 manu
688 2900 824 2940 propria
842 2897 903 2939 (1).

388 3058 418 3080 ii)
435 3057 500 3077 Frate
517 3056 666 3077 Bartulnmen
682 3057 710 3077 da
727 3056 859 3081 Palazzolo,
871 3057 912 3077 che
923 3062 962 3077 nra
975 3056 1090 3077 trovianu)
1101 3056 1122 3076 111
1135 3055 1213 3080 Pavia,
1270 3056 1305 3076 nel
1321 3055 1389 3081 quale
1404 3061 1464 3076 :inno
1480 3055 1502 3076 fu
1520 3056 1656 3081 pubblicum
1672 3057 1692 3077 in
1709 3057 1775 3077 pavia
1793 3058 1805 3077 il
1821 3063 1865 3078 suo
1887 3058 2057 3084 Martirologio
2081 3058 2136 3079 Vcdi

328 3101 351 3122 tu
368 3102 403 3126 ((141
420 3102 447 3122 da
464 3102 500 3122 noi
517 3101 633 3122 ricordato
649 3101 706 3121 nelle
722 3104 776 3121 note
790 3101 811 3121 al
821 3101 961 3121 documento
975 3101 998 3121 19
1008 3101 1134 3121 novembre
1147 3101 1204 3125 1⁴87,
1260 3102 1315 3121 noia
1330 3100 1360 3123 (1)
1375 3106 1387 3121 a
1404 3106 1456 3126 pag.
1472 3100 1518 3121 279.
