2347 3444
335 271 399 303 310

333 407 466 437 nasterii
493 408 523 437 et
549 404 748 438 Conventus
773 407 877 437 saneti
906 406 1084 445 Augustini
1113 404 1226 445 Papie,
1254 408 1345 444 parte
1371 405 1484 441 altera,
1510 413 1527 435 a
1554 405 1651 435 dictis
1679 405 1807 435 littibus
1832 407 1863 436 et
1888 391 2083 436 differentiis
2108 414 2145 436 ac

330 469 604 499 coiitenti‹›nib=.is
630 469 849 499 amicabiliter
875 468 1058 503 discedere,
1086 470 1183 507 prout
1210 467 1303 498 decet
1342 467 1424 498 inter
1461 452 1852 507 religiosas‘personas,
1878 471 1908 498 et
1933 468 2145 499 attendentes

332 531 423 571 quod
450 531 575 562 dubius
600 534 649 562 est
675 534 816 562 eventus
843 531 933 564 littis,
960 529 1246 569 quemadmodum
1273 533 1303 560 et
1331 529 1418 565 belli,
1445 538 1510 569 que
1536 530 1787 570 equiparantur,
1813 538 1850 561 ac
1876 531 1974 561 etiam
1995 531 2146 562 volentes

332 603 465 634 parcere
492 594 706 625 ulterioribus
731 602 767 623 ac
795 593 978 623 maioribus
1017 592 1190 622 laboribus
1216 595 1246 622 et
1272 592 1444 632 expensis,
1482 595 1512 622 et
1550 592 1685 623 modum
1724 592 1883 623 adhihere
1909 593 1949 624 de
1974 595 2082 624 cetero
2108 601 2145 624 ac

332 656 471 687 formam
499 657 704 687 solutionum
744 655 926 686 fiendaruni
956 655 985 684 in
1013 653 1171 691 futurum,
1208 654 1249 684 ad
1288 654 1465 685 evitandas
1503 653 1633 685 futuras
1667 655 1740 686 lites
1765 657 1795 686 et
1822 655 2086 695 disceptationes
2113 659 2145 686 ut

330 727 430 758 supra
457 722 486 749 et
514 719 597 758 ipsis
624 719 720 748 tinem
749 717 959 748 intendentes
986 717 1157 756 imponere
1184 719 1216 746 ut
1243 725 1356 756 supra,
1382 725 1496 747 eorum
1523 720 1553 747 et
1580 717 1742 748 dictorum
1779 718 2068 755 monasteriorum,
2094 726 2147 748 ca-

332 781 511 821 pitulorum
539 784 568 811 et
595 783 832 815 conventuum,
859 782 979 818 sponte
1006 782 1035 809 et
1062 788 1101 809 cx
1129 782 1216 809 certa
1243 779 1381 809 scientia
1408 782 1438 809 et
1464 779 1548 810 alias
1573 780 1662 810 omni
1691 780 1769 815 iure,
1796 780 1861 817 via,
1899 780 2011 817 modo,
2044 788 2146 811 causa

329 847 359 874 et
386 843 491 873 forma
518 843 642 882 quibus
670 842 787 872 melius
813 844 843 872 et
871 841 1017 872 validius
1045 841 1212 881 potuerint
1238 843 1269 872 et
1296 843 1446 881 possent,
1473 842 1678 879 nominibus,
1716 842 1849 883 singula
1886 842 2030 883 singulis
2056 842 2148 873 reffe—

330 905 443 939 rendo,
470 905 624 944 precibus
650 908 679 934 et
706 903 926 934 suasionibus
951 912 988 934 ac
1015 903 1124 933 medio
1151 903 1347 943 spectabilis
1373 904 1521 935 doctoris
1547 904 1672 935 domini
1711 903 1868 935 lobannis
1902 903 2080 945 Augustini
2107 904 2147 935 de

332 966 554 997 Preotonibus
579 975 616 996 ac
643 966 704 996 mei
733 965 862 1002 notarii,
899 966 1081 996 amicorum
1119 966 1345 996 communium
1385 966 1558 1005 utriusque
1596 967 1710 1006 partis,
1736 966 1941 997 devenerunt
1967 969 2066 1006 atque
2092 966 2148 997 de-

331 1030 466 1059 veniunt
492 1029 532 1059 ad
561 1028 792 1068 infrascriptas
818 1028 1073 1063 transactiones,
1099 1028 1343 1059 conventiones
1368 1030 1398 1059 et
1425 1030 1532 1068 pacta,
1559 1037 1616 1068 per
1634 1031 1663 1059 et
1683 1029 1765 1059 inter
1791 1032 1902 1069 partes
1929 1029 2022 1069 ipsas
2049 1029 2147 1060 initas

329 1096 359 1122 et
386 1091 490 1122 factas
515 1099 552 1121 ac
579 1091 657 1121 inita
684 1093 714 1121 ct
739 1089 836 1127 facta,
863 1090 1029 1130 solempni
1057 1090 1280 1130 stipulacione
1308 1091 1382 1121 liinc
1410 1091 1485 1121 inde
1513 1091 1762 1128 interveniente,
1790 1091 1932 1122 vallatas
1957 1094 1987 1121 et
2013 1091 2147 1128 vallata,

332 1153 485 1184 videlicet
502 1163 507 1183 :

418 1214 538 1252 Primo,
566 1215 656 1255 quod
684 1215 968 1255 quandocumque
993 1215 1164 1255 contingat
1191 1217 1222 1245 et
1247 1216 1381 1255 quoties
1408 1224 1465 1256 per
1491 1216 1598 1246 dictas
1624 1216 1780 1247 dominas
1796 1215 2013 1247 Abbatissam
2029 1218 2059 1247 et
2074 1215 2149 1247 Mo-

330 1278 445 1314 niales,
472 1286 530 1308 seu
557 1281 696 1317 agentes
723 1287 782 1317 pro
808 1278 867 1313 eis,
895 1277 1040 1317 recipere
1066 1286 1083 1308 a
1111 1276 1349 1308 Dominatione
1376 1277 1589 1315 Venetorum,
1616 1278 1736 1309 virtute
1777 1279 1977 1316 testamenti,
2003 1278 2044 1309 de
2081 1288 2148 1318 quo

329 1349 442 1380 supra,
470 1349 555 1371 nunc
582 1340 754 1380 quondam
783 1340 1008 1371 illustrissime
1035 1340 1170 1370 domine
1197 1340 1332 1371 domine
1359 1339 1505 1371 Blanclie
1532 1341 1572 1371 dc
1598 1339 1780 1378 Sabaudia,
1807 1341 1968 1378 redditus,
1995 1341 2099 1381 prode
2117 1345 2148 1372 ct

330 1406 526 1443 proventus,
553 1403 593 1434 de
621 1403 745 1443 quibus
772 1403 802 1433 in
831 1403 893 1434 iam
921 1403 1010 1433 dicto
1036 1405 1236 1433 testamento
1262 1402 1297 1433 fit
1323 1403 1457 1440 mentio,
1484 1403 1515 1433 in
1542 1403 1726 1442 quantitate
1753 1403 1948 1434 ducatorum
1978 1403 2076 1441 mille,
2103 1405 2148 1434 te-

329 1468 468 1496 neantur
495 1466 566 1505 ipse
592 1465 727 1496 domine
754 1464 937 1496 Abbatissa
963 1468 994 1496 et
1021 1464 1200 1502 Moniales,
1226 1468 1257 1496 et
1284 1466 1327 1496 ita
1354 1465 1526 1506 pronussit
1551 1468 1581 1496 et
1608 1466 1769 1506 promittit
1787 1466 1897 1497 dictus
1927 1466 2086 1497 dominus
2105 1465 2147 1497 Α-

334 1527 454 1558 luisius
480 1527 631 1558 sindicus
656 1527 845 1558 antedictus
872 1527 961 1558 dicto
989 1528 1133 1564 nomine,
1160 1527 1200 1558 de
1227 1528 1371 1568 presenti
1399 1528 1451 1558 die
1479 1528 1509 1558 in
1535 1530 1632 1559 antea
1658 1530 1687 1559 et
1714 1537 1773 1568 pro
1799 1529 1848 1559 eis
1885 1529 1982 1559 annis
2023 1528 2148 1568 quibus

328 1590 486 1630 recipient
514 1590 609 1630 ipsos
636 1590 778 1621 ducatus
805 1590 904 1627 mille,
931 1590 1063 1621 solvere
1090 1590 1232 1621 ducatos
1269 1592 1412 1621 centum.
1451 1589 1483 1622 Si
1512 1600 1591 1621 vero
1617 1591 1793 1631 contigerit
1824 1591 1969 1631 recipere
2007 1591 2149 1622 ducatos

326 1655 537 1683 octocentum
564 1653 646 1689 auri,
673 1652 723 1683 vel
750 1653 847 1689 circa,
875 1654 972 1692 prout
998 1653 1097 1683 certis
1122 1653 1220 1683 annis
1247 1653 1420 1684 retroactis
1447 1654 1568 1693 recepti
1595 1653 1738 1691 fuerunt,
1758 1655 1931 1684 teneantur
1956 1655 1987 1684 et
2005 1653 2149 1684 debeant

327 1715 413 1746 dicte
440 1715 574 1746 domine
601 1714 785 1746 Abbatissa
812 1718 842 1746 et
869 1715 1048 1753 Moniales,
1075 1717 1105 1746 et
1132 1716 1174 1746 ita
1212 1716 1385 1755 promissit
1411 1718 1441 1747 et
1467 1717 1624 1747 convenit
1660 1725 1697 1747 ac
1735 1716 1896 1756 promittit
1933 1718 1963 1747 et
1988 1716 2146 1747 convenit

326 1778 436 1809 dictus
463 1778 615 1808 sindicus
640 1780 670 1808 et
696 1780 892 1818 procurator
918 1778 1006 1808 dicto
1034 1779 1179 1815 nomine,
1206 1778 1332 1809 eisdem
1360 1778 1507 1809 dominis
1538 1777 1642 1809 Priori
1669 1781 1699 1809 et
1726 1778 1896 1809 Fratribus
1934 1778 2149 1818 presentibus

325 1843 357 1871 et
383 1840 625 1880 stipulantibus
652 1840 723 1871 suis
749 1843 779 1871 et
805 1840 894 1871 dicto
921 1841 1066 1877 nomine,
1093 1840 1182 1877 dare,
1209 1841 1346 1871 reddere
1365 1843 1395 1872 et
1414 1841 1545 1871 solvere
1563 1841 1605 1872 ad
1624 1844 1818 1881 computum
1838 1841 2033 1872 ducatorum
2053 1841 2150 1880 quin-

327 1903 642 1942 quagintaquinque
667 1902 737 1933 auri
771 1902 906 1943 singulo
943 1911 1042 1933 anno.
1081 1901 1113 1934 Si
1142 1911 1220 1933 vero
1258 1903 1433 1944 contigerit
1471 1904 1640 1943 percipere
1677 1903 1786 1934 solum
1828 1903 1969 1934 ducatos
2006 1905 2150 1943 quatuor

327 1967 471 2002 centum,
498 1965 548 1995 vel
575 1965 672 2001 circa,
699 1964 833 2005 singulo
859 1973 948 1995 anno
974 1965 1046 1996 sive
1073 1974 1133 2005 pro
1160 1974 1256 2006 paga,
1283 1968 1456 1997 teneantur
1481 1968 1512 1996 et
1538 1965 1681 1997 debeant
1708 1966 1779 2006 ipse
1806 1966 1939 1996 domine
1967 1964 2149 1997 Abbatissa

329 2030 359 2058 et
386 2026 565 2063 Moniales,
592 2027 663 2058 suis
689 2029 719 2057 et
746 2027 834 2058 dicto
862 2028 1006 2064 nomine,
1033 2027 1165 2058 solvere
1192 2028 1276 2068 ipsis
1302 2028 1449 2059 dominis
1484 2027 1599 2065 Priori,
1639 2019 1864 2059 Fratribus'et
1890 2026 2080 2060 Conventui
2107 2027 2148 2059 ad

326 2091 522 2129 computum
549 2089 745 2120 ducatorum
773 2089 890 2129 viginti
918 2091 1045 2129 septem
1072 2098 1146 2120 cum
1173 2090 1314 2121 dimidio
1340 2091 1410 2121 auri
1430 2099 1490 2130 pro
1509 2090 1641 2130 singula
1661 2098 1746 2130 paga
1765 2090 1961 2120 ducatorum
1992 2093 2150 2129 quatuor-

327 2154 458 2182 centum
485 2152 554 2182 auri
583 2152 633 2182 vel
661 2152 758 2182 circa.
785 2150 818 2183 Si
846 2160 925 2182 vero
950 2153 1127 2192 contigerit
1153 2153 1298 2193 recipere
1325 2153 1401 2192 plus
1426 2155 1482 2183 aut
1509 2153 1630 2189 minus,
1657 2160 1716 2192 pro
1742 2152 1874 2192 singula
1913 2160 2010 2192 paga,
2048 2152 2147 2183 dictis

332 2214 463 2244 ducatis
501 2216 779 2253 qnatuorcentum
806 2215 876 2245 auri
905 2214 955 2245 vel
982 2215 1078 2252 circa,
1117 2218 1193 2246 tunc
1219 2217 1249 2246 et
1275 2224 1314 2246 eo
1340 2223 1420 2246 casu
1455 2217 1628 2246 teneantur
1653 2217 1683 2245 et
1709 2214 1854 2245 debeant
1891 2214 1977 2245 dicte
2014 2215 2149 2246 domine

333 2275 515 2307 Abbatissa
542 2278 573 2307 et
600 2276 779 2314 Moniales‚
807 2277 878 2307 suis
903 2279 933 2307 et
960 2277 1058 2308 dictis
1085 2277 1296 2314 nominibus,
1322 2280 1352 2308 et
1379 2278 1421 2308 ita
1449 2278 1557 2308 dictus
1594 2277 1745 2308 sindicus
1770 2279 1800 2307 et
1838 2280 2032 2317 procurator
2061 2277 2149 2308 dicto

333 2339 466 2369 nomine
494 2339 666 2378 promissit
692 2341 722 2369 et
748 2339 906 2370 convenit
931 2348 969 2370 ac
997 2340 1157 2379 promittit
1183 2342 1213 2370 et
1239 2340 1407 2377 convenit,
1434 2339 1564 2371 solvere
1591 2339 1632 2370 ad
1659 2342 1761 2370 ratam
1789 2348 1849 2379 pro
1880 2342 1948 2370 rata
1966 2339 2038 2370 eius
2057 2339 2148 2379 quod

333 2401 408 2440 plus
435 2401 485 2431 vel
514 2401 624 2432 minus
650 2402 827 2441 recipietur
852 2404 882 2432 et
908 2402 949 2432 ad
976 2405 1170 2442 computum
1197 2402 1237 2433 de
1264 2411 1331 2442 quo
1357 2405 1387 2433 et
1414 2404 1511 2442 prout
1537 2410 1638 2442 supra
1664 2401 1704 2432 ed
1730 2401 1771 2432 ad
1799 2403 1901 2432 ratam
1929 2410 1988 2441 pro
2007 2404 2076 2432 rata
2102 2401 2151 2432 di-

334 2468 461 2493 ctorum
489 2463 685 2494 ducatorum
712 2466 923 2494 octocentum
951 2464 1000 2495 vel
1028 2465 1124 2501 circa,
1151 2466 1181 2495 et
1207 2467 1484 2504 quatuorcentum
1512 2464 1562 2495 vel
1589 2464 1686 2501 circa,
1712 2464 1816 2494 salvis
1843 2463 2075 2504 infrascriptis.

425 2524 500 2555 ltem
529 2525 632 2565 quod,
659 2526 764 2556 salvis
791 2534 923 2566 semper
949 2527 1200 2567 suprascriptis,
1227 2527 1313 2558 dicte
1340 2527 1474 2558 domine
1508 2526 1690 2558 Abbatissa
1716 2530 1746 2557 et
1774 2526 1941 2557 Moniales
1978 2529 2150 2557 teneantur

333 2590 363 2617 et
390 2587 544 2622 debeant,
571 2591 600 2618 et
629 2589 670 2618 ita
698 2588 807 2619 dictus
833 2597 946 2619 eorum
975 2589 1126 2620 sindicus
1152 2592 1182 2620 et
1209 2592 1403 2629 procurator
1429 2589 1517 2620 dicto
1544 2589 1676 2619 nomine
1704 2589 1875 2628 promissit
1890 2591 1920 2619 et
1938 2589 2095 2619 convenit
2112 2597 2150 2620 ac

337 2650 498 2689 promittit
524 2653 553 2680 et
579 2651 746 2686 convenit,
774 2651 872 2681 dictis
899 2651 1046 2682 dominis
1074 2650 1177 2682 Priori
1204 2654 1235 2682 et
1262 2651 1443 2688 Fratribus,
1469 2651 1541 2682 suis
1566 2654 1596 2681 et
1622 2651 1710 2681 dicto
1738 2651 1870 2682 nominc
1897 2651 2149 2691 stipulantibus,

335 2711 375 2742 de
401 2714 431 2742 et
459 2721 517 2751 pro
543 2713 641 2742 annis
668 2713 843 2751 preteritis,
870 2713 912 2743 ab
938 2722 1026 2744 anno
1054 2712 1327 2749 MCCCCLXVI,
1354 2714 1409 2753 qui
1436 2721 1545 2744 annus
1572 2713 1685 2743 finitus
1710 2716 1739 2743 et
1767 2713 1850 2743 finiri
1891 2713 2092 2753 intelligatur
2118 2714 2148 2744 in

334 2774 485 2804 calendis
513 2775 650 2804 ianuarii
680 2773 965 2810 MCCCCLXVII,
993 2776 1155 2807 inclusive
1175 2779 1270 2813 retro,
1290 2784 1397 2816 usque
1415 2776 1456 2806 ad
1476 2784 1573 2815 quem
1593 2784 1715 2806 annum
1737 2776 1898 2807 inclusive
1917 2776 1994 2807 dicti
2013 2775 2151 2813 fructus,

337 2836 488 2866 redditus
513 2839 543 2866 ct
571 2836 674 2876 prode
701 2838 821 2876 recepti
850 2837 991 2873 luerunt,
1018 2841 1047 2868 ct
1075 2847 1139 2868 non
1166 2838 1208 2869 ab
1235 2838 1311 2869 inde
1337 2839 1427 2874 citra,
1455 2838 1485 2868 in
1513 2840 1783 2877 quantacumque
1798 2839 1982 2878 quantitate
2008 2847 2066 2869 seu
2082 2840 2150 2869 rata

337 2899 457 2938 recepti
500 2899 564 2929 sint
606 2908 663 2929 seu
706 2900 920 2939 reperiantur,
962 2900 1062 2936 dare,
1104 2900 1235 2931 solvere
1275 2903 1305 2931 et
1346 2900 1529 2931 exbursare
1570 2900 1710 2930 ducatos
1762 2900 2150 2940 centumquatuordecim

337 2962 419 2996 auri,
438 2961 478 2992 ad
507 2961 586 2992 illud
620 2965 814 3002 computum
842 2963 933 3001 quod
972 2963 1043 3002 ipse
1081 2963 1215 2994 domine
1250 2962 1432 2994 Abbatissa
1469 2965 1499 2993 et
1538 2962 1705 2993 Moniales
1742 2963 1924 3003 receperint
1961 2963 2086 3002 quibus
2121 2966 2151 2994 et

338 3023 380 3053 ab
408 3024 480 3063 ipsa
507 3023 744 3055 Dominatione
771 3025 956 3055 solvendos
982 3028 1012 3056 et
1038 3034 1125 3065 quos
1151 3025 1281 3056 solvere
1319 3024 1561 3064 promisserunt
1587 3026 1617 3054 et
1643 3024 1826 3055 exbursare
1865 3025 1965 3055 modo
1990 3028 2020 3055 ct
2046 3024 2151 3056 forma

341 3089 437 3125 prout
465 3085 558 3123 infra,
598 3087 772 3117 videlicet:
811 3087 952 3117 ducatos
990 3087 1242 3127 quatuordecim
1281 3087 1321 3117 de
1359 3086 1515 3126 presenti,
1553 3094 1639 3125 quos
1678 3086 1720 3117 ibi
1759 3087 1930 3118 actualiter
1960 3089 2152 3118 numeratos

341 3148 370 3177 in
398 3150 486 3178 tanta
526 3152 656 3179 moneta
693 3157 792 3179 aurea
830 3152 859 3180 et
896 3152 1052 3189 argentea
1089 3149 1312 3189 equivalente,
1351 3149 1381 3179 in
1420 3149 1586 3188 presentia
1625 3149 1686 3179 mei
1726 3150 1843 3180 notarii
1885 3152 1915 3180 et
1945 3150 2078 3180 testium
2106 3150 2153 3180 in—
