2347 3444
1947 197 2012 230 263

197 315 276 346 retis
301 317 332 346 et
357 314 540 347 ieronimus
559 316 599 348 de
617 315 835 356 Bastonibus‚
860 327 978 351 omnes
1002 319 1121 351 iratres
1138 329 1300 361 expresse
1318 320 1462 361 professi
1482 321 1620 355 Ordinis
1639 324 1878 358 Heremitarum
1906 330 2010 360 sancti

200 376 378 418 Augustini
404 380 592 410 conventus
616 379 756 411 ecclesie
781 383 895 412 sancte
921 381 1082 413 Mustiole
1108 381 1244 423 Papie...
1271 382 1432 415 facientes
1466 384 1542 425 plus
1576 394 1675 425 quam
1710 387 1796 419 duas
1829 392 1940 429 partes
1969 400 2010 422 ex

199 439 305 471 tribus
331 440 439 471 tocius
464 443 683 473 conventus...
709 442 818 474 darino
844 444 1032 475 investitura
1071 445 1253 476 novennale
1277 454 1297 476 ιι
1322 445 1476 486 Masfiolo
1512 447 1663 480 Mcmzoli
1689 448 1825 489 sarnaio
1861 449 1944 489 (1)...
1971 453 2011 484 de

201 501 303 533 domo
330 511 393 534 una
419 511 493 534 cum
519 503 638 541 furno,
668 505 780 542 curia,
815 506 939 546 putheo
964 508 995 537 et
1020 506 1095 538 aliis
1120 507 1191 539 suis
1217 507 1396 539 hedifticiis
1421 508 1498 540 dicti
1527 511 1753 542 monasterii...
1773 512 1867 543 salva
1894 516 1924 544 et
1950 524 2008 545 ex-

197 566 292 604 cepta
319 566 408 602 turri,
435 566 545 606 posita
572 575 672 607 super
698 568 856 607 predictis
881 569 1037 609 superius
1063 570 1240 607 investitiS,
1266 579 1330 610 que
1356 571 1455 602 turris
1481 580 1546 602 non
1572 572 1660 603 cadit
1687 573 1716 603 in
1737 575 1881 613 presenti
1920 576 2012 607 inve-

196 626 324 664 stitura,
351 628 409 658 sed
437 628 524 659 illam
552 629 660 660 dictus
685 632 872 662 conventus
891 631 921 662 in
941 640 976 662 se
1001 633 1186 663 reservavit
1210 634 1241 664 et
1259 635 1438 664 reservat...
1463 632 1519 665 Gli
1534 633 1644 665 αἰιηηο
1662 635 1824 667 [nomem
1842 645 2010 677 consegna

196 689 270 720 tutte·
289 689 340 729 gli
363 690 495 722 utensili
517 699 534 721 e
558 691 570 722 ι’
592 691 707 723 mobili
741 694 875 724 amzessi
898 693 932 724 al
949 693 1058 734 forno.
1097 694 1294 726 L'iszvestilo
1323 697 1482 736 promette
1518 696 1553 728 cii
1588 696 1671 728 bene
1709 699 1740 728 et
1777 698 1952 739 diligenter
1977 703 2008 731 et

196 751 283 782 bona
310 753 374 784 fide
399 755 430 784 et
456 754 527 784 sine
553 753 669 785 fraude
694 763 838 794 coquere
865 764 983 796 panem
1010 757 1051 787 ad
1078 757 1201 788 dictum
1228 757 1359 788 furnum
1387 758 1506 789 vicinis
1532 760 1563 789 et
1587 759 1662 790 aliis
1681 760 1736 799 qui
1757 769 1875 800 panem
1909 763 2007 802 coqui

194 813 316 845 facient
340 815 382 846 ad
409 815 532 846 dictum
558 815 709 853 furnum,
737 826 795 848 nec
821 818 947 849 dullum
984 819 1209 858 committere;
1243 822 1402 860 prometto
1434 820 1547 852 Inoltre
1572 821 1607 853 cli
1624 830 1753 862 pagate
1778 822 1813 853 al
1838 822 2005 856 Conventa

193 878 274 916 ogni
296 886 382 908 anno
401 877 517 917 fiort'm'
540 880 606 909 otto
632 878 794 919 cl'asft'tto,
821 889 837 911 e
862 880 896 911 di
919 889 1063 921 coquere
1100 883 1203 913 totum
1242 891 1361 922 panem
1399 883 1624 914 necessarium
1652 893 1711 924 pro
1738 884 1813 924 ipso
1839 888 2006 917 conventu

192 942 224 970 et
249 939 339 970 illum
367 940 450 971 bene
476 940 630 971 ordinare
656 943 686 972 et
712 941 851 973 farinam
879 952 938 983 pro
965 944 1075 974 tiendo
1102 945 1176 984 ipso
1203 953 1288 985 pane
1315 945 1674 986 buratare‚i1npastare
1700 949 1730 978 et
1756 956 1875 987 panem
1896 949 2005 988 ipsum

192 1001 300 1033 facere
327 1002 357 1033 in
385 1003 531 1033 claustro
569 1003 645 1034 dicti
686 1005 877 1035 monasterii
915 1007 945 1036 et
983 1006 1091 1046 ipsun]
1131 1015 1249 1047 panem
1288 1010 1419 1048 portare
1456 1008 1497 1039 ad
1533 1009 1641 1048 ipsum
1669 1008 1800 1040 furnum
1828 1012 1858 1041 et
1883 1012 2006 1043 exinde

191 1067 321 1095 coctum
349 1067 517 1105 reportare
554 1066 596 1096 ad
634 1066 757 1097 dictum
796 1065 1020 1105 Conventum,
1047 1071 1077 1099 et
1102 1068 1314 1107 frumentum,
1353 1079 1412 1110 pro
1439 1071 1559 1101 fiendis
1597 1071 1695 1102 dictis
1721 1071 1826 1103 farina
1853 1074 1883 1104 et
1910 1082 2006 1113 pane,

191 1127 361 1158 cribelare.

929 1277 1252 1319 CDXCVIII.

277 1383 529 1420 Disposizione
554 1386 823 1414 testamentaria
849 1387 884 1414 di
910 1387 1062 1415 Michele
1087 1388 1289 1424 Gazzaniga
1315 1397 1334 1416 a
1360 1389 1482 1417 favore
1508 1390 1542 1417 di
1569 1390 1602 1421 S,
1629 1390 1813 1426 Agostino.

812 1500 966 1532 1484,
998 1502 1054 1532 gi
1061 1509 1234 1533 11g111),
1268 1501 1357 1527 27.

722 1589 798 1610 v‘Arcn.
816 1589 837 1609 di
853 1589 920 1610 Statu
937 1590 957 1610 di
975 1589 1070 1610 Milanu.
1088 1601 1111 1603 -
1129 1590 1232 1615 Pergam.
1250 1590 1271 1610 di
1288 1590 1310 1611 S.
1327 1590 1457 1616 Agostino).

289 1773 337 1888 I
432 1791 455 1816 Ν
481 1786 582 1816 domo
608 1786 788 1823 testatoris,
816 1787 847 1817 in
875 1785 973 1818 Porta
1012 1786 1140 1825 Palatii,
1168 1788 1198 1818 in
1226 1787 1388 1818 Parochia
1426 1786 1458 1819 S.
1485 1787 1635 1819 Inventii.
1674 1787 1827 1820 Prudens
1861 1789 1910 1820 vir
1936 1789 2001 1820 Mi-

452 1849 544 1879 chael
572 1848 612 1879 de
638 1847 844 1889 Gazanigna‚
871 1849 960 1880 filius
996 1850 1166 1889 quondam
1205 1850 1351 1887 Martini,
1377 1851 1462 1881 civis
1487 1853 1517 1882 et
1544 1853 1705 1882 mercator
1730 1852 1913 1892 papiensis,
1947 1852 2001 1883 nel

281 1947 286 1948 ⁷
353 1947 371 1948 ἶ
451 1920 510 1942 suo
536 1913 729 1943 testamento
756 1911 848 1942 dedit
872 1914 903 1942 et
929 1912 1052 1953 legavit
1077 1913 1216 1944 ecclesie
1242 1921 1300 1944 seu
1327 1913 1506 1944 conventui
1544 1914 1649 1945 sancti
1676 1913 1854 1955 Augustini
1894 1913 1997 1954 Papie

181 1974 328 2005 florenos
354 1974 480 2005 decem.
507 1973 584 2005 ltern
611 1973 727 2011 voluit,
755 1974 895 2004 iussit...
922 1975 1012 2014 quod
1040 1983 1097 2014 per
1123 1974 1369 2015 infrascriptum
1405 1975 1592 2006 heredem...
1618 1978 1830 2007 construatur
1856 1985 1913 2007 seu
1941 1976 1996 2007 fiat

180 2036 282 2067 altare
309 2045 409 2067 unum
436 2036 636 2074 condecens,
663 2036 828 2067 desubtus
853 2038 884 2067 et
909 2036 950 2067 ad
977 2036 1089 2067 sedern
1118 2037 1257 2077 pillastri
1285 2037 1340 2068 ubi
1366 2040 1416 2068 est
1442 2038 1573 2078 depicta
1600 2038 1704 2079 figura
1742 2039 1846 2069 sancti
1882 2037 1995 2079 Augu-

181 2099 270 2137 stini,
297 2107 398 2139 super
423 2099 572 2130 secundo
599 2099 751 2139 pillastro
778 2099 1005 2139 ingrediendo,
1033 2108 1050 2130 3
1077 2108 1175 2130 manu
1203 2100 1320 2131 dextra
1347 2100 1500 2131 intrando
1539 2109 1596 2140 per
1621 2102 1750 2140 portam
1785 2109 1938 2141 magnam
1965 2103 1996 2131 et

180 2161 323 2192 mediam
350 2161 458 2201 ipsius
484 2161 634 2192 ecclesie.
661 2160 699 2191 Et
724 2161 810 2192 circa
836 2161 926 2201 quod
953 2161 1054 2192 altare
1082 2161 1151 2192 vult
1177 2161 1268 2201 quod
1294 2162 1528 2202 expendantur
1552 2162 1668 2193 floreni
1696 2163 1842 2194 decem...
1862 2171 1922 2203 pro
1940 2171 1993 2193 or·

179 2224 344 2254 namentis
382 2224 490 2264 ipsius
527 2223 651 2254 altaris.
690 2223 729 2254 Et
754 2223 893 2254 ulterius
929 2223 1035 2254 eidem
1069 2223 1162 2254 altari
1189 2223 1280 2254 dedit
1305 2226 1335 2254 et
1362 2224 1485 2265 legavit
1510 2226 1541 2255 et
1566 2233 1624 2256 seu
1652 2224 1842 2257 Conventui
1869 2225 1993 2256 sachos

177 2285 263 2317 duos
288 2285 442 2317 frumenti
470 2286 533 2317 sibi
560 2286 693 2317 dandos
719 2294 777 2326 per
804 2285 1050 2325 infrascriptum
1078 2286 1232 2316 heredem
1260 2286 1482 2317 universalem
1501 2287 1591 2317 omni
1611 2295 1710 2324 anno,
1729 2296 1908 2327 usquequo
1934 2287 1991 2318 de-

176 2348 304 2379 deritet
322 2349 672 2389 assignaveritfictum
689 2357 790 2379 unum
806 2350 1002 2388 perpetuum
1030 2349 1206 2379 sacliorum
1237 2348 1379 2379 duorum
1398 2349 1610 2389 papiensium
1641 2349 1806 2380 frumenti.
1833 2348 1989 2381 Gravans

175 2410 347 2441 dominum
388 2409 534 2441 Priorem
572 2412 603 2441 et
641 2410 845 2450 principales
882 2410 958 2440 dicti
997 2412 1184 2440 conventus
1221 2410 1262 2440 ad
1299 2410 1457 2441 celebrari
1496 2410 1684 2442 faciendum
1724 2421 1821 2443 unani
1850 2414 1985 2445 missam

175 2480 312 2512 parvam
331 2481 349 2503 a
368 2473 518 2510 mortuis,
544 2472 693 2512 qualibet
719 2472 919 2509 ebdomada,
939 2481 998 2512 pro
1016 2472 1126 2502 anima
1146 2472 1253 2512 ipsius
1272 2473 1441 2503 testatoris
1459 2474 1489 2503 et
1509 2472 1750 2504 deffunctorum
1770 2482 1906 2505 suorum
1926 2473 1987 2515 (2).

229 2631 258 2655 (11
276 2631 305 2651 La
321 2636 396 2651 nuova
412 2630 549 2650 investitura
565 2630 576 2650 ὲ
592 2635 643 2650 resa
659 2630 789 2650 neccssaria
806 2629 865 2649 dalla
877 2632 950 2649 morie
962 2629 982 2649 di
993 2629 1050 2649 irate

176 2676 288 2696 Tolomeo
310 2675 412 2700 Sarego,
434 2680 446 2695 3
462 2675 498 2695 cui
515 2674 528 2694 il
551 2674 616 2695 lorno
634 2680 671 2694 ern
688 2674 724 2699 gia
740 2675 803 2694 stau»
818 2674 920 2694 nlilitum
937 2679 979 2693 cun
995 2676 1045 2693 utto

175 2721 211 2741 del
229 2721 251 2741 17
266 2720 338 2746 aprile
355 2720 412 2740 1483.
436 2719 525 2744 Questo
540 2720 618 2739 stesso
638 2718 712 2743 forno,
729 2724 771 2739 con
786 2720 837 2739 aliu
853 2718 874 2738 di
891 2718 981 2737 Matreu
998 2718 1047 2738 Fer-

176 2765 219 2786 rari
243 2765 278 2785 del
299 2765 312 2785 5
333 2764 431 2789 genunio
456 2764 519 2789 1489,
542 2769 614 2784 venne
636 2763 738 2784 allittuto
755 2768 794 2788 per
811 2765 844 2783 tre
862 2763 941 2782 3111113
958 2762 1048 2782 Manen

174 2809 285 2831 Guaitieri
302 2815 342 2835 per
356 2810 369 2830 5
384 2809 456 2829 liurini
473 2809 580 2829 all'anno.
598 2808 612 2828 ll
624 2808 725 2833 capitolo
737 2814 774 2828 era
786 2809 909 2832 commosin
921 2807 956 2827 1131
970 2806 1047 2827 l’riore

173 2854 231 2875 irate
247 2855 362 2875 Galeazzo
378 2854 406 2874 da
423 2853 492 2875 Pavia
508 2859 519 2875 e
535 2853 571 2874 dai
587 2853 638 2874 irati
655 2853 792 2874 Melchiorre
819 2853 904 2877 Lucini,
921 2852 997 2873 Pieli-0
1018 2851 1045 2872 da

174 2898 296 2924 Cremona,
312 2898 424 2919 Giovanni
440 2898 468 2919 da
485 2898 634 2924 Castiglione,
651 2898 743 2919 Cnrlino
765 2897 793 2918 (13
810 2898 914 2921 Vercelli,
934 2897 1046 2922 Agostino

173 2943 233 2964 della
248 2942 330 2964 Cliiesa
346 2948 357 2963 e
374 2943 451 2964 Pietru
466 2943 494 2963 da
513 2942 673 2968 Carmagnola.

225 2987 254 3012 (2)
270 2987 304 3008 Da
320 2993 349 3008 un
363 2989 414 3009 atto
429 2987 488 3013 degli
506 2989 526 3008 ll
545 2993 622 3008 marzo
640 2987 696 3013 1486,
709 2990 790 3013 rogato
802 2987 830 3008 da
842 2987 954 3008 Giovnuni
966 2986 1043 3007 l‘ietro

1107 2628 1223 2653 lrnodelli,
1247 2629 1327 2649 risulta
1343 2630 1384 2649 elie
1399 2635 1411 2649 3
1429 2632 1513 2655 questu
1529 2632 1670 2651 testamento
1687 2631 1699 2651 il
1722 2631 1853 2657 Gazzaniga
1870 2633 1981 2658 aggiuuse

1102 2679 1130 2693 un
1147 2673 1266 2697 codicillo,
1290 2674 1324 2693 rol
1342 2674 1409 2699 quale
1431 2674 1482 2699 lego
1501 2676 1523 2694 11)
1545 2675 1618 2695 fiorini
1635 2675 1654 2695 3Ι
1672 2675 1793 2696 Convenit)
1812 2676 1833 2696 di
1850 2677 1871 2697 S.
1891 2677 1978 2700 Paulo,

1102 2718 1142 2738 elic
1158 2718 1240 2738 iurouu
1256 2718 1437 2739 eiicitivfflncnte
1454 2719 1531 2744 pagati
1547 2720 1582 2740 col
1598 2720 1670 2740 citato
1685 2722 1735 2741 atto
1753 2722 1772 2740 ll
1791 2727 1869 2741 marzo
1888 2722 1944 2746 1489,
1959 2722 1979 2741 31

1105 2762 1183 2782 Priore
1199 2762 1220 2782 di
1237 2762 1258 2783 S.
1277 2762 1347 2783 l’uolo
1363 2763 1420 2784 irate
1436 2763 1532 2784 Taddeo
1548 2764 1575 2784 da
1593 2764 1706 2785 Pincrolu.
1724 2765 1757 2785 Da
1775 2771 1803 2785 un
1819 2767 1869 2786 atto
1886 2766 1923 2791 poi
1943 2766 1978 2786 del

1101 2807 1114 2826 6
1129 2808 1212 2831 ligusto
1231 2807 1288 2831 1⁴85),
1305 2809 1386 2831 rogato
1401 2807 1429 2828 da
1446 2808 1573 2829 Francesco
1581 2808 1739 2834 Strazzapatti
1751 2810 1830 2830 risultn
1842 2810 1883 2830 elie
1895 2810 1979 2835 l'ospe-

1102 2851 1152 2871 dale
1168 2851 1189 2871 di
1207 2851 1291 2877 Pax-ia,
1307 2852 1375 2872 erede
1397 2852 1528 2873 universale
1548 2853 1583 2874 del
1600 2853 1740 2879 Gazzaniga,
1757 2859 1845 2879 pugnvn
1861 2854 1882 2873 31
1899 2854 1977 2874 Priore

1102 2896 1123 2916 di
1140 2896 1162 2916 S.
1179 2896 1292 2920 Agostino
1308 2895 1366 2916 frate
1381 2896 1487 2917 Gabriele
1504 2897 1532 2917 da
1548 2897 1716 2921 Carmagnuln,
1741 2898 1768 2918 cd
1784 2898 1804 2918 nl
1823 2897 1976 2918 l‘rucuralure

1099 2940 1157 2961 irate
1167 2940 1306 2961 Alessandro
1316 2940 1404 2961 Vitnli8
1413 2941 1488 2961 sacchi
1504 2941 1526 2961 di
1538 2940 1661 2965 frumento,
1673 2942 1858 2967 rnppresentunti
1871 2942 1890 2961 13
1903 2944 1974 2967 quum

1098 2985 1126 3005 du
1143 2985 1234 3011 pag-usi
1251 2991 1291 3011 per
1306 2985 1335 3010 gli
1351 2985 1457 3006 arretrati
1474 2985 1494 3006 di
1511 2987 1605 3011 quatuo
1620 2986 1680 3006 anni.
