<?xml version="1.0" encoding="UTF-8"?>
<!DOCTYPE html PUBLIC "-//W3C//DTD XHTML 1.0 Transitional//EN"
    "http://www.w3.org/TR/xhtml1/DTD/xhtml1-transitional.dtd">
<html xmlns="http://www.w3.org/1999/xhtml" xml:lang="en" lang="en">
 <head>
  <title>
</title>
<meta http-equiv="Content-Type" content="text/html;charset=utf-8" />
  <meta name='ocr-system' content='tesseract 3.04.00' />
  <meta name='ocr-capabilities' content='ocr_page ocr_carea ocr_par ocr_line ocrx_word'/>
</head>
<body>
  <div class='ocr_page' id='page_1' title='image "./codexdiplomaticu02maiouoft_0222.png"; bbox 0 0 2347 3444; ppageno 0'>
   <div class='ocr_carea' id='block_1_1' title="bbox 297 207 359 238">
    <p class='ocr_par' dir='ltr' id='par_1_1' title="bbox 297 207 359 238">
     <span class='ocr_line' id='line_1_1' title="bbox 297 207 359 238; baseline 0 0"><span class='ocrx_word' id='word_1_1' title='bbox 297 207 359 238; x_wconf 88' lang='grc'>172</span> 
     </span>
    </p>
   </div>
   <div class='ocr_carea' id='block_1_2' title="bbox 289 340 2120 3115">
    <p class='ocr_par' dir='ltr' id='par_1_2' title="bbox 289 340 2113 1004">
     <span class='ocr_line' id='line_1_2' title="bbox 289 340 2110 381; baseline 0 -9"><span class='ocrx_word' id='word_1_2' title='bbox 289 341 380 372; x_wconf 89' lang='lat' dir='ltr'>aliud</span> <span class='ocrx_word' id='word_1_3' title='bbox 407 342 611 372; x_wconf 84' lang='lat' dir='ltr'>novennium</span> <span class='ocrx_word' id='word_1_4' title='bbox 638 342 826 373; x_wconf 81' lang='lat' dir='ltr'>conducere</span> <span class='ocrx_word' id='word_1_5' title='bbox 852 341 984 381; x_wconf 91' lang='lat' dir='ltr'>aliquas</span> <span class='ocrx_word' id='word_1_6' title='bbox 1011 342 1234 381; x_wconf 80' lang='lat' dir='ltr'>proprietates</span> <span class='ocrx_word' id='word_1_7' title='bbox 1261 340 1512 371; x_wconf 88' lang='lat' dir='ltr'>ecclesiasticas</span> <span class='ocrx_word' id='word_1_8' title='bbox 1537 340 1609 370; x_wconf 87' lang='lat' dir='ltr'>sine</span> <span class='ocrx_word' id='word_1_9' title='bbox 1629 342 1740 371; x_wconf 90' lang='lat' dir='ltr'>vestra</span> <span class='ocrx_word' id='word_1_10' title='bbox 1759 340 1910 378; x_wconf 82' lang='lat' dir='ltr'>licencia,</span> <span class='ocrx_word' id='word_1_11' title='bbox 1929 341 2005 372; x_wconf 92' lang='lat' dir='ltr'>ideo</span> <span class='ocrx_word' id='word_1_12' title='bbox 2027 349 2110 381; x_wconf 92' lang='lat' dir='ltr'>sup-</span> 
     </span>
     <span class='ocr_line' id='line_1_3' title="bbox 292 401 2109 444; baseline -0.001 -9"><span class='ocrx_word' id='word_1_13' title='bbox 292 404 417 443; x_wconf 88' lang='lat' dir='ltr'>plicant</span> <span class='ocrx_word' id='word_1_14' title='bbox 443 404 529 435; x_wconf 90' lang='lat' dir='ltr'>dicte</span> <span class='ocrx_word' id='word_1_15' title='bbox 557 406 678 444; x_wconf 88' lang='lat' dir='ltr'>partes,</span> <span class='ocrx_word' id='word_1_16' title='bbox 705 407 738 434; x_wconf 92' lang='lat' dir='ltr'>ut</span> <span class='ocrx_word' id='word_1_17' title='bbox 765 404 828 434; x_wconf 84' lang='lat' dir='ltr'>hiis</span> <span class='ocrx_word' id='word_1_18' title='bbox 854 404 988 435; x_wconf 90' lang='lat' dir='ltr'>attentis</span> <span class='ocrx_word' id='word_1_19' title='bbox 1014 404 1169 443; x_wconf 70' lang='lat' dir='ltr'>dignetur</span> <span class='ocrx_word' id='word_1_20' title='bbox 1206 402 1390 432; x_wconf 83' lang='lat' dir='ltr'>dominatio</span> <span class='ocrx_word' id='word_1_21' title='bbox 1432 404 1543 432; x_wconf 91' lang='lat' dir='ltr'>vestra</span> <span class='ocrx_word' id='word_1_22' title='bbox 1570 410 1627 441; x_wconf 86' lang='lat' dir='ltr'>per</span> <span class='ocrx_word' id='word_1_23' title='bbox 1664 403 1817 441; x_wconf 85' lang='lat' dir='ltr'>patentes</span> <span class='ocrx_word' id='word_1_24' title='bbox 1843 401 1968 433; x_wconf 78' lang='lat' dir='ltr'>litteras</span> <span class='ocrx_word' id='word_1_25' title='bbox 1993 403 2041 434; x_wconf 89' lang='lat' dir='ltr'>eis</span> <span class='ocrx_word' id='word_1_26' title='bbox 2077 405 2109 434; x_wconf 88' lang='lat' dir='ltr'>et</span> 
     </span>
     <span class='ocr_line' id='line_1_4' title="bbox 293 463 2108 506; baseline 0 -10"><span class='ocrx_word' id='word_1_27' title='bbox 293 466 423 506; x_wconf 91' lang='lat' dir='ltr'>utrique</span> <span class='ocrx_word' id='word_1_28' title='bbox 449 475 561 497; x_wconf 87' lang='lat' dir='ltr'>earum</span> <span class='ocrx_word' id='word_1_29' title='bbox 588 466 772 497; x_wconf 80' lang='lat' dir='ltr'>concedere</span> <span class='ocrx_word' id='word_1_30' title='bbox 799 466 935 496; x_wconf 80' lang='lat' dir='ltr'>liberam</span> <span class='ocrx_word' id='word_1_31' title='bbox 965 465 1136 496; x_wconf 85' lang='lat' dir='ltr'>licenciam</span> <span class='ocrx_word' id='word_1_32' title='bbox 1157 463 1361 504; x_wconf 89' lang='lat' dir='ltr'>procedendi</span> <span class='ocrx_word' id='word_1_33' title='bbox 1388 463 1429 494; x_wconf 92' lang='lat' dir='ltr'>ad</span> <span class='ocrx_word' id='word_1_34' title='bbox 1457 463 1579 494; x_wconf 86' lang='lat' dir='ltr'>dictam</span> <span class='ocrx_word' id='word_1_35' title='bbox 1605 463 1877 503; x_wconf 87' lang='lat' dir='ltr'>emphiteoticam</span> <span class='ocrx_word' id='word_1_36' title='bbox 1904 464 2108 496; x_wconf 84' lang='lat' dir='ltr'>locacionem</span> 
     </span>
     <span class='ocr_line' id='line_1_5' title="bbox 291 526 2110 568; baseline 0 -10"><span class='ocrx_word' id='word_1_37' title='bbox 291 536 351 559; x_wconf 90' lang='lat' dir='ltr'>seu</span> <span class='ocrx_word' id='word_1_38' title='bbox 378 528 579 566; x_wconf 88' lang='lat' dir='ltr'>locaciones,</span> <span class='ocrx_word' id='word_1_39' title='bbox 605 537 679 559; x_wconf 89' lang='lat' dir='ltr'>cum</span> <span class='ocrx_word' id='word_1_40' title='bbox 707 529 814 568; x_wconf 88' lang='lat' dir='ltr'>pactis</span> <span class='ocrx_word' id='word_1_41' title='bbox 841 528 881 558; x_wconf 93' lang='lat' dir='ltr'>de</span> <span class='ocrx_word' id='word_1_42' title='bbox 909 527 1032 567; x_wconf 87' lang='lat' dir='ltr'>quibus</span> <span class='ocrx_word' id='word_1_43' title='bbox 1060 529 1172 566; x_wconf 87' lang='lat' dir='ltr'>partes</span> <span class='ocrx_word' id='word_1_44' title='bbox 1199 526 1272 565; x_wconf 90' lang='lat' dir='ltr'>ipse</span> <span class='ocrx_word' id='word_1_45' title='bbox 1311 526 1394 556; x_wconf 90' lang='lat' dir='ltr'>inter</span> <span class='ocrx_word' id='word_1_46' title='bbox 1430 533 1465 556; x_wconf 93' lang='lat' dir='ltr'>se</span> <span class='ocrx_word' id='word_1_47' title='bbox 1491 528 1720 556; x_wconf 90' lang='lat' dir='ltr'>convenerunt</span> <span class='ocrx_word' id='word_1_48' title='bbox 1746 534 1804 556; x_wconf 93' lang='lat' dir='ltr'>seu</span> <span class='ocrx_word' id='word_1_49' title='bbox 1837 527 2048 563; x_wconf 81' lang='lat' dir='ltr'>convenient,</span> <span class='ocrx_word' id='word_1_50' title='bbox 2079 528 2110 558; x_wconf 88' lang='lat' dir='ltr'>et</span> 
     </span>
     <span class='ocr_line' id='line_1_6' title="bbox 292 587 2111 630; baseline -0.001 -9"><span class='ocrx_word' id='word_1_51' title='bbox 292 590 382 630; x_wconf 87' lang='lat' dir='ltr'>quod</span> <span class='ocrx_word' id='word_1_52' title='bbox 410 591 550 630; x_wconf 81' lang='lat' dir='ltr'>quilibet</span> <span class='ocrx_word' id='word_1_53' title='bbox 577 591 726 621; x_wconf 87' lang='lat' dir='ltr'>notarius</span> <span class='ocrx_word' id='word_1_54' title='bbox 753 591 971 620; x_wconf 89' lang='lat' dir='ltr'>instrumenta</span> <span class='ocrx_word' id='word_1_55' title='bbox 998 596 1200 628; x_wconf 78' lang='lat' dir='ltr'>quecunque</span> <span class='ocrx_word' id='word_1_56' title='bbox 1227 587 1368 627; x_wconf 83' lang='lat' dir='ltr'>proinde</span> <span class='ocrx_word' id='word_1_57' title='bbox 1396 587 1587 618; x_wconf 89' lang='lat' dir='ltr'>necessaria</span> <span class='ocrx_word' id='word_1_58' title='bbox 1617 587 1791 625; x_wconf 78' lang='lat' dir='ltr'>conticere,</span> <span class='ocrx_word' id='word_1_59' title='bbox 1811 589 2061 628; x_wconf 90' lang='lat' dir='ltr'>pronotariique</span> <span class='ocrx_word' id='word_1_60' title='bbox 2079 590 2111 620; x_wconf 88' lang='lat' dir='ltr'>et</span> 
     </span>
     <span class='ocr_line' id='line_1_7' title="bbox 292 649 2110 693; baseline -0.001 -9"><span class='ocrx_word' id='word_1_61' title='bbox 292 655 396 684; x_wconf 88' lang='lat' dir='ltr'>testes</span> <span class='ocrx_word' id='word_1_62' title='bbox 422 653 601 693; x_wconf 85' lang='lat' dir='ltr'>opportuni</span> <span class='ocrx_word' id='word_1_63' title='bbox 629 653 676 683; x_wconf 86' lang='lat' dir='ltr'>eis</span> <span class='ocrx_word' id='word_1_64' title='bbox 704 653 864 682; x_wconf 85' lang='lat' dir='ltr'>interesse</span> <span class='ocrx_word' id='word_1_65' title='bbox 892 650 1033 690; x_wconf 78' lang='lat' dir='ltr'>possint.</span> <span class='ocrx_word' id='word_1_66' title='bbox 1062 649 1201 689; x_wconf 88' lang='lat' dir='ltr'>insuper</span> <span class='ocrx_word' id='word_1_67' title='bbox 1237 649 1363 680; x_wconf 89' lang='lat' dir='ltr'>eisdem</span> <span class='ocrx_word' id='word_1_68' title='bbox 1391 649 1543 689; x_wconf 90' lang='lat' dir='ltr'>partibus</span> <span class='ocrx_word' id='word_1_69' title='bbox 1569 651 1600 680; x_wconf 90' lang='lat' dir='ltr'>et</span> <span class='ocrx_word' id='word_1_70' title='bbox 1627 650 1757 689; x_wconf 90' lang='lat' dir='ltr'>utrique</span> <span class='ocrx_word' id='word_1_71' title='bbox 1784 659 1896 681; x_wconf 87' lang='lat' dir='ltr'>earum</span> <span class='ocrx_word' id='word_1_72' title='bbox 1923 651 2110 682; x_wconf 89' lang='lat' dir='ltr'>concedere</span> 
     </span>
     <span class='ocr_line' id='line_1_8' title="bbox 293 710 2110 755; baseline -0.002 -9"><span class='ocrx_word' id='word_1_73' title='bbox 293 715 464 746; x_wconf 78' lang='lat' dir='ltr'>lIcenciam</span> <span class='ocrx_word' id='word_1_74' title='bbox 493 715 689 755; x_wconf 89' lang='lat' dir='ltr'>impetrandi</span> <span class='ocrx_word' id='word_1_75' title='bbox 717 721 949 753; x_wconf 84' lang='lat' dir='ltr'>quascumque</span> <span class='ocrx_word' id='word_1_76' title='bbox 976 713 1102 742; x_wconf 78' lang='lat' dir='ltr'>litteras</span> <span class='ocrx_word' id='word_1_77' title='bbox 1128 720 1187 742; x_wconf 75' lang='lat' dir='ltr'>seu</span> <span class='ocrx_word' id='word_1_78' title='bbox 1215 721 1427 752; x_wconf 85' lang='lat' dir='ltr'>quecumque</span> <span class='ocrx_word' id='word_1_79' title='bbox 1454 712 1614 752; x_wconf 88' lang='lat' dir='ltr'>rescripta</span> <span class='ocrx_word' id='word_1_80' title='bbox 1637 721 1654 743; x_wconf 88' lang='lat' dir='ltr'>a</span> <span class='ocrx_word' id='word_1_81' title='bbox 1681 710 1768 743; x_wconf 82' lang='lat' dir='ltr'>Sede</span> <span class='ocrx_word' id='word_1_82' title='bbox 1796 711 1992 752; x_wconf 86' lang='lat' dir='ltr'>Apostolica</span> <span class='ocrx_word' id='word_1_83' title='bbox 2019 716 2050 744; x_wconf 89' lang='lat' dir='ltr'>et</span> <span class='ocrx_word' id='word_1_84' title='bbox 2068 713 2110 744; x_wconf 87' lang='lat' dir='ltr'>ab</span> 
     </span>
     <span class='ocr_line' id='line_1_9' title="bbox 293 774 2111 817; baseline -0.001 -9"><span class='ocrx_word' id='word_1_85' title='bbox 293 777 367 808; x_wconf 88' lang='lat' dir='ltr'>aliis</span> <span class='ocrx_word' id='word_1_86' title='bbox 386 777 425 808; x_wconf 83' lang='lat' dir='ltr'>ad</span> <span class='ocrx_word' id='word_1_87' title='bbox 446 786 532 817; x_wconf 84' lang='lat' dir='ltr'>quos</span> <span class='ocrx_word' id='word_1_88' title='bbox 551 780 703 816; x_wconf 83' lang='lat' dir='ltr'>spectare</span> <span class='ocrx_word' id='word_1_89' title='bbox 722 776 942 815; x_wconf 70' lang='lat' dir='ltr'>dignoscatur</span> <span class='ocrx_word' id='word_1_90' title='bbox 960 783 1020 814; x_wconf 88' lang='lat' dir='ltr'>pro</span> <span class='ocrx_word' id='word_1_91' title='bbox 1039 774 1299 805; x_wconf 78' lang='lat' dir='ltr'>confirmacione</span> <span class='ocrx_word' id='word_1_92' title='bbox 1319 783 1378 805; x_wconf 92' lang='lat' dir='ltr'>seu</span> <span class='ocrx_word' id='word_1_93' title='bbox 1398 774 1676 805; x_wconf 89' lang='lat' dir='ltr'>convalidacione</span> <span class='ocrx_word' id='word_1_94' title='bbox 1695 774 1782 806; x_wconf 92' lang='lat' dir='ltr'>dicte</span> <span class='ocrx_word' id='word_1_95' title='bbox 1801 775 1910 806; x_wconf 77' lang='lat' dir='ltr'>t‘iende</span> <span class='ocrx_word' id='word_1_96' title='bbox 1929 775 2111 806; x_wconf 87' lang='lat' dir='ltr'>locacionis</span> 
     </span>
     <span class='ocr_line' id='line_1_10' title="bbox 293 836 2112 876; baseline -0.001 -6"><span class='ocrx_word' id='word_1_97' title='bbox 293 848 351 870; x_wconf 87' lang='lat' dir='ltr'>seu</span> <span class='ocrx_word' id='word_1_98' title='bbox 379 839 541 870; x_wconf 87' lang='lat' dir='ltr'>dictarum</span> <span class='ocrx_word' id='word_1_99' title='bbox 570 838 789 871; x_wconf 78' lang='lat' dir='ltr'>locacionum,</span> <span class='ocrx_word' id='word_1_100' title='bbox 815 836 986 876; x_wconf 82' lang='lat' dir='ltr'>aliquibus</span> <span class='ocrx_word' id='word_1_101' title='bbox 1013 836 1158 867; x_wconf 78' lang='lat' dir='ltr'>decretis</span> <span class='ocrx_word' id='word_1_102' title='bbox 1183 839 1214 867; x_wconf 93' lang='lat' dir='ltr'>et</span> <span class='ocrx_word' id='word_1_103' title='bbox 1240 836 1315 867; x_wconf 90' lang='lat' dir='ltr'>aliis</span> <span class='ocrx_word' id='word_1_104' title='bbox 1334 836 1364 867; x_wconf 92' lang='lat' dir='ltr'>in</span> <span class='ocrx_word' id='word_1_105' title='bbox 1383 836 1585 867; x_wconf 88' lang='lat' dir='ltr'>contrarium</span> <span class='ocrx_word' id='word_1_106' title='bbox 1603 836 1864 876; x_wconf 79' lang='lat' dir='ltr'>disponentibus</span> <span class='ocrx_word' id='word_1_107' title='bbox 1883 846 1947 867; x_wconf 91' lang='lat' dir='ltr'>non</span> <span class='ocrx_word' id='word_1_108' title='bbox 1967 837 2112 874; x_wconf 82' lang='lat' dir='ltr'>attentis,</span> 
     </span>
     <span class='ocr_line' id='line_1_11' title="bbox 292 899 2113 941; baseline -0.001 -10"><span class='ocrx_word' id='word_1_109' title='bbox 292 902 416 941; x_wconf 90' lang='lat' dir='ltr'>quibus</span> <span class='ocrx_word' id='word_1_110' title='bbox 444 902 473 931; x_wconf 88' lang='lat' dir='ltr'>in</span> <span class='ocrx_word' id='word_1_111' title='bbox 511 901 571 931; x_wconf 75' lang='lat' dir='ltr'>ltac</span> <span class='ocrx_word' id='word_1_112' title='bbox 599 902 690 939; x_wconf 90' lang='lat' dir='ltr'>parte</span> <span class='ocrx_word' id='word_1_113' title='bbox 717 908 757 930; x_wconf 89' lang='lat' dir='ltr'>ex</span> <span class='ocrx_word' id='word_1_114' title='bbox 786 901 875 930; x_wconf 91' lang='lat' dir='ltr'>certa</span> <span class='ocrx_word' id='word_1_115' title='bbox 902 899 1042 930; x_wconf 88' lang='lat' dir='ltr'>scientia</span> <span class='ocrx_word' id='word_1_116' title='bbox 1070 900 1099 930; x_wconf 92' lang='lat' dir='ltr'>et</span> <span class='ocrx_word' id='word_1_117' title='bbox 1118 899 1159 929; x_wconf 93' lang='lat' dir='ltr'>de</span> <span class='ocrx_word' id='word_1_118' title='bbox 1179 899 1279 929; x_wconf 90' lang='lat' dir='ltr'>vestri</span> <span class='ocrx_word' id='word_1_119' title='bbox 1300 899 1477 938; x_wconf 88' lang='lat' dir='ltr'>potestatis</span> <span class='ocrx_word' id='word_1_120' title='bbox 1497 899 1704 939; x_wconf 88' lang='lat' dir='ltr'>plenitudine</span> <span class='ocrx_word' id='word_1_121' title='bbox 1730 899 1892 939; x_wconf 83' lang='lat' dir='ltr'>derogare</span> <span class='ocrx_word' id='word_1_122' title='bbox 1919 899 2113 939; x_wconf 85' lang='lat' dir='ltr'>dignemini,</span> 
     </span>
     <span class='ocr_line' id='line_1_12' title="bbox 294 961 1462 1004; baseline -0.002 -10"><span class='ocrx_word' id='word_1_123' title='bbox 294 964 384 1004; x_wconf 85' lang='lat' dir='ltr'>quod</span> <span class='ocrx_word' id='word_1_124' title='bbox 413 964 496 1003; x_wconf 89' lang='lat' dir='ltr'>ipsis</span> <span class='ocrx_word' id='word_1_125' title='bbox 523 962 675 1002; x_wconf 88' lang='lat' dir='ltr'>partibus</span> <span class='ocrx_word' id='word_1_126' title='bbox 702 963 831 1001; x_wconf 87' lang='lat' dir='ltr'>gratum</span> <span class='ocrx_word' id='word_1_127' title='bbox 858 963 889 992; x_wconf 89' lang='lat' dir='ltr'>et</span> <span class='ocrx_word' id='word_1_128' title='bbox 915 961 1003 992; x_wconf 87' lang='lat' dir='ltr'>dicte</span> <span class='ocrx_word' id='word_1_129' title='bbox 1029 961 1171 992; x_wconf 85' lang='lat' dir='ltr'>ecclesie</span> <span class='ocrx_word' id='word_1_130' title='bbox 1199 961 1329 992; x_wconf 86' lang='lat' dir='ltr'>utilitati</span> <span class='ocrx_word' id='word_1_131' title='bbox 1357 961 1462 992; x_wconf 87' lang='lat' dir='ltr'>cedet.</span> 
     </span>
    </p>

    <p class='ocr_par' dir='ltr' id='par_1_3' title="bbox 294 1023 2109 1126">
     <span class='ocr_line' id='line_1_13' title="bbox 383 1023 2109 1064; baseline -0.001 -8"><span class='ocrx_word' id='word_1_132' title='bbox 383 1025 530 1064; x_wconf 85' lang='lat' dir='ltr'>Visaque</span> <span class='ocrx_word' id='word_1_133' title='bbox 558 1023 800 1054; x_wconf 84' lang='lat' dir='ltr'>informacione</span> <span class='ocrx_word' id='word_1_134' title='bbox 825 1023 1008 1063; x_wconf 85' lang='lat' dir='ltr'>superinde</span> <span class='ocrx_word' id='word_1_135' title='bbox 1035 1025 1211 1063; x_wconf 90' lang='lat' dir='ltr'>assumpta</span> <span class='ocrx_word' id='word_1_136' title='bbox 1253 1032 1312 1064; x_wconf 86' lang='lat' dir='ltr'>per</span> <span class='ocrx_word' id='word_1_137' title='bbox 1352 1023 1524 1054; x_wconf 90' lang='lat' dir='ltr'>dominum</span> <span class='ocrx_word' id='word_1_138' title='bbox 1566 1023 1734 1055; x_wconf 91' lang='lat' dir='ltr'>Vicarium</span> <span class='ocrx_word' id='word_1_139' title='bbox 1762 1026 1792 1055; x_wconf 92' lang='lat' dir='ltr'>et</span> <span class='ocrx_word' id='word_1_140' title='bbox 1830 1024 2109 1056; x_wconf 87' lang='lat' dir='ltr'>locumtenentem</span> 
     </span>
     <span class='ocr_line' id='line_1_14' title="bbox 294 1083 1979 1126; baseline -0.001 -7"><span class='ocrx_word' id='word_1_141' title='bbox 294 1086 565 1119; x_wconf 85' lang='lat' dir='ltr'>reverendissimi</span> <span class='ocrx_word' id='word_1_142' title='bbox 593 1086 719 1116; x_wconf 92' lang='lat' dir='ltr'>domini</span> <span class='ocrx_word' id='word_1_143' title='bbox 747 1085 872 1116; x_wconf 90' lang='lat' dir='ltr'>domini</span> <span class='ocrx_word' id='word_1_144' title='bbox 900 1083 1092 1117; x_wconf 88' lang='lat' dir='ltr'>Cardinalis</span> <span class='ocrx_word' id='word_1_145' title='bbox 1118 1087 1149 1116; x_wconf 91' lang='lat' dir='ltr'>et</span> <span class='ocrx_word' id='word_1_146' title='bbox 1176 1085 1336 1126; x_wconf 81' lang='lat' dir='ltr'>Episcopi</span> <span class='ocrx_word' id='word_1_147' title='bbox 1364 1086 1540 1126; x_wconf 84' lang='lat' dir='ltr'>papiensis</span> <span class='ocrx_word' id='word_1_148' title='bbox 1565 1086 1690 1117; x_wconf 89' lang='lat' dir='ltr'>tenoris</span> <span class='ocrx_word' id='word_1_149' title='bbox 1716 1086 1979 1126; x_wconf 89' lang='lat' dir='ltr'>subsequentis:</span> 
     </span>
    </p>

    <p class='ocr_par' dir='ltr' id='par_1_4' title="bbox 383 1147 1929 1188">
     <span class='ocr_line' id='line_1_15' title="bbox 383 1147 1929 1188; baseline -0.001 -8"><span class='ocrx_word' id='word_1_150' title='bbox 383 1149 610 1180; x_wconf 88' lang='lat' dir='ltr'>lllustrissime</span> <span class='ocrx_word' id='word_1_151' title='bbox 637 1151 667 1179; x_wconf 91' lang='lat' dir='ltr'>et</span> <span class='ocrx_word' id='word_1_152' title='bbox 693 1148 967 1179; x_wconf 89' lang='lat' dir='ltr'>excelentissime</span> <span class='ocrx_word' id='word_1_153' title='bbox 994 1147 1168 1188; x_wconf 78' lang='lat' dir='ltr'>Princeps,</span> <span class='ocrx_word' id='word_1_154' title='bbox 1195 1151 1225 1179; x_wconf 87' lang='lat' dir='ltr'>et</span> <span class='ocrx_word' id='word_1_155' title='bbox 1251 1148 1385 1179; x_wconf 90' lang='lat' dir='ltr'>domine</span> <span class='ocrx_word' id='word_1_156' title='bbox 1412 1148 1546 1179; x_wconf 90' lang='lat' dir='ltr'>domine</span> <span class='ocrx_word' id='word_1_157' title='bbox 1573 1149 1614 1179; x_wconf 90' lang='lat' dir='ltr'>mi</span> <span class='ocrx_word' id='word_1_158' title='bbox 1643 1149 1929 1180; x_wconf 89' lang='lat' dir='ltr'>metuendissime.</span> 
     </span>
    </p>

    <p class='ocr_par' dir='ltr' id='par_1_5' title="bbox 295 1210 2120 2621">
     <span class='ocr_line' id='line_1_16' title="bbox 383 1210 2115 1252; baseline -0.001 -9"><span class='ocrx_word' id='word_1_159' title='bbox 383 1212 414 1242; x_wconf 91' lang='lat' dir='ltr'>ln</span> <span class='ocrx_word' id='word_1_160' title='bbox 434 1215 463 1243; x_wconf 91' lang='lat' dir='ltr'>et</span> <span class='ocrx_word' id='word_1_161' title='bbox 483 1220 543 1252; x_wconf 89' lang='lat' dir='ltr'>pro</span> <span class='ocrx_word' id='word_1_162' title='bbox 561 1210 789 1251; x_wconf 85' lang='lat' dir='ltr'>exequutione</span> <span class='ocrx_word' id='word_1_163' title='bbox 808 1212 839 1241; x_wconf 88' lang='lat' dir='ltr'>et</span> <span class='ocrx_word' id='word_1_164' title='bbox 857 1219 918 1250; x_wconf 90' lang='lat' dir='ltr'>pro</span> <span class='ocrx_word' id='word_1_165' title='bbox 943 1210 1188 1241; x_wconf 76' lang='lat' dir='ltr'>observacione</span> <span class='ocrx_word' id='word_1_166' title='bbox 1219 1210 1399 1241; x_wconf 90' lang='lat' dir='ltr'>litterarum</span> <span class='ocrx_word' id='word_1_167' title='bbox 1430 1210 1671 1242; x_wconf 86' lang='lat' dir='ltr'>dominationis</span> <span class='ocrx_word' id='word_1_168' title='bbox 1698 1213 1808 1242; x_wconf 86' lang='lat' dir='ltr'>vestre</span> <span class='ocrx_word' id='word_1_169' title='bbox 1836 1211 1934 1242; x_wconf 85' lang='lat' dir='ltr'>michi</span> <span class='ocrx_word' id='word_1_170' title='bbox 1965 1211 2115 1242; x_wconf 90' lang='lat' dir='ltr'>dirrecti-</span> 
     </span>
     <span class='ocr_line' id='line_1_17' title="bbox 295 1271 2113 1313; baseline -0.001 -8"><span class='ocrx_word' id='word_1_171' title='bbox 295 1283 409 1306; x_wconf 88' lang='lat' dir='ltr'>varum</span> <span class='ocrx_word' id='word_1_172' title='bbox 429 1274 581 1305; x_wconf 89' lang='lat' dir='ltr'>datarum</span> <span class='ocrx_word' id='word_1_173' title='bbox 597 1272 783 1304; x_wconf 85' lang='lat' dir='ltr'>Mediolani</span> <span class='ocrx_word' id='word_1_174' title='bbox 800 1272 854 1303; x_wconf 90' lang='lat' dir='ltr'>die</span> <span class='ocrx_word' id='word_1_175' title='bbox 870 1271 956 1312; x_wconf 76' lang='lat' dir='ltr'>xvij</span> <span class='ocrx_word' id='word_1_176' title='bbox 977 1273 1103 1303; x_wconf 87' lang='lat' dir='ltr'>mensis</span> <span class='ocrx_word' id='word_1_177' title='bbox 1123 1271 1248 1312; x_wconf 80' lang='lat' dir='ltr'>Aprilis</span> <span class='ocrx_word' id='word_1_178' title='bbox 1267 1273 1420 1313; x_wconf 87' lang='lat' dir='ltr'>proxime</span> <span class='ocrx_word' id='word_1_179' title='bbox 1436 1273 1594 1313; x_wconf 88' lang='lat' dir='ltr'>preteriti,</span> <span class='ocrx_word' id='word_1_180' title='bbox 1620 1273 1879 1313; x_wconf 89' lang='lat' dir='ltr'>disponencium</span> <span class='ocrx_word' id='word_1_181' title='bbox 1892 1275 1925 1304; x_wconf 90' lang='lat' dir='ltr'>ut</span> <span class='ocrx_word' id='word_1_182' title='bbox 1943 1273 2113 1304; x_wconf 89' lang='lat' dir='ltr'>studerem</span> 
     </span>
     <span class='ocr_line' id='line_1_18' title="bbox 297 1334 2114 1376; baseline -0.001 -9"><span class='ocrx_word' id='word_1_183' title='bbox 297 1346 347 1368; x_wconf 89' lang='lat' dir='ltr'>me</span> <span class='ocrx_word' id='word_1_184' title='bbox 374 1336 564 1376; x_wconf 74' lang='lat' dir='ltr'>dilligenter</span> <span class='ocrx_word' id='word_1_185' title='bbox 605 1335 787 1371; x_wconf 82' lang='lat' dir='ltr'>informari,</span> <span class='ocrx_word' id='word_1_186' title='bbox 821 1335 847 1366; x_wconf 92' lang='lat' dir='ltr'>si</span> <span class='ocrx_word' id='word_1_187' title='bbox 883 1334 1102 1366; x_wconf 88' lang='lat' dir='ltr'>concedendo</span> <span class='ocrx_word' id='word_1_188' title='bbox 1137 1335 1167 1365; x_wconf 89' lang='lat' dir='ltr'>iu</span> <span class='ocrx_word' id='word_1_189' title='bbox 1202 1335 1436 1375; x_wconf 85' lang='lat' dir='ltr'>emphiteosim</span> <span class='ocrx_word' id='word_1_190' title='bbox 1475 1337 1670 1375; x_wconf 86' lang='lat' dir='ltr'>perpetuam</span> <span class='ocrx_word' id='word_1_191' title='bbox 1702 1337 1789 1366; x_wconf 86' lang='lat' dir='ltr'>certa</span> <span class='ocrx_word' id='word_1_192' title='bbox 1817 1335 1903 1366; x_wconf 82' lang='lat' dir='ltr'>bona</span> <span class='ocrx_word' id='word_1_193' title='bbox 1931 1335 2114 1366; x_wconf 88' lang='lat' dir='ltr'>immobilia</span> 
     </span>
     <span class='ocr_line' id='line_1_19' title="bbox 295 1395 2114 1438; baseline -0.001 -8"><span class='ocrx_word' id='word_1_194' title='bbox 295 1401 484 1430; x_wconf 86' lang='lat' dir='ltr'>conventus</span> <span class='ocrx_word' id='word_1_195' title='bbox 503 1399 534 1429; x_wconf 88' lang='lat' dir='ltr'>et</span> <span class='ocrx_word' id='word_1_196' title='bbox 553 1397 695 1429; x_wconf 84' lang='lat' dir='ltr'>ecclesie</span> <span class='ocrx_word' id='word_1_197' title='bbox 714 1397 821 1428; x_wconf 91' lang='lat' dir='ltr'>sancti</span> <span class='ocrx_word' id='word_1_198' title='bbox 841 1396 1020 1437; x_wconf 80' lang='lat' dir='ltr'>Augustini</span> <span class='ocrx_word' id='word_1_199' title='bbox 1037 1397 1211 1437; x_wconf 89' lang='lat' dir='ltr'>papiensis</span> <span class='ocrx_word' id='word_1_200' title='bbox 1230 1395 1368 1429; x_wconf 88' lang='lat' dir='ltr'>Ordinis</span> <span class='ocrx_word' id='word_1_201' title='bbox 1395 1397 1649 1434; x_wconf 86' lang='lat' dir='ltr'>Heremitarum,</span> <span class='ocrx_word' id='word_1_202' title='bbox 1676 1398 1794 1438; x_wconf 88' lang='lat' dir='ltr'>partim</span> <span class='ocrx_word' id='word_1_203' title='bbox 1822 1397 1969 1435; x_wconf 89' lang='lat' dir='ltr'>zerbida,</span> <span class='ocrx_word' id='word_1_204' title='bbox 1995 1398 2114 1438; x_wconf 91' lang='lat' dir='ltr'>partim</span> 
     </span>
     <span class='ocr_line' id='line_1_20' title="bbox 295 1458 2118 1501; baseline -0.001 -9"><span class='ocrx_word' id='word_1_205' title='bbox 295 1461 436 1501; x_wconf 84' lang='lat' dir='ltr'>prativa‚</span> <span class='ocrx_word' id='word_1_206' title='bbox 455 1461 573 1500; x_wconf 88' lang='lat' dir='ltr'>partim</span> <span class='ocrx_word' id='word_1_207' title='bbox 594 1459 758 1491; x_wconf 83' lang='lat' dir='ltr'>buschiva</span> <span class='ocrx_word' id='word_1_208' title='bbox 777 1461 808 1490; x_wconf 92' lang='lat' dir='ltr'>et</span> <span class='ocrx_word' id='word_1_209' title='bbox 826 1459 944 1499; x_wconf 88' lang='lat' dir='ltr'>partim</span> <span class='ocrx_word' id='word_1_210' title='bbox 964 1459 1098 1495; x_wconf 86' lang='lat' dir='ltr'>cultiva,</span> <span class='ocrx_word' id='word_1_211' title='bbox 1119 1459 1229 1499; x_wconf 90' lang='lat' dir='ltr'>posita</span> <span class='ocrx_word' id='word_1_212' title='bbox 1247 1461 1278 1490; x_wconf 91' lang='lat' dir='ltr'>et</span> <span class='ocrx_word' id='word_1_213' title='bbox 1297 1459 1437 1491; x_wconf 87' lang='lat' dir='ltr'>iacentia</span> <span class='ocrx_word' id='word_1_214' title='bbox 1457 1459 1488 1490; x_wconf 92' lang='lat' dir='ltr'>in</span> <span class='ocrx_word' id='word_1_215' title='bbox 1507 1460 1671 1491; x_wconf 88' lang='lat' dir='ltr'>territorio</span> <span class='ocrx_word' id='word_1_216' title='bbox 1690 1458 1871 1491; x_wconf 80' lang='lat' dir='ltr'>Parasaclii</span> <span class='ocrx_word' id='word_1_217' title='bbox 1891 1459 2072 1491; x_wconf 90' lang='lat' dir='ltr'>Lomelline</span> <span class='ocrx_word' id='word_1_218' title='bbox 2087 1461 2118 1491; x_wconf 90' lang='lat' dir='ltr'>et</span> 
     </span>
     <span class='ocr_line' id='line_1_21' title="bbox 298 1519 2119 1562; baseline -0.002 -7"><span class='ocrx_word' id='word_1_219' title='bbox 298 1521 487 1555; x_wconf 82' lang='lat' dir='ltr'>Comitatus</span> <span class='ocrx_word' id='word_1_220' title='bbox 503 1521 616 1562; x_wconf 76' lang='lat' dir='ltr'>Papie‚</span> <span class='ocrx_word' id='word_1_221' title='bbox 637 1521 773 1552; x_wconf 77' lang='lat' dir='ltr'>iohanni</span> <span class='ocrx_word' id='word_1_222' title='bbox 790 1521 896 1552; x_wconf 85' lang='lat' dir='ltr'>Marie</span> <span class='ocrx_word' id='word_1_223' title='bbox 911 1521 952 1552; x_wconf 92' lang='lat' dir='ltr'>de</span> <span class='ocrx_word' id='word_1_224' title='bbox 968 1519 1214 1553; x_wconf 89' lang='lat' dir='ltr'>Carnelevariis</span> <span class='ocrx_word' id='word_1_225' title='bbox 1229 1521 1294 1552; x_wconf 91' lang='lat' dir='ltr'>civi</span> <span class='ocrx_word' id='word_1_226' title='bbox 1310 1522 1476 1562; x_wconf 83' lang='lat' dir='ltr'>papiensi,</span> <span class='ocrx_word' id='word_1_227' title='bbox 1491 1524 1522 1553; x_wconf 93' lang='lat' dir='ltr'>et</span> <span class='ocrx_word' id='word_1_228' title='bbox 1537 1531 1601 1562; x_wconf 91' lang='lat' dir='ltr'>que</span> <span class='ocrx_word' id='word_1_229' title='bbox 1616 1522 1717 1553; x_wconf 88' lang='lat' dir='ltr'>locari</span> <span class='ocrx_word' id='word_1_230' title='bbox 1733 1522 1830 1553; x_wconf 90' lang='lat' dir='ltr'>solita</span> <span class='ocrx_word' id='word_1_231' title='bbox 1843 1524 1919 1553; x_wconf 90' lang='lat' dir='ltr'>sunt</span> <span class='ocrx_word' id='word_1_232' title='bbox 1935 1531 1994 1562; x_wconf 91' lang='lat' dir='ltr'>pro</span> <span class='ocrx_word' id='word_1_233' title='bbox 2008 1530 2119 1553; x_wconf 89' lang='lat' dir='ltr'>annua</span> 
     </span>
     <span class='ocr_line' id='line_1_22' title="bbox 295 1584 2119 1625; baseline -0.001 -9"><span class='ocrx_word' id='word_1_234' title='bbox 295 1586 360 1616; x_wconf 77' lang='lat' dir='ltr'>t‘icti</span> <span class='ocrx_word' id='word_1_235' title='bbox 377 1585 582 1625; x_wconf 86' lang='lat' dir='ltr'>prestatione</span> <span class='ocrx_word' id='word_1_236' title='bbox 609 1584 765 1615; x_wconf 85' lang='lat' dir='ltr'>librarum</span> <span class='ocrx_word' id='word_1_237' title='bbox 782 1584 960 1623; x_wconf 77' lang='lat' dir='ltr'>sexaginta</span> <span class='ocrx_word' id='word_1_238' title='bbox 986 1584 1207 1624; x_wconf 83' lang='lat' dir='ltr'>imperialium</span> <span class='ocrx_word' id='word_1_239' title='bbox 1226 1584 1267 1615; x_wconf 85' lang='lat' dir='ltr'>ad</span> <span class='ocrx_word' id='word_1_240' title='bbox 1288 1584 1375 1624; x_wconf 89' lang='lat' dir='ltr'>plus,</span> <span class='ocrx_word' id='word_1_241' title='bbox 1395 1584 1593 1616; x_wconf 88' lang='lat' dir='ltr'>investitura</span> <span class='ocrx_word' id='word_1_242' title='bbox 1619 1584 1693 1624; x_wconf 93' lang='lat' dir='ltr'>ipsa</span> <span class='ocrx_word' id='word_1_243' title='bbox 1719 1585 1954 1624; x_wconf 81' lang='lat' dir='ltr'>emphiteotica</span> <span class='ocrx_word' id='word_1_244' title='bbox 1973 1584 2070 1616; x_wconf 89' lang='lat' dir='ltr'>cedet</span> <span class='ocrx_word' id='word_1_245' title='bbox 2088 1584 2119 1614; x_wconf 93' lang='lat' dir='ltr'>in</span> 
     </span>
     <span class='ocr_line' id='line_1_23' title="bbox 295 1646 2118 1687; baseline -0.001 -8"><span class='ocrx_word' id='word_1_246' title='bbox 295 1648 484 1679; x_wconf 84' lang='lat' dir='ltr'>evidentem</span> <span class='ocrx_word' id='word_1_247' title='bbox 512 1647 683 1678; x_wconf 86' lang='lat' dir='ltr'>utilitatem</span> <span class='ocrx_word' id='word_1_248' title='bbox 711 1647 798 1677; x_wconf 87' lang='lat' dir='ltr'>dicte</span> <span class='ocrx_word' id='word_1_249' title='bbox 824 1646 966 1677; x_wconf 87' lang='lat' dir='ltr'>ecclesie</span> <span class='ocrx_word' id='word_1_250' title='bbox 993 1648 1023 1677; x_wconf 88' lang='lat' dir='ltr'>et</span> <span class='ocrx_word' id='word_1_251' title='bbox 1061 1649 1259 1683; x_wconf 78' lang='lat' dir='ltr'>conventus,</span> <span class='ocrx_word' id='word_1_252' title='bbox 1298 1646 1349 1678; x_wconf 91' lang='lat' dir='ltr'>vel</span> <span class='ocrx_word' id='word_1_253' title='bbox 1377 1655 1428 1684; x_wconf 86' lang='lat' dir='ltr'>ne,</span> <span class='ocrx_word' id='word_1_254' title='bbox 1455 1647 1496 1678; x_wconf 90' lang='lat' dir='ltr'>de</span> <span class='ocrx_word' id='word_1_255' title='bbox 1522 1656 1642 1687; x_wconf 84' lang='lat' dir='ltr'>eoque,</span> <span class='ocrx_word' id='word_1_256' title='bbox 1668 1647 1758 1686; x_wconf 92' lang='lat' dir='ltr'>quod</span> <span class='ocrx_word' id='word_1_257' title='bbox 1794 1647 1825 1677; x_wconf 93' lang='lat' dir='ltr'>in</span> <span class='ocrx_word' id='word_1_258' title='bbox 1867 1647 2002 1687; x_wconf 83' lang='lat' dir='ltr'>negotio</span> <span class='ocrx_word' id='word_1_259' title='bbox 2043 1647 2118 1686; x_wconf 92' lang='lat' dir='ltr'>ipso</span> 
     </span>
     <span class='ocr_line' id='line_1_24' title="bbox 295 1707 2119 1750; baseline -0.002 -8"><span class='ocrx_word' id='word_1_260' title='bbox 295 1712 501 1750; x_wconf 88' lang='lat' dir='ltr'>compertum</span> <span class='ocrx_word' id='word_1_261' title='bbox 551 1709 710 1745; x_wconf 78' lang='lat' dir='ltr'>habuero,</span> <span class='ocrx_word' id='word_1_262' title='bbox 753 1708 869 1739; x_wconf 90' lang='lat' dir='ltr'>litteris</span> <span class='ocrx_word' id='word_1_263' title='bbox 907 1709 990 1739; x_wconf 92' lang='lat' dir='ltr'>meis</span> <span class='ocrx_word' id='word_1_264' title='bbox 1031 1707 1302 1740; x_wconf 90' lang='lat' dir='ltr'>Dominationem</span> <span class='ocrx_word' id='word_1_265' title='bbox 1357 1708 1509 1740; x_wconf 89' lang='lat' dir='ltr'>Vestram</span> <span class='ocrx_word' id='word_1_266' title='bbox 1551 1717 1609 1740; x_wconf 89' lang='lat' dir='ltr'>seu</span> <span class='ocrx_word' id='word_1_267' title='bbox 1651 1709 1856 1749; x_wconf 89' lang='lat' dir='ltr'>spectabiles</span> <span class='ocrx_word' id='word_1_268' title='bbox 1908 1708 2119 1740; x_wconf 89' lang='lat' dir='ltr'>consiliarios</span> 
     </span>
     <span class='ocr_line' id='line_1_25' title="bbox 296 1770 2117 1809; baseline -0.001 -6"><span class='ocrx_word' id='word_1_269' title='bbox 296 1771 537 1803; x_wconf 90' lang='lat' dir='ltr'>Dominitionis</span> <span class='ocrx_word' id='word_1_270' title='bbox 564 1770 680 1802; x_wconf 89' lang='lat' dir='ltr'>Vestre</span> <span class='ocrx_word' id='word_1_271' title='bbox 700 1771 831 1802; x_wconf 90' lang='lat' dir='ltr'>iusticie</span> <span class='ocrx_word' id='word_1_272' title='bbox 859 1770 946 1801; x_wconf 91' lang='lat' dir='ltr'>illico</span> <span class='ocrx_word' id='word_1_273' title='bbox 973 1771 1131 1802; x_wconf 87' lang='lat' dir='ltr'>certiores</span> <span class='ocrx_word' id='word_1_274' title='bbox 1151 1771 1335 1809; x_wconf 86' lang='lat' dir='ltr'>redderem,</span> <span class='ocrx_word' id='word_1_275' title='bbox 1355 1771 1595 1803; x_wconf 87' lang='lat' dir='ltr'>conscientiam</span> <span class='ocrx_word' id='word_1_276' title='bbox 1629 1780 1735 1802; x_wconf 91' lang='lat' dir='ltr'>meam</span> <span class='ocrx_word' id='word_1_277' title='bbox 1762 1771 1955 1802; x_wconf 89' lang='lat' dir='ltr'>onerando:</span> <span class='ocrx_word' id='word_1_278' title='bbox 2005 1771 2117 1802; x_wconf 87' lang='lat' dir='ltr'>studui</span> 
     </span>
     <span class='ocr_line' id='line_1_26' title="bbox 297 1833 2117 1874; baseline -0.001 -9"><span class='ocrx_word' id='word_1_279' title='bbox 297 1834 557 1865; x_wconf 81' lang='lat' dir='ltr'>informaciones</span> <span class='ocrx_word' id='word_1_280' title='bbox 601 1841 774 1864; x_wconf 86' lang='lat' dir='ltr'>assumere</span> <span class='ocrx_word' id='word_1_281' title='bbox 816 1833 1005 1873; x_wconf 80' lang='lat' dir='ltr'>dilligenter</span> <span class='ocrx_word' id='word_1_282' title='bbox 1045 1835 1075 1864; x_wconf 92' lang='lat' dir='ltr'>et</span> <span class='ocrx_word' id='word_1_283' title='bbox 1116 1833 1200 1873; x_wconf 87' lang='lat' dir='ltr'>ipsis</span> <span class='ocrx_word' id='word_1_284' title='bbox 1241 1834 1427 1874; x_wconf 88' lang='lat' dir='ltr'>assumptis</span> <span class='ocrx_word' id='word_1_285' title='bbox 1468 1834 1638 1874; x_wconf 92' lang='lat' dir='ltr'>comperui</span> <span class='ocrx_word' id='word_1_286' title='bbox 1688 1834 1777 1873; x_wconf 89' lang='lat' dir='ltr'>quod</span> <span class='ocrx_word' id='word_1_287' title='bbox 1820 1833 2036 1873; x_wconf 90' lang='lat' dir='ltr'>procedendo</span> <span class='ocrx_word' id='word_1_288' title='bbox 2076 1833 2117 1864; x_wconf 90' lang='lat' dir='ltr'>ad</span> 
     </span>
     <span class='ocr_line' id='line_1_27' title="bbox 296 1894 2119 1935; baseline -0.001 -7"><span class='ocrx_word' id='word_1_289' title='bbox 296 1897 417 1928; x_wconf 89' lang='lat' dir='ltr'>dictam</span> <span class='ocrx_word' id='word_1_290' title='bbox 438 1896 670 1927; x_wconf 88' lang='lat' dir='ltr'>investituram</span> <span class='ocrx_word' id='word_1_291' title='bbox 690 1898 887 1935; x_wconf 88' lang='lat' dir='ltr'>perpetuam</span> <span class='ocrx_word' id='word_1_292' title='bbox 914 1895 1058 1927; x_wconf 75' lang='lat' dir='ltr'>fiendam</span> <span class='ocrx_word' id='word_1_293' title='bbox 1078 1895 1109 1926; x_wconf 91' lang='lat' dir='ltr'>in</span> <span class='ocrx_word' id='word_1_294' title='bbox 1129 1896 1253 1926; x_wconf 87' lang='lat' dir='ltr'>dictum</span> <span class='ocrx_word' id='word_1_295' title='bbox 1281 1895 1436 1927; x_wconf 77' lang='lat' dir='ltr'>lolianem</span> <span class='ocrx_word' id='word_1_296' title='bbox 1463 1896 1604 1927; x_wconf 86' lang='lat' dir='ltr'>Mariam</span> <span class='ocrx_word' id='word_1_297' title='bbox 1632 1896 1673 1927; x_wconf 93' lang='lat' dir='ltr'>de</span> <span class='ocrx_word' id='word_1_298' title='bbox 1699 1894 1948 1927; x_wconf 85' lang='lat' dir='ltr'>Carnelevariis</span> <span class='ocrx_word' id='word_1_299' title='bbox 1963 1896 2004 1926; x_wconf 92' lang='lat' dir='ltr'>de</span> <span class='ocrx_word' id='word_1_300' title='bbox 2019 1895 2119 1927; x_wconf 91' lang='lat' dir='ltr'>dictis</span> 
     </span>
     <span class='ocr_line' id='line_1_28' title="bbox 299 1956 2118 1999; baseline 0 -10"><span class='ocrx_word' id='word_1_301' title='bbox 299 1959 396 1990; x_wconf 88' lang='lat' dir='ltr'>bonis</span> <span class='ocrx_word' id='word_1_302' title='bbox 438 1957 667 1989; x_wconf 88' lang='lat' dir='ltr'>immobilibus</span> <span class='ocrx_word' id='word_1_303' title='bbox 707 1958 796 1989; x_wconf 90' lang='lat' dir='ltr'>dicte</span> <span class='ocrx_word' id='word_1_304' title='bbox 837 1957 980 1989; x_wconf 86' lang='lat' dir='ltr'>ecclesie</span> <span class='ocrx_word' id='word_1_305' title='bbox 1020 1960 1050 1989; x_wconf 93' lang='lat' dir='ltr'>et</span> <span class='ocrx_word' id='word_1_306' title='bbox 1076 1960 1264 1989; x_wconf 90' lang='lat' dir='ltr'>conventus</span> <span class='ocrx_word' id='word_1_307' title='bbox 1291 1956 1403 1990; x_wconf 87' lang='lat' dir='ltr'>Sancti</span> <span class='ocrx_word' id='word_1_308' title='bbox 1447 1958 1638 1999; x_wconf 78' lang='lat' dir='ltr'>Augustini,</span> <span class='ocrx_word' id='word_1_309' title='bbox 1673 1967 1733 1998; x_wconf 89' lang='lat' dir='ltr'>pro</span> <span class='ocrx_word' id='word_1_310' title='bbox 1770 1958 1859 1989; x_wconf 89' lang='lat' dir='ltr'>dicta</span> <span class='ocrx_word' id='word_1_311' title='bbox 1900 1967 2011 1989; x_wconf 89' lang='lat' dir='ltr'>annua</span> <span class='ocrx_word' id='word_1_312' title='bbox 2052 1958 2118 1989; x_wconf 77' lang='lat' dir='ltr'>ficti</span> 
     </span>
     <span class='ocr_line' id='line_1_29' title="bbox 298 2020 2117 2061; baseline -0.001 -9"><span class='ocrx_word' id='word_1_313' title='bbox 298 2021 510 2061; x_wconf 85' lang='lat' dir='ltr'>prestacione</span> <span class='ocrx_word' id='word_1_314' title='bbox 552 2020 709 2051; x_wconf 88' lang='lat' dir='ltr'>librarum</span> <span class='ocrx_word' id='word_1_315' title='bbox 752 2020 929 2060; x_wconf 83' lang='lat' dir='ltr'>sexaginta</span> <span class='ocrx_word' id='word_1_316' title='bbox 964 2020 1197 2060; x_wconf 84' lang='lat' dir='ltr'>imperialium,</span> <span class='ocrx_word' id='word_1_317' title='bbox 1231 2020 1329 2052; x_wconf 92' lang='lat' dir='ltr'>cedet</span> <span class='ocrx_word' id='word_1_318' title='bbox 1347 2021 1378 2051; x_wconf 91' lang='lat' dir='ltr'>in</span> <span class='ocrx_word' id='word_1_319' title='bbox 1411 2021 1701 2052; x_wconf 90' lang='lat' dir='ltr'>evidentissimam</span> <span class='ocrx_word' id='word_1_320' title='bbox 1741 2020 1915 2051; x_wconf 89' lang='lat' dir='ltr'>utilitatem</span> <span class='ocrx_word' id='word_1_321' title='bbox 1950 2020 2117 2051; x_wconf 91' lang='lat' dir='ltr'>dictorum</span> 
     </span>
     <span class='ocr_line' id='line_1_30' title="bbox 299 2083 2118 2123; baseline -0.001 -8"><span class='ocrx_word' id='word_1_322' title='bbox 299 2083 446 2115; x_wconf 79' lang='lat' dir='ltr'>Fratrum</span> <span class='ocrx_word' id='word_1_323' title='bbox 474 2085 503 2114; x_wconf 92' lang='lat' dir='ltr'>et</span> <span class='ocrx_word' id='word_1_324' title='bbox 537 2084 725 2114; x_wconf 82' lang='lat' dir='ltr'>conventus</span> <span class='ocrx_word' id='word_1_325' title='bbox 751 2091 1054 2123; x_wconf 88' lang='lat' dir='ltr'>successorumque</span> <span class='ocrx_word' id='word_1_326' title='bbox 1091 2092 1215 2120; x_wconf 89' lang='lat' dir='ltr'>eorum,</span> <span class='ocrx_word' id='word_1_327' title='bbox 1243 2083 1387 2114; x_wconf 86' lang='lat' dir='ltr'>maxime</span> <span class='ocrx_word' id='word_1_328' title='bbox 1412 2085 1538 2114; x_wconf 88' lang='lat' dir='ltr'>attento</span> <span class='ocrx_word' id='word_1_329' title='bbox 1563 2083 1653 2123; x_wconf 91' lang='lat' dir='ltr'>quod</span> <span class='ocrx_word' id='word_1_330' title='bbox 1681 2092 1740 2123; x_wconf 90' lang='lat' dir='ltr'>pro</span> <span class='ocrx_word' id='word_1_331' title='bbox 1766 2083 1881 2114; x_wconf 89' lang='lat' dir='ltr'>maiori</span> <span class='ocrx_word' id='word_1_332' title='bbox 1914 2085 2006 2123; x_wconf 89' lang='lat' dir='ltr'>parte</span> <span class='ocrx_word' id='word_1_333' title='bbox 2032 2083 2118 2114; x_wconf 92' lang='lat' dir='ltr'>dicte</span> 
     </span>
     <span class='ocr_line' id='line_1_31' title="bbox 297 2144 2118 2186; baseline 0 -11"><span class='ocrx_word' id='word_1_334' title='bbox 297 2146 521 2186; x_wconf 87' lang='lat' dir='ltr'>proprietates</span> <span class='ocrx_word' id='word_1_335' title='bbox 561 2147 638 2175; x_wconf 90' lang='lat' dir='ltr'>sunt</span> <span class='ocrx_word' id='word_1_336' title='bbox 665 2144 798 2176; x_wconf 91' lang='lat' dir='ltr'>inutiles</span> <span class='ocrx_word' id='word_1_337' title='bbox 825 2147 855 2176; x_wconf 93' lang='lat' dir='ltr'>et</span> <span class='ocrx_word' id='word_1_338' title='bbox 882 2145 1026 2182; x_wconf 89' lang='lat' dir='ltr'>zerbide,</span> <span class='ocrx_word' id='word_1_339' title='bbox 1052 2146 1083 2176; x_wconf 90' lang='lat' dir='ltr'>et</span> <span class='ocrx_word' id='word_1_340' title='bbox 1110 2145 1172 2176; x_wconf 90' lang='lat' dir='ltr'>nisi</span> <span class='ocrx_word' id='word_1_341' title='bbox 1211 2145 1321 2176; x_wconf 90' lang='lat' dir='ltr'>dictus</span> <span class='ocrx_word' id='word_1_342' title='bbox 1348 2145 1513 2176; x_wconf 81' lang='lat' dir='ltr'>Iohannes</span> <span class='ocrx_word' id='word_1_343' title='bbox 1539 2145 1647 2177; x_wconf 88' lang='lat' dir='ltr'>Maria</span> <span class='ocrx_word' id='word_1_344' title='bbox 1679 2145 1816 2176; x_wconf 83' lang='lat' dir='ltr'>haberet</span> <span class='ocrx_word' id='word_1_345' title='bbox 1842 2145 1928 2176; x_wconf 87' lang='lat' dir='ltr'>viam</span> <span class='ocrx_word' id='word_1_346' title='bbox 1956 2145 2118 2185; x_wconf 89' lang='lat' dir='ltr'>possendi</span> 
     </span>
     <span class='ocr_line' id='line_1_32' title="bbox 299 2207 2119 2248; baseline -0.001 -9"><span class='ocrx_word' id='word_1_347' title='bbox 299 2208 434 2248; x_wconf 76' lang='lat' dir='ltr'>irrigare</span> <span class='ocrx_word' id='word_1_348' title='bbox 454 2210 580 2247; x_wconf 89' lang='lat' dir='ltr'>partem</span> <span class='ocrx_word' id='word_1_349' title='bbox 607 2216 648 2238; x_wconf 92' lang='lat' dir='ltr'>ex</span> <span class='ocrx_word' id='word_1_350' title='bbox 676 2207 761 2247; x_wconf 89' lang='lat' dir='ltr'>ipsis</span> <span class='ocrx_word' id='word_1_351' title='bbox 787 2207 1062 2247; x_wconf 81' lang='lat' dir='ltr'>proprietatibuS,</span> <span class='ocrx_word' id='word_1_352' title='bbox 1089 2210 1186 2248; x_wconf 88' lang='lat' dir='ltr'>prout</span> <span class='ocrx_word' id='word_1_353' title='bbox 1213 2208 1354 2238; x_wconf 91' lang='lat' dir='ltr'>intendit</span> <span class='ocrx_word' id='word_1_354' title='bbox 1379 2208 1406 2238; x_wconf 93' lang='lat' dir='ltr'>si</span> <span class='ocrx_word' id='word_1_355' title='bbox 1434 2208 1565 2248; x_wconf 91' lang='lat' dir='ltr'>poterit,</span> <span class='ocrx_word' id='word_1_356' title='bbox 1593 2217 1657 2238; x_wconf 90' lang='lat' dir='ltr'>non</span> <span class='ocrx_word' id='word_1_357' title='bbox 1684 2210 1800 2247; x_wconf 89' lang='lat' dir='ltr'>posset</span> <span class='ocrx_word' id='word_1_358' title='bbox 1826 2207 1958 2238; x_wconf 89' lang='lat' dir='ltr'>solvere</span> <span class='ocrx_word' id='word_1_359' title='bbox 1984 2207 2119 2248; x_wconf 86' lang='lat' dir='ltr'>singulo</span> 
     </span>
     <span class='ocr_line' id='line_1_33' title="bbox 299 2269 2119 2309; baseline 0 -9"><span class='ocrx_word' id='word_1_360' title='bbox 299 2279 387 2301; x_wconf 87' lang='lat' dir='ltr'>anno</span> <span class='ocrx_word' id='word_1_361' title='bbox 412 2272 539 2300; x_wconf 89' lang='lat' dir='ltr'>tantum</span> <span class='ocrx_word' id='word_1_362' title='bbox 565 2269 687 2305; x_wconf 79' lang='lat' dir='ltr'>fictum,</span> <span class='ocrx_word' id='word_1_363' title='bbox 714 2271 744 2299; x_wconf 91' lang='lat' dir='ltr'>et</span> <span class='ocrx_word' id='word_1_364' title='bbox 770 2269 979 2309; x_wconf 91' lang='lat' dir='ltr'>temporibus</span> <span class='ocrx_word' id='word_1_365' title='bbox 1006 2270 1178 2300; x_wconf 89' lang='lat' dir='ltr'>retroactis</span> <span class='ocrx_word' id='word_1_366' title='bbox 1203 2270 1282 2301; x_wconf 92' lang='lat' dir='ltr'>dicti</span> <span class='ocrx_word' id='word_1_367' title='bbox 1321 2269 1451 2301; x_wconf 83' lang='lat' dir='ltr'>Fratres</span> <span class='ocrx_word' id='word_1_368' title='bbox 1488 2269 1571 2301; x_wconf 87' lang='lat' dir='ltr'>ultra</span> <span class='ocrx_word' id='word_1_369' title='bbox 1597 2270 1719 2301; x_wconf 89' lang='lat' dir='ltr'>dictam</span> <span class='ocrx_word' id='word_1_370' title='bbox 1761 2278 1924 2300; x_wconf 90' lang='lat' dir='ltr'>summam</span> <span class='ocrx_word' id='word_1_371' title='bbox 1962 2269 2119 2300; x_wconf 89' lang='lat' dir='ltr'>librarum</span> 
     </span>
     <span class='ocr_line' id='line_1_34' title="bbox 301 2322 2118 2372; baseline 0.001 -10"><span class='ocrx_word' id='word_1_372' title='bbox 301 2332 477 2371; x_wconf 82' lang='lat' dir='ltr'>sexaginta</span> <span class='ocrx_word' id='word_1_373' title='bbox 504 2331 724 2372; x_wconf 89' lang='lat' dir='ltr'>imperialium</span> <span class='ocrx_word' id='word_1_374' title='bbox 751 2331 792 2362; x_wconf 93' lang='lat' dir='ltr'>de</span> <span class='ocrx_word' id='word_1_375' title='bbox 817 2331 894 2362; x_wconf 78' lang='lat' dir='ltr'>ficto</span> <span class='ocrx_word' id='word_1_376' title='bbox 927 2331 1062 2372; x_wconf 87' lang='lat' dir='ltr'>singulo</span> <span class='ocrx_word' id='word_1_377' title='bbox 1099 2340 1187 2363; x_wconf 86' lang='lat' dir='ltr'>anno</span> <span class='ocrx_word' id='word_1_378' title='bbox 1226 2341 1290 2363; x_wconf 91' lang='lat' dir='ltr'>non</span> <span class='ocrx_word' id='word_1_379' title='bbox 1329 2334 1572 2372; x_wconf 88' lang='lat' dir='ltr'>perceperunt.</span> <span class='ocrx_word' id='word_1_380' title='bbox 1611 2331 1681 2362; x_wconf 82' lang='lat' dir='ltr'>Hoc</span> <span class='ocrx_word' id='word_1_381' title='bbox 1719 2322 1805 2362; x_wconf 92' lang='lat' dir='ltr'>enim</span> <span class='ocrx_word' id='word_1_382' title='bbox 1844 2331 1964 2363; x_wconf 83' lang='lat' dir='ltr'>reffero</span> <span class='ocrx_word' id='word_1_383' title='bbox 2001 2332 2118 2363; x_wconf 91' lang='lat' dir='ltr'>illustri</span> 
     </span>
     <span class='ocr_line' id='line_1_35' title="bbox 301 2393 2120 2434; baseline 0 -10"><span class='ocrx_word' id='word_1_384' title='bbox 301 2393 534 2424; x_wconf 86' lang='lat' dir='ltr'>Dominacioni</span> <span class='ocrx_word' id='word_1_385' title='bbox 570 2393 687 2424; x_wconf 90' lang='lat' dir='ltr'>Vestre</span> <span class='ocrx_word' id='word_1_386' title='bbox 730 2396 763 2424; x_wconf 91' lang='lat' dir='ltr'>ut</span> <span class='ocrx_word' id='word_1_387' title='bbox 804 2394 986 2433; x_wconf 87' lang='lat' dir='ltr'>superinde</span> <span class='ocrx_word' id='word_1_388' title='bbox 1024 2394 1202 2434; x_wconf 90' lang='lat' dir='ltr'>providere</span> <span class='ocrx_word' id='word_1_389' title='bbox 1241 2394 1350 2425; x_wconf 91' lang='lat' dir='ltr'>valeat</span> <span class='ocrx_word' id='word_1_390' title='bbox 1388 2394 1467 2434; x_wconf 93' lang='lat' dir='ltr'>quid</span> <span class='ocrx_word' id='word_1_391' title='bbox 1506 2396 1768 2425; x_wconf 87' lang='lat' dir='ltr'>consentaneum</span> <span class='ocrx_word' id='word_1_392' title='bbox 1806 2394 1947 2431; x_wconf 84' lang='lat' dir='ltr'>videtur,</span> <span class='ocrx_word' id='word_1_393' title='bbox 1978 2395 2029 2425; x_wconf 89' lang='lat' dir='ltr'>cui</span> <span class='ocrx_word' id='word_1_394' title='bbox 2069 2403 2120 2425; x_wconf 91' lang='lat' dir='ltr'>me</span> 
     </span>
     <span class='ocr_line' id='line_1_36' title="bbox 301 2454 2117 2496; baseline 0.001 -10"><span class='ocrx_word' id='word_1_395' title='bbox 301 2456 468 2486; x_wconf 86' lang='lat' dir='ltr'>humiliter</span> <span class='ocrx_word' id='word_1_396' title='bbox 494 2456 709 2486; x_wconf 87' lang='lat' dir='ltr'>recommitto.</span> <span class='ocrx_word' id='word_1_397' title='bbox 737 2455 786 2486; x_wconf 80' lang='lat' dir='ltr'>Ex</span> <span class='ocrx_word' id='word_1_398' title='bbox 815 2455 929 2496; x_wconf 77' lang='lat' dir='ltr'>Papia,</span> <span class='ocrx_word' id='word_1_399' title='bbox 977 2456 1030 2487; x_wconf 90' lang='lat' dir='ltr'>die</span> <span class='ocrx_word' id='word_1_400' title='bbox 1073 2456 1188 2487; x_wconf 91' lang='lat' dir='ltr'>ultimo</span> <span class='ocrx_word' id='word_1_401' title='bbox 1230 2456 1324 2494; x_wconf 90' lang='lat' dir='ltr'>Iullii,</span> <span class='ocrx_word' id='word_1_402' title='bbox 1352 2454 1640 2496; x_wconf 84' lang='lat' dir='ltr'>MCCCCLXXlJ,</span> <span class='ocrx_word' id='word_1_403' title='bbox 1675 2455 1833 2487; x_wconf 82' lang='lat' dir='ltr'>Eiusdem</span> <span class='ocrx_word' id='word_1_404' title='bbox 1869 2455 2117 2488; x_wconf 87' lang='lat' dir='ltr'>Dominationis</span> 
     </span>
     <span class='ocr_line' id='line_1_37' title="bbox 304 2517 2118 2555; baseline 0.001 -7"><span class='ocrx_word' id='word_1_405' title='bbox 304 2517 419 2548; x_wconf 91' lang='lat' dir='ltr'>Vestre</span> <span class='ocrx_word' id='word_1_406' title='bbox 445 2517 664 2549; x_wconf 79' lang='lat' dir='ltr'>fidelissimus</span> <span class='ocrx_word' id='word_1_407' title='bbox 690 2518 730 2548; x_wconf 88' lang='lat' dir='ltr'>ad</span> <span class='ocrx_word' id='word_1_408' title='bbox 759 2517 865 2549; x_wconf 88' lang='lat' dir='ltr'>Deum</span> <span class='ocrx_word' id='word_1_409' title='bbox 892 2520 1004 2549; x_wconf 87' lang='lat' dir='ltr'>orator</span> <span class='ocrx_word' id='word_1_410' title='bbox 1029 2517 1260 2550; x_wconf 80' lang='lat' dir='ltr'>Christoforus</span> <span class='ocrx_word' id='word_1_411' title='bbox 1287 2517 1430 2549; x_wconf 80' lang='lat' dir='ltr'>Pratella</span> <span class='ocrx_word' id='word_1_412' title='bbox 1456 2518 1665 2549; x_wconf 91' lang='lat' dir='ltr'>decretorum</span> <span class='ocrx_word' id='word_1_413' title='bbox 1685 2518 1812 2555; x_wconf 90' lang='lat' dir='ltr'>doctor,</span> <span class='ocrx_word' id='word_1_414' title='bbox 1847 2518 2118 2550; x_wconf 89' lang='lat' dir='ltr'>reverendissimi</span> 
     </span>
     <span class='ocr_line' id='line_1_38' title="bbox 303 2578 1691 2621; baseline 0.001 -11"><span class='ocrx_word' id='word_1_415' title='bbox 303 2579 428 2610; x_wconf 89' lang='lat' dir='ltr'>domini</span> <span class='ocrx_word' id='word_1_416' title='bbox 455 2580 581 2610; x_wconf 83' lang='lat' dir='ltr'>domini</span> <span class='ocrx_word' id='word_1_417' title='bbox 609 2578 799 2611; x_wconf 87' lang='lat' dir='ltr'>Cardinalis</span> <span class='ocrx_word' id='word_1_418' title='bbox 827 2581 1001 2620; x_wconf 90' lang='lat' dir='ltr'>papiensis</span> <span class='ocrx_word' id='word_1_419' title='bbox 1029 2580 1261 2612; x_wconf 88' lang='lat' dir='ltr'>locumtenens</span> <span class='ocrx_word' id='word_1_420' title='bbox 1287 2583 1318 2612; x_wconf 87' lang='lat' dir='ltr'>et</span> <span class='ocrx_word' id='word_1_421' title='bbox 1344 2580 1489 2611; x_wconf 87' lang='lat' dir='ltr'>vicarius</span> <span class='ocrx_word' id='word_1_422' title='bbox 1515 2580 1691 2621; x_wconf 73' lang='lat' dir='ltr'>generalis</span> 
     </span>
    </p>

    <p class='ocr_par' dir='ltr' id='par_1_6' title="bbox 304 2641 2119 2743">
     <span class='ocr_line' id='line_1_39' title="bbox 391 2641 2119 2683; baseline 0.001 -11"><span class='ocrx_word' id='word_1_423' title='bbox 391 2641 416 2672; x_wconf 86' lang='grc' dir='ltr'><strong><em>Α</em></strong></span> <span class='ocrx_word' id='word_1_424' title='bbox 445 2643 533 2679; x_wconf 60' lang='lat' dir='ltr'>temo</span> <span class='ocrx_word' id='word_1_425' title='bbox 552 2651 562 2672; x_wconf 86' lang='lat'>.·</span> <span class='ocrx_word' id='word_1_426' title='bbox 589 2641 818 2673; x_wconf 86' lang='lat' dir='ltr'>illustrissimo</span> <span class='ocrx_word' id='word_1_427' title='bbox 845 2644 875 2673; x_wconf 90' lang='lat' dir='ltr'>et</span> <span class='ocrx_word' id='word_1_428' title='bbox 901 2643 1189 2674; x_wconf 89' lang='lat' dir='ltr'>excellentissimo</span> <span class='ocrx_word' id='word_1_429' title='bbox 1208 2643 1351 2683; x_wconf 86' lang='lat' dir='ltr'>principi</span> <span class='ocrx_word' id='word_1_430' title='bbox 1378 2643 1514 2674; x_wconf 90' lang='lat' dir='ltr'>domino</span> <span class='ocrx_word' id='word_1_431' title='bbox 1532 2642 1669 2673; x_wconf 90' lang='lat' dir='ltr'>domino</span> <span class='ocrx_word' id='word_1_432' title='bbox 1688 2641 1771 2674; x_wconf 82' lang='lat' dir='ltr'>Duci</span> <span class='ocrx_word' id='word_1_433' title='bbox 1792 2642 1988 2681; x_wconf 83' lang='lat' dir='ltr'>Mediolani,</span> <span class='ocrx_word' id='word_1_434' title='bbox 2015 2642 2119 2683; x_wconf 81' lang='lat' dir='ltr'>Papie</span> 
     </span>
     <span class='ocr_line' id='line_1_40' title="bbox 304 2701 1862 2743; baseline 0.002 -10"><span class='ocrx_word' id='word_1_435' title='bbox 304 2703 529 2743; x_wconf 86' lang='lat' dir='ltr'>Anglerieque</span> <span class='ocrx_word' id='word_1_436' title='bbox 555 2701 676 2734; x_wconf 87' lang='lat' dir='ltr'>Comiti</span> <span class='ocrx_word' id='word_1_437' title='bbox 703 2712 741 2734; x_wconf 88' lang='lat' dir='ltr'>ac</span> <span class='ocrx_word' id='word_1_438' title='bbox 768 2703 867 2735; x_wconf 84' lang='lat' dir='ltr'>Ianne</span> <span class='ocrx_word' id='word_1_439' title='bbox 893 2707 923 2735; x_wconf 91' lang='lat' dir='ltr'>et</span> <span class='ocrx_word' id='word_1_440' title='bbox 949 2703 1116 2736; x_wconf 91' lang='lat' dir='ltr'>Cremone</span> <span class='ocrx_word' id='word_1_441' title='bbox 1142 2703 1298 2742; x_wconf 90' lang='lat' dir='ltr'>Domino,</span> <span class='ocrx_word' id='word_1_442' title='bbox 1325 2705 1461 2736; x_wconf 89' lang='lat' dir='ltr'>domino</span> <span class='ocrx_word' id='word_1_443' title='bbox 1487 2713 1550 2736; x_wconf 89' lang='lat' dir='ltr'>suo</span> <span class='ocrx_word' id='word_1_444' title='bbox 1576 2705 1862 2736; x_wconf 83' lang='lat' dir='ltr'>metuendissimo.</span> 
     </span>
    </p>

    <p class='ocr_par' dir='ltr' id='par_1_7' title="bbox 305 2762 2119 3115">
     <span class='ocr_line' id='line_1_41' title="bbox 393 2762 2119 2807; baseline 0.002 -12"><span class='ocrx_word' id='word_1_445' title='bbox 393 2762 685 2804; x_wconf 88' lang='lat' dir='ltr'>Consideratoque</span> <span class='ocrx_word' id='word_1_446' title='bbox 712 2766 925 2805; x_wconf 87' lang='lat' dir='ltr'>potissimum</span> <span class='ocrx_word' id='word_1_447' title='bbox 952 2767 1042 2806; x_wconf 91' lang='lat' dir='ltr'>quod</span> <span class='ocrx_word' id='word_1_448' title='bbox 1070 2766 1178 2798; x_wconf 83' lang='lat' dir='ltr'>futura</span> <span class='ocrx_word' id='word_1_449' title='bbox 1207 2767 1328 2798; x_wconf 85' lang='lat' dir='ltr'>locatio</span> <span class='ocrx_word' id='word_1_450' title='bbox 1355 2767 1518 2798; x_wconf 86' lang='lat' dir='ltr'>bonorum</span> <span class='ocrx_word' id='word_1_451' title='bbox 1545 2767 1851 2807; x_wconf 87' lang='lat' dir='ltr'>suprascriptorum</span> <span class='ocrx_word' id='word_1_452' title='bbox 1879 2768 1909 2798; x_wconf 92' lang='lat' dir='ltr'>in</span> <span class='ocrx_word' id='word_1_453' title='bbox 1936 2767 2119 2799; x_wconf 89' lang='lat' dir='ltr'>evidentis—</span> 
     </span>
     <span class='ocr_line' id='line_1_42' title="bbox 305 2826 2118 2869; baseline 0.002 -12"><span class='ocrx_word' id='word_1_454' title='bbox 305 2827 422 2858; x_wconf 89' lang='lat' dir='ltr'>simam</span> <span class='ocrx_word' id='word_1_455' title='bbox 450 2826 622 2857; x_wconf 88' lang='lat' dir='ltr'>utilitatem</span> <span class='ocrx_word' id='word_1_456' title='bbox 650 2827 879 2867; x_wconf 87' lang='lat' dir='ltr'>suprascripte</span> <span class='ocrx_word' id='word_1_457' title='bbox 897 2828 1040 2859; x_wconf 89' lang='lat' dir='ltr'>ecclesie</span> <span class='ocrx_word' id='word_1_458' title='bbox 1058 2828 1154 2860; x_wconf 93' lang='lat' dir='ltr'>cedet</span> <span class='ocrx_word' id='word_1_459' title='bbox 1168 2831 1198 2860; x_wconf 90' lang='lat' dir='ltr'>et</span> <span class='ocrx_word' id='word_1_460' title='bbox 1213 2829 1303 2869; x_wconf 85' lang='lat' dir='ltr'>quod</span> <span class='ocrx_word' id='word_1_461' title='bbox 1324 2837 1385 2860; x_wconf 90' lang='lat' dir='ltr'>nos</span> <span class='ocrx_word' id='word_1_462' title='bbox 1404 2829 1566 2860; x_wconf 89' lang='lat' dir='ltr'>bonorum</span> <span class='ocrx_word' id='word_1_463' title='bbox 1597 2829 1901 2860; x_wconf 88' lang='lat' dir='ltr'>ecclesiasticorum</span> <span class='ocrx_word' id='word_1_464' title='bbox 1932 2829 2118 2861; x_wconf 91' lang='lat' dir='ltr'>commodis</span> 
     </span>
     <span class='ocr_line' id='line_1_43' title="bbox 305 2888 2117 2931; baseline 0.001 -11"><span class='ocrx_word' id='word_1_465' title='bbox 305 2891 337 2920; x_wconf 89' lang='lat' dir='ltr'>et</span> <span class='ocrx_word' id='word_1_466' title='bbox 379 2888 509 2919; x_wconf 90' lang='lat' dir='ltr'>utilitati</span> <span class='ocrx_word' id='word_1_467' title='bbox 551 2888 733 2918; x_wconf 89' lang='lat' dir='ltr'>admodum</span> <span class='ocrx_word' id='word_1_468' title='bbox 775 2889 913 2928; x_wconf 91' lang='lat' dir='ltr'>proclivi</span> <span class='ocrx_word' id='word_1_469' title='bbox 956 2898 1093 2927; x_wconf 88' lang='lat' dir='ltr'>sumus,</span> <span class='ocrx_word' id='word_1_470' title='bbox 1135 2890 1250 2921; x_wconf 86' lang='lat' dir='ltr'>harum</span> <span class='ocrx_word' id='word_1_471' title='bbox 1291 2891 1376 2922; x_wconf 90' lang='lat' dir='ltr'>serie</span> <span class='ocrx_word' id='word_1_472' title='bbox 1417 2890 1636 2921; x_wconf 88' lang='lat' dir='ltr'>concedimus</span> <span class='ocrx_word' id='word_1_473' title='bbox 1676 2893 1706 2921; x_wconf 92' lang='lat' dir='ltr'>et</span> <span class='ocrx_word' id='word_1_474' title='bbox 1747 2891 1986 2931; x_wconf 89' lang='lat' dir='ltr'>dispensamus</span> <span class='ocrx_word' id='word_1_475' title='bbox 2027 2890 2117 2931; x_wconf 92' lang='lat' dir='ltr'>quod</span> 
     </span>
     <span class='ocr_line' id='line_1_44' title="bbox 305 2950 2118 2992; baseline 0.002 -12"><span class='ocrx_word' id='word_1_476' title='bbox 305 2950 538 2991; x_wconf 89' lang='lat' dir='ltr'>supplicantes</span> <span class='ocrx_word' id='word_1_477' title='bbox 564 2950 627 2989; x_wconf 88' lang='lat' dir='ltr'>ipsi</span> <span class='ocrx_word' id='word_1_478' title='bbox 655 2950 787 2990; x_wconf 90' lang='lat' dir='ltr'>possint</span> <span class='ocrx_word' id='word_1_479' title='bbox 814 2951 996 2990; x_wconf 90' lang='lat' dir='ltr'>procedere</span> <span class='ocrx_word' id='word_1_480' title='bbox 1022 2952 1063 2982; x_wconf 88' lang='lat' dir='ltr'>ad</span> <span class='ocrx_word' id='word_1_481' title='bbox 1091 2952 1356 2992; x_wconf 87' lang='lat' dir='ltr'>suprascriptam</span> <span class='ocrx_word' id='word_1_482' title='bbox 1384 2952 1614 2983; x_wconf 88' lang='lat' dir='ltr'>investituram</span> <span class='ocrx_word' id='word_1_483' title='bbox 1649 2953 1918 2992; x_wconf 81' lang='lat' dir='ltr'>emphiteoticam</span> <span class='ocrx_word' id='word_1_484' title='bbox 1952 2952 1993 2984; x_wconf 90' lang='lat' dir='ltr'>de</span> <span class='ocrx_word' id='word_1_485' title='bbox 2020 2952 2118 2984; x_wconf 91' lang='lat' dir='ltr'>bonis</span> 
     </span>
     <span class='ocr_line' id='line_1_45' title="bbox 305 3013 2118 3054; baseline 0.001 -10"><span class='ocrx_word' id='word_1_486' title='bbox 305 3013 547 3053; x_wconf 87' lang='lat' dir='ltr'>suprascriptis</span> <span class='ocrx_word' id='word_1_487' title='bbox 573 3020 633 3052; x_wconf 88' lang='lat' dir='ltr'>pro</span> <span class='ocrx_word' id='word_1_488' title='bbox 659 3020 788 3043; x_wconf 89' lang='lat' dir='ltr'>canone</span> <span class='ocrx_word' id='word_1_489' title='bbox 814 3015 844 3043; x_wconf 93' lang='lat' dir='ltr'>et</span> <span class='ocrx_word' id='word_1_490' title='bbox 871 3021 945 3044; x_wconf 93' lang='lat' dir='ltr'>cum</span> <span class='ocrx_word' id='word_1_491' title='bbox 973 3014 1080 3053; x_wconf 87' lang='lat' dir='ltr'>pactis</span> <span class='ocrx_word' id='word_1_492' title='bbox 1108 3014 1190 3044; x_wconf 93' lang='lat' dir='ltr'>inter</span> <span class='ocrx_word' id='word_1_493' title='bbox 1217 3016 1328 3053; x_wconf 89' lang='lat' dir='ltr'>partes</span> <span class='ocrx_word' id='word_1_494' title='bbox 1355 3013 1444 3044; x_wconf 93' lang='lat' dir='ltr'>initis</span> <span class='ocrx_word' id='word_1_495' title='bbox 1469 3015 1499 3044; x_wconf 87' lang='lat' dir='ltr'>et</span> <span class='ocrx_word' id='word_1_496' title='bbox 1525 3013 1713 3052; x_wconf 90' lang='lat' dir='ltr'>celebratis,</span> <span class='ocrx_word' id='word_1_497' title='bbox 1740 3014 1949 3054; x_wconf 89' lang='lat' dir='ltr'>quilibetque</span> <span class='ocrx_word' id='word_1_498' title='bbox 1968 3014 2118 3046; x_wconf 88' lang='lat' dir='ltr'>notarius</span> 
     </span>
     <span class='ocr_line' id='line_1_46' title="bbox 307 3074 2117 3115; baseline 0.001 -9"><span class='ocrx_word' id='word_1_499' title='bbox 307 3075 450 3106; x_wconf 88' lang='lat' dir='ltr'>idoneus</span> <span class='ocrx_word' id='word_1_500' title='bbox 475 3075 594 3114; x_wconf 88' lang='lat' dir='ltr'>possit,</span> <span class='ocrx_word' id='word_1_501' title='bbox 622 3074 862 3114; x_wconf 88' lang='lat' dir='ltr'>premissorum</span> <span class='ocrx_word' id='word_1_502' title='bbox 893 3075 1082 3113; x_wconf 91' lang='lat' dir='ltr'>occasione,</span> <span class='ocrx_word' id='word_1_503' title='bbox 1113 3084 1325 3115; x_wconf 89' lang='lat' dir='ltr'>quecumque</span> <span class='ocrx_word' id='word_1_504' title='bbox 1351 3077 1541 3115; x_wconf 87' lang='lat' dir='ltr'>opportuna</span> <span class='ocrx_word' id='word_1_505' title='bbox 1567 3076 1729 3107; x_wconf 89' lang='lat' dir='ltr'>conficere</span> <span class='ocrx_word' id='word_1_506' title='bbox 1756 3076 1975 3108; x_wconf 88' lang='lat' dir='ltr'>instrumenta</span> <span class='ocrx_word' id='word_1_507' title='bbox 2005 3085 2043 3108; x_wconf 87' lang='lat' dir='ltr'>ac</span> <span class='ocrx_word' id='word_1_508' title='bbox 2068 3076 2117 3108; x_wconf 89' lang='lat' dir='ltr'>eis</span> 
     </span>
    </p>
   </div>
  </div>
 </body>
</html>
