2347 3444
339 187 381 220 64

338 326 425 366 legat
452 330 528 366 post
555 327 683 358 finitum
711 327 897 367 predictum
928 325 1170 357 usumfructum
1197 325 1275 356 dicti
1303 325 1428 355 domini
1450 323 1617 362 lobannis,
1637 326 1891 364 possessionem
1910 326 1951 357 de
1971 326 2149 358 Mezanino

333 397 432 428 quain
461 389 533 429 ipsa
560 390 695 420 domina
721 390 873 420 testatrix
903 389 1012 425 liabet,
1040 391 1126 419 tenet
1152 390 1182 418 ct
1210 387 1361 426 possidet
1389 387 1419 416 in
1447 384 1656 418 Sicliomario
1683 386 1830 427 Papie....
1857 388 1994 419 domino
2020 389 2150 429 presbi-

332 453 402 481 tero
428 448 607 482 Gunitorto
633 454 663 482 et
690 450 884 483 Conradino
923 450 1081 481 fratribus
1107 449 1147 480 de
1174 448 1413 479 Brancliazolis
1451 448 1528 479 tiliis
1565 449 1735 488 quondam
1762 449 1887 480 domini
1916 449 2036 487 lambi,
2073 459 2148 481 cum

332 522 431 544 onere
458 513 670 554 infrascripto
697 514 865 547 videlicet.
892 513 981 552 quod
1011 512 1073 552 ipsi
1100 511 1220 542 fratres
1246 513 1421 542 teneantur
1446 513 1476 542 et
1501 511 1646 542 debeant
1672 511 1751 542 dare
1777 520 1815 543 ac
1842 512 1974 543 solvere
2012 512 2147 553 singulo

330 583 418 605 anno
444 576 584 606 ecclesie
610 579 725 606 sancte
752 575 924 605 Mustiolle
952 574 1055 613 l'apie
1082 576 1112 604 ct
1139 573 1297 604 tratribus
1323 582 1360 604 ac
1388 573 1568 604 conventui
1597 573 1704 613 ipsius
1733 574 1888 611 ecciesie,
1906 574 2053 606 florenos
2071 577 2148 606 octo

331 641 462 668 monete
489 637 596 673 solite,
623 637 664 668 ad
691 639 885 676 computum
914 636 1085 666 soldorum
1113 634 1230 675 XXXlJ
1257 634 1478 675 imperialium
1506 644 1566 675 pro
1592 635 1726 675 singulo
1759 635 1897 673 floreno,
1924 639 1984 667 etc.

1180 783 1296 823 CCI.

417 893 611 929 Quietanza
638 892 821 920 rilasciata
848 892 891 920 da
918 892 1007 920 frate
1034 892 1190 920 Eusebio
1216 892 1379 928 Leggieri
1406 892 1642 920 procuratore
1668 892 1703 920 di
1729 893 1764 921 S.
1791 892 1978 928 Agostino.

964 996 1118 1027 1:338,
1150 996 1432 1027 §enin-uio,
1463 996 1516 1021 9.

858 1093 934 1117 (Arcli.
953 1093 1032 1114 Notar.
1049 1094 1070 1114 di
1089 1093 1166 1115 Pavia.
1184 1105 1206 1107 ἡ
1224 1093 1270 1114 Atti
1287 1093 1309 1114 di
1325 1093 1481 1115 Giacomazzo
1498 1094 1613 1115 Sedazzi:

399 1278 535 1395 M
570 1296 821 1331 CCCCXXXVHJ,
848 1292 1029 1323 indictione
1056 1292 1173 1331 prima,
1199 1292 1253 1323 die
1281 1301 1370 1323 nono
1407 1292 1534 1323 mensis
1572 1292 1741 1330 februarii,
1779 1293 1859 1324 hora
1892 1293 2080 1324 terciarum.
2109 1292 2141 1324 ln

382 1335 418 1394 Α
591 1354 746 1386 citadella
774 1354 888 1394 Papie,
915 1354 1071 1385 videlicet
1097 1354 1127 1385 in
1156 1354 1332 1386 refectorio
1369 1354 1505 1386 fratrum
1543 1355 1650 1386 sancti
1690 1354 1869 1395 Augustini
1898 1355 1927 1385 in
1956 1355 2017 1386 mei
2054 1354 2145 1386 laco—

455 1452 470 1453 ?
591 1417 687 1448 macii
714 1417 754 1448 de
780 1415 932 1448 Sedaciis
950 1414 1001 1456 (l)
1027 1417 1144 1448 notarii
1182 1417 1369 1457 presencia,
1407 1417 1507 1449 trater
1533 1416 1707 1448 Euxebius
1744 1417 1785 1448 de
1820 1417 1967 1457 Legeriis
2005 1416 2142 1449 Ordinis

323 1480 429 1511 sancti
468 1478 659 1520 Augustini,
697 1479 851 1510 sindicus
877 1481 908 1510 et
934 1481 1132 1519 procurator
1168 1477 1368 1511 Conventus
1394 1481 1425 1511 et
1450 1479 1586 1511 fratrum
1624 1479 1730 1511 sancti
1759 1478 1938 1520 Augustini
1966 1480 2140 1520 papiensis

320 1550 411 1572 come
436 1543 550 1572 consta
587 1542 630 1572 da
667 1542 789 1573 [strom.
827 1541 861 1572 di
891 1550 1032 1582 procura
1069 1545 1185 1581 rogato
1211 1542 1245 1573 αι’
1272 1542 1312 1573 14
1336 1542 1472 1582 maggio
1501 1542 1593 1577 1424,
1628 1541 1790 1573 imiizione
1816 1542 1852 1580 ll,
1878 1542 1922 1573 cla
1955 1542 2138 1573 Francesco

320 1603 477 1639 Belbello,
504 1603 652 1635 dislziarci
678 1604 815 1635 ricevere
852 1604 910 1635 dai
936 1603 1066 1644 fratelli
1100 1604 1277 1635 Accorsino
1303 1613 1320 1635 e
1344 1604 1513 1635 Damiano
1546 1603 1696 1635 Elscossi
1712 1603 1828 1644 fiort'ni
1848 1604 1895 1635 22
1913 1612 1975 1644 per
1996 1602 2138 1644 l'affitto

321 1666 356 1696 cli·
380 1675 422 1697 im
448 1674 534 1697 (ιηηο
560 1667 683 1706 spirato
709 1666 744 1697 ιιΙ
771 1667 785 1697 I
809 1667 954 1706 gennaio
975 1668 1125 1706 passam,
1141 1675 1202 1706 per
1216 1668 1299 1697 cente
1324 1675 1400 1697 case
1425 1675 1441 1697 e
1466 1666 1618 1706 botteglze
1643 1667 1674 1698 in
1696 1668 1793 1707 porta
1811 1666 1971 1706 Marenga
1997 1667 2028 1698 in
2054 1665 2139 1697 Par-

319 1728 448 1759 rocclzia
474 1728 524 1759 ἄρ’
541 1727 600 1760 SS.
619 1728 786 1759 Damiano
812 1737 828 1759 e
853 1727 1004 1762 Romano
1022 1737 1039 1759 e
1052 1737 1111 1769 per
1127 1737 1192 1760 una
1219 1729 1318 1769 vt'gna
1343 1729 1378 1760 cii
1399 1729 1444 1761 28
1463 1728 1607 1769 ρειτίεΙιε
1632 1729 1663 1760 in
1689 1737 1877 1769 campagna
1895 1728 1930 1760 di
1946 1728 2064 1766 Ρανία,
2084 1728 2139 1759 ubi

320 1790 441 1822 dicitur
467 1791 497 1821 in
524 1789 669 1822 Basilica
696 1789 826 1821 Bononi
845 1787 906 1830 (2).

1158 1922 1301 1963 CCII.

411 2032 461 2059 La
488 2031 636 2067 Signora
663 2031 879 2068 Margherita
898 2031 1044 2060 Garaldi
1071 2031 1126 2060 del
1151 2031 1237 2059 terz'
1255 2031 1386 2060 Ordine
1413 2031 1636 2067 agostiniano
1662 2031 1782 2067 elegge
1807 2030 1841 2059 la
1867 2039 1930 2059 sua
1957 2030 2137 2067 sepoltura

320 2084 354 2112 in
381 2085 415 2113 S.
443 2084 631 2120 Agostino.

968 2163 1123 2193 1438,
1153 2170 1258 2188 ιῙἋεῑ
1264 2163 1410 2195 ggio,
1438 2163 1490 2187 3.

873 2251 949 2274 (Arcli.
968 2251 1047 2272 Notar.
1064 2251 1085 2271 di
1103 2251 1173 2272 Pavia
1189 2262 1213 2264 —
1231 2251 1277 2272 Atti
1295 2251 1316 2272 di
1332 2251 1446 2277 Agostino
1462 2251 1588 2272 ssaracciiii.

424 2436 471 2551 I
561 2454 583 2480 Ν
610 2448 726 2489 Papia,
753 2449 783 2480 in
810 2449 969 2480 domibus
1003 2450 1033 2480 et
1070 2449 1236 2480 caminata
1273 2449 1395 2480 domus
1433 2448 1658 2480 habitacionis
1694 2447 1904 2478 dominarum
1942 2445 2138 2488 Congrega-

582 2512 690 2542 cionis
716 2514 746 2542 et
774 2511 919 2543 Unitatis
945 2511 1079 2542 domine
1106 2511 1278 2542 Mabeline
1305 2511 1346 2542 de
1374 2510 1497 2552 Burgo,
1528 2510 1602 2542 sitis
1629 2510 1659 2541 in
1686 2509 1785 2541 Porta
1819 2508 1986 2548 Damiani,
2014 2509 2045 2540 in
2071 2508 2135 2540 Pa-

583 2575 694 2605 rocliia
733 2573 764 2606 S.
793 2574 949 2605 Iohannis
987 2574 1018 2604 in
1057 2573 1179 2614 Burgo.
1218 2573 1471 2605 Testamentum
1509 2572 1643 2603 domine
1681 2571 1863 2612 Margarite
1897 2571 1938 2602 de
1972 2569 2130 2603 Garaldis

321 2637 365 2677 tq.
404 2637 560 2668 Bertolini
600 2646 724 2667 moram
763 2637 924 2668 trahentis
962 2637 992 2667 in
1020 2635 1187 2668 Societate
1224 2638 1256 2668 et
1292 2635 1424 2668 Unione
1461 2635 1670 2666 dominarum
1712 2634 1846 2665 domine
1883 2633 2054 2665 Mabeline
2091 2633 2132 2665 de

319 2699 431 2740 Burgo
449 2697 509 2738 (3),
537 2700 567 2729 in
596 2698 759 2730 Parocliia
785 2697 817 2730 S.
846 2698 1003 2730 lobannis
1030 2699 1060 2729 in
1088 2698 1200 2738 Burgo
1226 2697 1330 2738 Papie
1335 2723 1395 2729 ......
1423 2697 1535 2737 ellegit
1553 2696 1760 2737 sepulturam
1780 2705 1875 2727 suam
1893 2696 1935 2727 ad
1955 2695 2132 2727 ecclesiam

375 2856 404 2881 (l)
421 2856 524 2876 Esscndo
540 2856 611 2876 l'atto
627 2858 709 2880 rogato
725 2855 761 2875 dal
777 2855 856 2876 notaio
871 2855 977 2880 Seduni,
994 2855 1198 2875 nell'indicazione
1306 2854 1336 2875 <3³
1352 2853 1476 2874 Mabellina
1492 2853 1520 2873 de
1536 2852 1621 2878 Burgo,
1637 2852 1701 2873 detta
1717 2853 1765 2873 cosi
1782 2852 1818 2873 dal
1841 2853 1904 2873 rionc
1927 2852 1948 2873 di
1971 2852 1993 2873 S.
2017 2852 2129 2874 Giovnnni

323 2902 381 2922 della
397 2901 459 2921 tonte
476 2901 512 2921 noi
528 2901 636 2921 abbiamo
652 2900 717 2920 detto
733 2900 773 2920 che
790 2900 807 2920 si
825 2902 890 2920 trova
906 2899 938 2919 tra
955 2899 983 2924 gli
999 2899 1041 2920 :itti
1058 2899 1117 2924 suoi,
1139 2905 1199 2920 men·
1254 2899 1275 2919 in
1291 2898 1367 2924 Borgo
1383 2898 1404 2918 di
1428 2897 1505 2922 Pavia,
1528 2902 1571 2917 ove
1594 2899 1668 2917 tr-‘tsse
1684 2897 1688 2917 i
1705 2897 1774 2917 natali
1791 2903 1803 2917 e
1818 2897 1888 2922 visse,
1911 2896 1934 2918 tu
1957 2897 1977 2917 la
2001 2896 2129 2917 tondatrice

323 2948 356 2966 tre
372 2946 393 2966 in
410 2945 480 2965 realta
497 2950 537 2970 per
552 2946 714 2970 spostamento
730 2944 741 2964 'c
758 2947 791 2964 tra
808 2944 836 2968 gli
852 2944 894 2964 atti
911 2944 931 2963 di
948 2943 1048 2964 Antonio
1065 2943 1181 2964 Saraceni.
1256 2943 1367 2968 populare
1383 2948 1394 2962 e
1410 2943 1518 2962 venerata
1535 2941 1593 2961 della
1609 2940 1797 2966 congregazione
1808 2941 1837 2961 od
1856 2941 1944 2962 Unione
1959 2940 2018 2962 delle
2033 2940 2128 2966 signore

376 2990 405 3013 (A)
423 2990 451 3010 La
469 2989 566 3010 Basilica
592 2988 679 3009 Bonum
703 2994 747 3008 nun
763 2988 774 3008 ὲ·
791 2988 818 3008 dn
841 2988 987 3008 contondcrsi
1013 2993 1055 3008 con
1081 2987 1199 3008 l'odierno
1255 2987 1290 3008 del
1307 2986 1364 3008 terz'
1380 2985 1465 3006 Ordine
1481 2985 1502 3005 di
1518 2984 1540 3005 S.
1559 2985 1679 3010 Agostino.
1698 2985 1712 3005 ll
1730 2984 1752 3005 Ρ.
1777 2984 1912 3009 Roinualdo,
1936 2985 1977 3005 clie
1999 2984 2083 3006 scrisse
2105 2984 2127 3005 di

323 3034 431 3059 villaggio
448 3033 550 3054 Basclica
567 3033 678 3058 Bologna,
699 3038 763 3053 cume
787 3034 963 3052 comuncmcntc
979 3032 996 3051 si
1013 3031 1042 3056 t;=;
1067 3038 1101 3052 mn
1117 3037 1155 3052 cra
1172 3037 1200 3052 un
1257 3033 1341 3057 questo
1357 3031 1450 3051 lstituto
1465 3030 1555 3053 (Flavia
1572 3029 1646 3055 Papia
1662 3029 1743 3055 Sacra,
1760 3031 1818 3055 part.
1836 3029 1872 3055 111,
1888 3035 1940 3055 pag.
1955 3029 1990 3050 60)
2009 3028 2067 3054 dice,
2089 3033 2128 3054 ap-

323 3079 393 3104 luogo
409 3078 466 3099 nelle
482 3078 599 3099 vicinanze
614 3077 635 3098 di
652 3076 673 3098 S.
692 3076 825 3097 Lsintrancuv
1255 3074 1407 3101 poggiandosi
1423 3074 1443 3095 ai
1461 3073 1603 3094 manuscritti
1620 3073 1655 3094 del
1672 3078 1757 3098 pavese
1778 3073 1844 3094 Bossi
1861 3073 1889 3094 cd
1904 3073 1947 3094 alle
1969 3075 2060 3099 stampe
2082 3072 2128 3093 det-
