<?xml version="1.0" encoding="UTF-8"?>
<!DOCTYPE html PUBLIC "-//W3C//DTD XHTML 1.0 Transitional//EN"
    "http://www.w3.org/TR/xhtml1/DTD/xhtml1-transitional.dtd">
<html xmlns="http://www.w3.org/1999/xhtml" xml:lang="en" lang="en">
 <head>
  <title>
</title>
<meta http-equiv="Content-Type" content="text/html;charset=utf-8" />
  <meta name='ocr-system' content='tesseract 3.04.00' />
  <meta name='ocr-capabilities' content='ocr_page ocr_carea ocr_par ocr_line ocrx_word'/>
</head>
<body>
  <div class='ocr_page' id='page_1' title='image "./codexdiplomaticu02maiouoft_0247.png"; bbox 0 0 2347 3444; ppageno 0'>
   <div class='ocr_carea' id='block_1_1' title="bbox 162 232 1978 770">
    <p class='ocr_par' dir='ltr' id='par_1_1' title="bbox 162 232 1978 770">
     <span class='ocr_line' id='line_1_1' title="bbox 1917 232 1976 264; baseline 0.017 -1"><span class='ocrx_word' id='word_1_1' title='bbox 1917 232 1976 264; x_wconf 87' lang='grc'>197</span> 
     </span>
     <span class='ocr_line' id='line_1_2' title="bbox 165 350 1976 401; baseline 0.008 -20"><span class='ocrx_word' id='word_1_2' title='bbox 165 350 336 382; x_wconf 81' lang='lat' dir='ltr'>discedere</span> <span class='ocrx_word' id='word_1_3' title='bbox 361 353 392 382; x_wconf 91' lang='lat' dir='ltr'>et</span> <span class='ocrx_word' id='word_1_4' title='bbox 417 361 549 392; x_wconf 82' lang='lat' dir='ltr'>parcere</span> <span class='ocrx_word' id='word_1_5' title='bbox 576 353 748 385; x_wconf 80' lang='lat' dir='ltr'>laboribus</span> <span class='ocrx_word' id='word_1_6' title='bbox 773 356 804 386; x_wconf 93' lang='lat' dir='ltr'>et</span> <span class='ocrx_word' id='word_1_7' title='bbox 829 356 989 396; x_wconf 84' lang='lat' dir='ltr'>expensis</span> <span class='ocrx_word' id='word_1_8' title='bbox 1014 358 1044 387; x_wconf 87' lang='lat' dir='ltr'>et</span> <span class='ocrx_word' id='word_1_9' title='bbox 1070 357 1225 397; x_wconf 82' lang='lat' dir='ltr'>precibus</span> <span class='ocrx_word' id='word_1_10' title='bbox 1250 358 1442 397; x_wconf 82' lang='lat' dir='ltr'>amicorum,</span> <span class='ocrx_word' id='word_1_11' title='bbox 1470 360 1555 391; x_wconf 89' lang='lat' dir='ltr'>dicte</span> <span class='ocrx_word' id='word_1_12' title='bbox 1581 364 1691 401; x_wconf 86' lang='lat' dir='ltr'>partes</span> <span class='ocrx_word' id='word_1_13' title='bbox 1696 388 1746 394; x_wconf 92' lang='lat'>.....</span> <span class='ocrx_word' id='word_1_14' title='bbox 1772 364 1976 396; x_wconf 84' lang='lat' dir='ltr'>devenerunt</span> 
     </span>
     <span class='ocr_line' id='line_1_3' title="bbox 165 413 1976 466; baseline 0.008 -22"><span class='ocrx_word' id='word_1_15' title='bbox 165 413 207 444; x_wconf 88' lang='lat' dir='ltr'>ad</span> <span class='ocrx_word' id='word_1_16' title='bbox 234 414 294 445; x_wconf 90' lang='lat' dir='ltr'>has</span> <span class='ocrx_word' id='word_1_17' title='bbox 298 439 348 445; x_wconf 83' lang='lat'>.....</span> <span class='ocrx_word' id='word_1_18' title='bbox 373 415 630 453; x_wconf 82' lang='lat' dir='ltr'>convenciones,</span> <span class='ocrx_word' id='word_1_19' title='bbox 657 416 827 448; x_wconf 88' lang='lat' dir='ltr'>videlicet:</span> <span class='ocrx_word' id='word_1_20' title='bbox 855 415 965 448; x_wconf 80' lang='lat' dir='ltr'>Primo</span> <span class='ocrx_word' id='word_1_21' title='bbox 992 419 1082 458; x_wconf 86' lang='lat' dir='ltr'>quod</span> <span class='ocrx_word' id='word_1_22' title='bbox 1120 421 1230 459; x_wconf 87' lang='lat' dir='ltr'>partes</span> <span class='ocrx_word' id='word_1_23' title='bbox 1267 422 1463 452; x_wconf 88' lang='lat' dir='ltr'>teneauntur</span> <span class='ocrx_word' id='word_1_24' title='bbox 1468 447 1517 453; x_wconf 74' lang='grc'><strong><em>.....</em></strong></span> <span class='ocrx_word' id='word_1_25' title='bbox 1555 424 1746 456; x_wconf 84' lang='lat' dir='ltr'>renunciare</span> <span class='ocrx_word' id='word_1_26' title='bbox 1779 426 1976 466; x_wconf 83' lang='lat' dir='ltr'>cuicumque</span> 
     </span>
     <span class='ocr_line' id='line_1_4' title="bbox 166 475 1978 521; baseline 0.007 -15"><span class='ocrx_word' id='word_1_27' title='bbox 166 475 210 506; x_wconf 90' lang='lat' dir='ltr'>liti</span> <span class='ocrx_word' id='word_1_28' title='bbox 217 501 266 507; x_wconf 89' lang='grc'>.....</span> <span class='ocrx_word' id='word_1_29' title='bbox 292 478 323 507; x_wconf 89' lang='lat' dir='ltr'>et</span> <span class='ocrx_word' id='word_1_30' title='bbox 348 477 391 508; x_wconf 87' lang='lat' dir='ltr'>ita</span> <span class='ocrx_word' id='word_1_31' title='bbox 427 478 660 509; x_wconf 85' lang='lat' dir='ltr'>renunciarunt</span> <span class='ocrx_word' id='word_1_32' title='bbox 686 481 716 510; x_wconf 89' lang='lat' dir='ltr'>et</span> <span class='ocrx_word' id='word_1_33' title='bbox 742 480 945 511; x_wconf 82' lang='lat' dir='ltr'>renunciant.</span> <span class='ocrx_word' id='word_1_34' title='bbox 983 480 1059 512; x_wconf 87' lang='lat' dir='ltr'>ltem</span> <span class='ocrx_word' id='word_1_35' title='bbox 1086 481 1177 521; x_wconf 86' lang='lat' dir='ltr'>quod</span> <span class='ocrx_word' id='word_1_36' title='bbox 1215 482 1323 514; x_wconf 85' lang='lat' dir='ltr'>dictus</span> <span class='ocrx_word' id='word_1_37' title='bbox 1361 482 1554 515; x_wconf 81' lang='lat' dir='ltr'>Stefaninus</span> <span class='ocrx_word' id='word_1_38' title='bbox 1590 487 1739 517; x_wconf 86' lang='lat' dir='ltr'>teneatur</span> <span class='ocrx_word' id='word_1_39' title='bbox 1776 488 1863 519; x_wconf 89' lang='lat' dir='ltr'>dicto</span> <span class='ocrx_word' id='word_1_40' title='bbox 1900 498 1978 519; x_wconf 88' lang='lat' dir='ltr'>con-</span> 
     </span>
     <span class='ocr_line' id='line_1_5' title="bbox 165 538 1976 582; baseline 0.007 -14"><span class='ocrx_word' id='word_1_41' title='bbox 165 539 276 569; x_wconf 87' lang='lat' dir='ltr'>ventui</span> <span class='ocrx_word' id='word_1_42' title='bbox 302 538 474 576; x_wconf 78' lang='lat' dir='ltr'>relassare,</span> <span class='ocrx_word' id='word_1_43' title='bbox 500 540 664 572; x_wconf 89' lang='lat' dir='ltr'>vachuare</span> <span class='ocrx_word' id='word_1_44' title='bbox 670 566 719 572; x_wconf 88' lang='grc'><em>.....</em></span> <span class='ocrx_word' id='word_1_45' title='bbox 746 541 865 572; x_wconf 85' lang='lat' dir='ltr'>dictam</span> <span class='ocrx_word' id='word_1_46' title='bbox 892 542 1027 573; x_wconf 85' lang='lat' dir='ltr'>domurn</span> <span class='ocrx_word' id='word_1_47' title='bbox 1053 545 1083 574; x_wconf 88' lang='lat' dir='ltr'>et</span> <span class='ocrx_word' id='word_1_48' title='bbox 1108 542 1239 574; x_wconf 82' lang='lat' dir='ltr'>furnum</span> <span class='ocrx_word' id='word_1_49' title='bbox 1267 553 1330 575; x_wconf 90' lang='lat' dir='ltr'>una</span> <span class='ocrx_word' id='word_1_50' title='bbox 1356 554 1429 576; x_wconf 86' lang='lat' dir='ltr'>cum</span> <span class='ocrx_word' id='word_1_51' title='bbox 1458 546 1657 578; x_wconf 84' lang='lat' dir='ltr'>utensilibus</span> <span class='ocrx_word' id='word_1_52' title='bbox 1662 573 1712 579; x_wconf 88' lang='grc'><em>.....</em></span> <span class='ocrx_word' id='word_1_53' title='bbox 1742 549 1805 580; x_wconf 86' lang='lat' dir='ltr'>sibi</span> <span class='ocrx_word' id='word_1_54' title='bbox 1825 550 1976 582; x_wconf 89' lang='lat' dir='ltr'>tradditsi</span> 
     </span>
     <span class='ocr_line' id='line_1_6' title="bbox 165 600 1976 649; baseline 0.007 -19"><span class='ocrx_word' id='word_1_55' title='bbox 165 600 195 631; x_wconf 86' lang='lat' dir='ltr'>in</span> <span class='ocrx_word' id='word_1_56' title='bbox 223 601 440 632; x_wconf 88' lang='lat' dir='ltr'>instrumento</span> <span class='ocrx_word' id='word_1_57' title='bbox 467 602 703 634; x_wconf 72' lang='lat' dir='ltr'>investiture.,..</span> <span class='ocrx_word' id='word_1_58' title='bbox 730 603 767 634; x_wconf 83' lang='lat' dir='ltr'>Et</span> <span class='ocrx_word' id='word_1_59' title='bbox 794 604 836 635; x_wconf 90' lang='lat' dir='ltr'>ita</span> <span class='ocrx_word' id='word_1_60' title='bbox 855 605 1057 645; x_wconf 72' lang='lat' dir='ltr'>promittit...</span> <span class='ocrx_word' id='word_1_61' title='bbox 1077 605 1238 637; x_wconf 89' lang='lat' dir='ltr'>relassare</span> <span class='ocrx_word' id='word_1_62' title='bbox 1257 607 1419 638; x_wconf 81' lang='lat' dir='ltr'>vacliuarn</span> <span class='ocrx_word' id='word_1_63' title='bbox 1439 610 1469 639; x_wconf 86' lang='lat' dir='ltr'>et</span> <span class='ocrx_word' id='word_1_64' title='bbox 1486 609 1684 649; x_wconf 87' lang='lat' dir='ltr'>consignare</span> <span class='ocrx_word' id='word_1_65' title='bbox 1705 611 1778 642; x_wconf 85' lang='lat' dir='ltr'>hine</span> <span class='ocrx_word' id='word_1_66' title='bbox 1797 612 1838 642; x_wconf 91' lang='lat' dir='ltr'>ad</span> <span class='ocrx_word' id='word_1_67' title='bbox 1857 612 1976 643; x_wconf 82' lang='lat' dir='ltr'>testum</span> 
     </span>
     <span class='ocr_line' id='line_1_7' title="bbox 163 663 1976 711; baseline 0.007 -18"><span class='ocrx_word' id='word_1_68' title='bbox 163 663 372 703; x_wconf 77' lang='lat' dir='ltr'>carnisprivii</span> <span class='ocrx_word' id='word_1_69' title='bbox 378 689 428 695; x_wconf 87' lang='lat'>.....</span> <span class='ocrx_word' id='word_1_70' title='bbox 454 664 551 695; x_wconf 89' lang='lat' dir='ltr'>dictis</span> <span class='ocrx_word' id='word_1_71' title='bbox 577 665 722 697; x_wconf 83' lang='lat' dir='ltr'>dominis</span> <span class='ocrx_word' id='word_1_72' title='bbox 747 668 777 697; x_wconf 85' lang='lat' dir='ltr'>et</span> <span class='ocrx_word' id='word_1_73' title='bbox 803 667 933 698; x_wconf 89' lang='lat' dir='ltr'>sindico</span> <span class='ocrx_word' id='word_1_74' title='bbox 970 670 1000 699; x_wconf 90' lang='lat' dir='ltr'>et</span> <span class='ocrx_word' id='word_1_75' title='bbox 1032 669 1209 700; x_wconf 87' lang='lat' dir='ltr'>conventui</span> <span class='ocrx_word' id='word_1_76' title='bbox 1216 695 1266 700; x_wconf 92' lang='grc'>.....</span> <span class='ocrx_word' id='word_1_77' title='bbox 1303 670 1427 710; x_wconf 84' lang='lat' dir='ltr'>quibus</span> <span class='ocrx_word' id='word_1_78' title='bbox 1465 672 1625 711; x_wconf 85' lang='lat' dir='ltr'>promittit</span> <span class='ocrx_word' id='word_1_79' title='bbox 1662 673 1737 704; x_wconf 91' lang='lat' dir='ltr'>hinc</span> <span class='ocrx_word' id='word_1_80' title='bbox 1774 674 1815 705; x_wconf 87' lang='lat' dir='ltr'>ad</span> <span class='ocrx_word' id='word_1_81' title='bbox 1854 675 1976 706; x_wconf 85' lang='lat' dir='ltr'>dictum</span> 
     </span>
     <span class='ocr_line' id='line_1_8' title="bbox 162 723 1438 770; baseline 0.006 -15"><span class='ocrx_word' id='word_1_82' title='bbox 162 723 282 756; x_wconf 83' lang='lat' dir='ltr'>festum</span> <span class='ocrx_word' id='word_1_83' title='bbox 309 725 440 756; x_wconf 88' lang='lat' dir='ltr'>solvere</span> <span class='ocrx_word' id='word_1_84' title='bbox 465 726 575 757; x_wconf 83' lang='lat' dir='ltr'>fictum</span> <span class='ocrx_word' id='word_1_85' title='bbox 602 729 632 758; x_wconf 88' lang='lat' dir='ltr'>et</span> <span class='ocrx_word' id='word_1_86' title='bbox 657 736 800 768; x_wconf 81' lang='lat' dir='ltr'>coquere</span> <span class='ocrx_word' id='word_1_87' title='bbox 827 738 945 770; x_wconf 86' lang='lat' dir='ltr'>panem</span> <span class='ocrx_word' id='word_1_88' title='bbox 973 739 1031 770; x_wconf 91' lang='lat' dir='ltr'>pro</span> <span class='ocrx_word' id='word_1_89' title='bbox 1058 730 1146 762; x_wconf 91' lang='lat' dir='ltr'>dicto</span> <span class='ocrx_word' id='word_1_90' title='bbox 1171 734 1348 770; x_wconf 90' lang='lat' dir='ltr'>conventu,</span> <span class='ocrx_word' id='word_1_91' title='bbox 1378 734 1438 764; x_wconf 90' lang='lat' dir='ltr'>etc.</span> 
     </span>
    </p>
   </div>
   <div class='ocr_carea' id='block_1_2' title="bbox 900 877 1254 919">
    <p class='ocr_par' dir='ltr' id='par_1_2' title="bbox 900 877 1254 919">
     <span class='ocr_line' id='line_1_9' title="bbox 900 877 1254 919; baseline 0.006 -3"><span class='ocrx_word' id='word_1_92' title='bbox 900 877 1254 919; x_wconf 92' lang='lat' dir='ltr'>CCCXCVIII.</span> 
     </span>
    </p>
   </div>
   <div class='ocr_carea' id='block_1_3' title="bbox 251 982 1636 1023">
    <p class='ocr_par' dir='ltr' id='par_1_3' title="bbox 251 982 1636 1023">
     <span class='ocr_line' id='line_1_10' title="bbox 251 982 1636 1023; baseline 0.007 -14"><span class='ocrx_word' id='word_1_93' title='bbox 251 982 356 1010; x_wconf 85' lang='lat' dir='ltr'>Frate</span> <span class='ocrx_word' id='word_1_94' title='bbox 382 982 567 1010; x_wconf 85' lang='lat' dir='ltr'>Gunisorto</span> <span class='ocrx_word' id='word_1_95' title='bbox 593 983 635 1011; x_wconf 94' lang='lat' dir='ltr'>de</span> <span class='ocrx_word' id='word_1_96' title='bbox 662 984 785 1012; x_wconf 84' lang='lat' dir='ltr'>Rabiis</span> <span class='ocrx_word' id='word_1_97' title='bbox 812 985 927 1014; x_wconf 88' lang='lat' dir='ltr'>riceve</span> <span class='ocrx_word' id='word_1_98' title='bbox 954 986 977 1014; x_wconf 85' lang='lat' dir='ltr'>il</span> <span class='ocrx_word' id='word_1_99' title='bbox 1002 992 1212 1023; x_wconf 81' lang='lat' dir='ltr'>pagamento</span> <span class='ocrx_word' id='word_1_100' title='bbox 1238 988 1273 1017; x_wconf 93' lang='lat' dir='ltr'>di</span> <span class='ocrx_word' id='word_1_101' title='bbox 1298 998 1342 1017; x_wconf 90' lang='lat' dir='ltr'>un</span> <span class='ocrx_word' id='word_1_102' title='bbox 1368 998 1482 1017; x_wconf 86' lang='lat' dir='ltr'>annuo</span> <span class='ocrx_word' id='word_1_103' title='bbox 1508 990 1636 1019; x_wconf 85' lang='lat' dir='ltr'>affitto.</span> 
     </span>
    </p>
   </div>
   <div class='ocr_carea' id='block_1_4' title="bbox 791 1090 1338 1123">
    <p class='ocr_par' dir='ltr' id='par_1_4' title="bbox 791 1090 1338 1123">
     <span class='ocr_line' id='line_1_11' title="bbox 791 1090 1338 1123; baseline 0.009 -10"><span class='ocrx_word' id='word_1_104' title='bbox 791 1090 945 1121; x_wconf 75' lang='lat'>1470,</span> <span class='ocrx_word' id='word_1_105' title='bbox 966 1091 1240 1123; x_wconf 56' lang='lat' dir='ltr'>iel‘›l›2-z=io‚</span> <span class='ocrx_word' id='word_1_106' title='bbox 1262 1093 1338 1118; x_wconf 78' lang='lat'>19.</span> 
     </span>
    </p>
   </div>
   <div class='ocr_carea' id='block_1_5' title="bbox 729 1177 1401 1203">
    <p class='ocr_par' dir='ltr' id='par_1_5' title="bbox 729 1177 1401 1203">
     <span class='ocr_line' id='line_1_12' title="bbox 729 1177 1401 1203; baseline 0.007 -5"><span class='ocrx_word' id='word_1_107' title='bbox 729 1177 806 1201; x_wconf 81' lang='lat' dir='ltr'>(Arch.</span> <span class='ocrx_word' id='word_1_108' title='bbox 824 1178 902 1199; x_wconf 72' lang='lat' dir='ltr'>Notarv</span> <span class='ocrx_word' id='word_1_109' title='bbox 920 1179 941 1199; x_wconf 84' lang='lat' dir='ltr'>dl</span> <span class='ocrx_word' id='word_1_110' title='bbox 959 1178 1029 1199; x_wconf 75' lang='lat' dir='ltr'>Pavia</span> <span class='ocrx_word' id='word_1_111' title='bbox 1045 1190 1069 1193; x_wconf 87' lang='lat'><strong>—</strong></span> <span class='ocrx_word' id='word_1_112' title='bbox 1086 1179 1134 1200; x_wconf 81' lang='lat' dir='ltr'>Atti</span> <span class='ocrx_word' id='word_1_113' title='bbox 1151 1179 1173 1200; x_wconf 78' lang='lat' dir='ltr'>di</span> <span class='ocrx_word' id='word_1_114' title='bbox 1190 1180 1280 1202; x_wconf 77' lang='lat' dir='ltr'>Matteo</span> <span class='ocrx_word' id='word_1_115' title='bbox 1297 1182 1401 1203; x_wconf 69' lang='lat' dir='ltr'>Ferrarii.</span> 
     </span>
    </p>
   </div>
   <div class='ocr_carea' id='block_1_6' title="bbox 401 1414 1978 1483">
    <p class='ocr_par' dir='ltr' id='par_1_6' title="bbox 401 1414 1978 1483">
     <span class='ocr_line' id='line_1_13' title="bbox 401 1414 1978 1483; baseline 0.008 -18"><span class='ocrx_word' id='word_1_116' title='bbox 401 1414 402 1439; x_wconf 18' lang='grc' dir='ltr'><em>Χ</em></span> <span class='ocrx_word' id='word_1_117' title='bbox 430 1436 633 1467; x_wconf 85' lang='lat' dir='ltr'>reverendus</span> <span class='ocrx_word' id='word_1_118' title='bbox 651 1445 743 1468; x_wconf 84' lang='lat' dir='ltr'>sacre</span> <span class='ocrx_word' id='word_1_119' title='bbox 762 1439 882 1478; x_wconf 82' lang='lat' dir='ltr'>pagine</span> <span class='ocrx_word' id='word_1_120' title='bbox 909 1439 1080 1479; x_wconf 81' lang='lat' dir='ltr'>professor</span> <span class='ocrx_word' id='word_1_121' title='bbox 1105 1441 1263 1473; x_wconf 84' lang='lat' dir='ltr'>dominus</span> <span class='ocrx_word' id='word_1_122' title='bbox 1289 1443 1446 1483; x_wconf 85' lang='lat' dir='ltr'>magister</span> <span class='ocrx_word' id='word_1_123' title='bbox 1471 1442 1671 1476; x_wconf 79' lang='lat' dir='ltr'>Gunifortus</span> <span class='ocrx_word' id='word_1_124' title='bbox 1696 1445 1736 1475; x_wconf 88' lang='lat' dir='ltr'>de</span> <span class='ocrx_word' id='word_1_125' title='bbox 1757 1444 1871 1478; x_wconf 75' lang='lat' dir='ltr'>Rabiis</span> <span class='ocrx_word' id='word_1_126' title='bbox 1889 1446 1978 1477; x_wconf 90' lang='lat' dir='ltr'>ordi-</span> 
     </span>
    </p>
   </div>
   <div class='ocr_carea' id='block_1_7' title="bbox 160 1491 1975 1668">
    <p class='ocr_par' dir='ltr' id='par_1_7' title="bbox 160 1491 1975 1668">
     <span class='ocr_line' id='line_1_14' title="bbox 365 1491 1975 1547; baseline 0.006 -19"><span class='ocrx_word' id='word_1_127' title='bbox 365 1491 402 1533; x_wconf 27' lang='grc' dir='ltr'>ἶ]</span> <span class='ocrx_word' id='word_1_128' title='bbox 429 1498 480 1529; x_wconf 91' lang='lat' dir='ltr'>nis</span> <span class='ocrx_word' id='word_1_129' title='bbox 521 1499 625 1530; x_wconf 87' lang='lat' dir='ltr'>sancti</span> <span class='ocrx_word' id='word_1_130' title='bbox 664 1498 841 1540; x_wconf 90' lang='lat' dir='ltr'>Angustini</span> <span class='ocrx_word' id='word_1_131' title='bbox 884 1502 1033 1533; x_wconf 84' lang='lat' dir='ltr'>sindicus</span> <span class='ocrx_word' id='word_1_132' title='bbox 1074 1505 1103 1534; x_wconf 85' lang='lat' dir='ltr'>ct</span> <span class='ocrx_word' id='word_1_133' title='bbox 1130 1507 1323 1544; x_wconf 87' lang='lat' dir='ltr'>procurator</span> <span class='ocrx_word' id='word_1_134' title='bbox 1360 1506 1550 1536; x_wconf 85' lang='lat' dir='ltr'>monasterii</span> <span class='ocrx_word' id='word_1_135' title='bbox 1588 1507 1692 1537; x_wconf 89' lang='lat' dir='ltr'>sancti</span> <span class='ocrx_word' id='word_1_136' title='bbox 1731 1506 1908 1547; x_wconf 82' lang='lat' dir='ltr'>Augustini</span> <span class='ocrx_word' id='word_1_137' title='bbox 1915 1533 1975 1538; x_wconf 92' lang='lat'><em>......</em></span> 
     </span>
     <span class='ocr_line' id='line_1_15' title="bbox 160 1559 1975 1608; baseline 0.006 -18"><span class='ocrx_word' id='word_1_138' title='bbox 160 1559 263 1591; x_wconf 68' lang='lat' dir='ltr'>rI&#39;ceve</span> <span class='ocrx_word' id='word_1_139' title='bbox 287 1560 381 1600; x_wconf 79' lang='lat' dir='ltr'>dagli</span> <span class='ocrx_word' id='word_1_140' title='bbox 415 1560 503 1592; x_wconf 72' lang='lat' dir='ltr'>credi</span> <span class='ocrx_word' id='word_1_141' title='bbox 526 1560 561 1592; x_wconf 78' lang='lat' dir='ltr'>cli</span> <span class='ocrx_word' id='word_1_142' title='bbox 585 1561 794 1593; x_wconf 80' lang='lat' dir='ltr'>Bartolomeo</span> <span class='ocrx_word' id='word_1_143' title='bbox 831 1563 1041 1596; x_wconf 80' lang='lat' dir='ltr'>Ambrosiom&#39;</span> <span class='ocrx_word' id='word_1_144' title='bbox 1064 1565 1096 1596; x_wconf 89' lang='lat' dir='ltr'>L.</span> <span class='ocrx_word' id='word_1_145' title='bbox 1123 1566 1145 1597; x_wconf 87' lang='grc'><em>8</em></span> <span class='ocrx_word' id='word_1_146' title='bbox 1169 1575 1185 1597; x_wconf 84' lang='lat' dir='ltr'>e</span> <span class='ocrx_word' id='word_1_147' title='bbox 1210 1566 1297 1598; x_wconf 66' lang='lat' dir='ltr'>soleii</span> <span class='ocrx_word' id='word_1_148' title='bbox 1324 1567 1364 1599; x_wconf 86' lang='grc'>18</span> <span class='ocrx_word' id='word_1_149' title='bbox 1383 1575 1444 1607; x_wconf 80' lang='lat' dir='ltr'>per</span> <span class='ocrx_word' id='word_1_150' title='bbox 1466 1567 1575 1608; x_wconf 79' lang='lat' dir='ltr'>affitto</span> <span class='ocrx_word' id='word_1_151' title='bbox 1600 1568 1635 1599; x_wconf 73' lang='lat' dir='ltr'>cli</span> <span class='ocrx_word' id='word_1_152' title='bbox 1658 1577 1699 1599; x_wconf 79' lang='lat' dir='ltr'>zm</span> <span class='ocrx_word' id='word_1_153' title='bbox 1725 1577 1811 1600; x_wconf 78' lang='lat' dir='ltr'>anno</span> <span class='ocrx_word' id='word_1_154' title='bbox 1844 1569 1879 1600; x_wconf 73' lang='lat' dir='ltr'>di</span> <span class='ocrx_word' id='word_1_155' title='bbox 1910 1578 1975 1601; x_wconf 77' lang='lat' dir='ltr'>una</span> 
     </span>
     <span class='ocr_line' id='line_1_16' title="bbox 160 1621 1287 1668; baseline 0.006 -15"><span class='ocrx_word' id='word_1_156' title='bbox 160 1630 240 1653; x_wconf 80' lang='lat' dir='ltr'>casa</span> <span class='ocrx_word' id='word_1_157' title='bbox 267 1622 297 1653; x_wconf 82' lang='lat' dir='ltr'>in</span> <span class='ocrx_word' id='word_1_158' title='bbox 322 1622 424 1654; x_wconf 81' lang='lat' dir='ltr'>Porta</span> <span class='ocrx_word' id='word_1_159' title='bbox 450 1622 482 1655; x_wconf 90' lang='lat' dir='ltr'>S.</span> <span class='ocrx_word' id='word_1_160' title='bbox 511 1622 684 1660; x_wconf 68' lang='lat' dir='ltr'>Grovamzi,</span> <span class='ocrx_word' id='word_1_161' title='bbox 713 1621 913 1656; x_wconf 79' lang='lat' dir='ltr'>Parrocclzia</span> <span class='ocrx_word' id='word_1_162' title='bbox 939 1626 973 1657; x_wconf 83' lang='lat' dir='ltr'>a&#39;i</span> <span class='ocrx_word' id='word_1_163' title='bbox 997 1626 1029 1658; x_wconf 86' lang='lat' dir='ltr'>S.</span> <span class='ocrx_word' id='word_1_164' title='bbox 1057 1627 1201 1659; x_wconf 77' lang='lat' dir='ltr'>Lorenzo</span> <span class='ocrx_word' id='word_1_165' title='bbox 1226 1626 1287 1668; x_wconf 88' lang='lat' dir='ltr'>(l).</span> 
     </span>
    </p>
   </div>
   <div class='ocr_carea' id='block_1_8' title="bbox 176 1309 1976 1491">
    <p class='ocr_par' dir='ltr' id='par_1_8' title="bbox 176 1309 1976 1491">
     <span class='ocr_line' id='line_1_17' title="bbox 176 1309 204 1327; baseline 0 -17"><span class='ocrx_word' id='word_1_166' title='bbox 176 1309 204 1327; x_wconf 27' lang='grc' dir='ltr'>,η</span> 
     </span>
     <span class='ocr_line' id='line_1_18' title="bbox 176 1334 1976 1474; baseline 0.008 -73"><span class='ocrx_word' id='word_1_167' title='bbox 176 1334 178 1417; x_wconf 54' lang='lat' dir='ltr'>l,</span> <span class='ocrx_word' id='word_1_168' title='bbox 265 1358 313 1474; x_wconf 86' lang='lat' dir='ltr'>I</span> <span class='ocrx_word' id='word_1_169' title='bbox 400 1361 431 1404; x_wconf 54' lang='lat' dir='ltr'>‘N</span> <span class='ocrx_word' id='word_1_170' title='bbox 456 1372 601 1404; x_wconf 89' lang='lat' dir='ltr'>claustro</span> <span class='ocrx_word' id='word_1_171' title='bbox 628 1376 818 1406; x_wconf 85' lang='lat' dir='ltr'>monasterii</span> <span class='ocrx_word' id='word_1_172' title='bbox 846 1377 950 1407; x_wconf 89' lang='lat' dir='ltr'>sancti</span> <span class='ocrx_word' id='word_1_173' title='bbox 970 1376 1147 1418; x_wconf 82' lang='lat' dir='ltr'>Augustini</span> <span class='ocrx_word' id='word_1_174' title='bbox 1175 1378 1288 1420; x_wconf 85' lang='lat' dir='ltr'>Papie,</span> <span class='ocrx_word' id='word_1_175' title='bbox 1307 1381 1371 1411; x_wconf 89' lang='lat' dir='ltr'>sito</span> <span class='ocrx_word' id='word_1_176' title='bbox 1391 1381 1421 1412; x_wconf 95' lang='lat' dir='ltr'>in</span> <span class='ocrx_word' id='word_1_177' title='bbox 1441 1380 1604 1413; x_wconf 88' lang='lat' dir='ltr'>Citadella</span> <span class='ocrx_word' id='word_1_178' title='bbox 1623 1383 1773 1414; x_wconf 84' lang='lat' dir='ltr'>eiusdem</span> <span class='ocrx_word' id='word_1_179' title='bbox 1799 1384 1976 1415; x_wconf 86' lang='lat' dir='ltr'>civitatis...</span> 
     </span>
     <span class='ocr_line' id='line_1_19' title="bbox 176 1445 177 1462; baseline 0 0"><span class='ocrx_word' id='word_1_180' title='bbox 176 1445 177 1462; x_wconf 85' lang='lat' dir='ltr'>l</span> 
     </span>
     <span class='ocr_line' id='line_1_20' title="bbox 176 1473 177 1491; baseline 0 0"><span class='ocrx_word' id='word_1_181' title='bbox 176 1473 177 1491; x_wconf 85' lang='lat' dir='ltr'>l</span> 
     </span>
    </p>
   </div>
   <div class='ocr_carea' id='block_1_9' title="bbox 188 1531 363 1533">
    <p class='ocr_par' dir='ltr' id='par_1_9' title="bbox 188 1531 363 1533">
     <span class='ocr_line' id='line_1_21' title="bbox 188 1531 363 1533; baseline 0 0"><span class='ocrx_word' id='word_1_182' title='bbox 188 1531 363 1533; x_wconf 95' lang='lat' dir='ltr'> </span> 
     </span>
    </p>
   </div>
   <div class='ocr_carea' id='block_1_10' title="bbox 918 1774 1222 1816">
    <p class='ocr_par' dir='ltr' id='par_1_10' title="bbox 918 1774 1222 1816">
     <span class='ocr_line' id='line_1_22' title="bbox 918 1774 1222 1816; baseline 0.003 -1"><span class='ocrx_word' id='word_1_183' title='bbox 918 1774 1222 1816; x_wconf 88' lang='lat' dir='ltr'>CCCXCIX.</span> 
     </span>
    </p>
   </div>
   <div class='ocr_carea' id='block_1_11' title="bbox 247 1880 1790 1922">
    <p class='ocr_par' dir='ltr' id='par_1_11' title="bbox 247 1880 1790 1922">
     <span class='ocr_line' id='line_1_23' title="bbox 247 1880 1790 1922; baseline 0.005 -14"><span class='ocrx_word' id='word_1_184' title='bbox 247 1881 299 1908; x_wconf 84' lang='lat' dir='ltr'>La</span> <span class='ocrx_word' id='word_1_185' title='bbox 325 1880 511 1910; x_wconf 71' lang='lat' dir='ltr'>Comunita</span> <span class='ocrx_word' id='word_1_186' title='bbox 536 1882 571 1910; x_wconf 91' lang='lat' dir='ltr'>di</span> <span class='ocrx_word' id='word_1_187' title='bbox 598 1883 633 1911; x_wconf 92' lang='lat' dir='ltr'>S.</span> <span class='ocrx_word' id='word_1_188' title='bbox 660 1883 834 1919; x_wconf 87' lang='lat' dir='ltr'>Agostino</span> <span class='ocrx_word' id='word_1_189' title='bbox 861 1884 980 1920; x_wconf 86' lang='lat' dir='ltr'>elegge</span> <span class='ocrx_word' id='word_1_190' title='bbox 1006 1885 1071 1913; x_wconf 88' lang='lat' dir='ltr'>due</span> <span class='ocrx_word' id='word_1_191' title='bbox 1096 1885 1200 1921; x_wconf 84' lang='lat' dir='ltr'>periti</span> <span class='ocrx_word' id='word_1_192' title='bbox 1224 1894 1285 1922; x_wconf 89' lang='lat' dir='ltr'>per</span> <span class='ocrx_word' id='word_1_193' title='bbox 1311 1886 1344 1914; x_wconf 92' lang='lat' dir='ltr'>la</span> <span class='ocrx_word' id='word_1_194' title='bbox 1369 1886 1513 1914; x_wconf 88' lang='lat' dir='ltr'>vendita</span> <span class='ocrx_word' id='word_1_195' title='bbox 1539 1887 1574 1915; x_wconf 92' lang='lat' dir='ltr'>di</span> <span class='ocrx_word' id='word_1_196' title='bbox 1599 1896 1667 1916; x_wconf 87' lang='lat' dir='ltr'>una</span> <span class='ocrx_word' id='word_1_197' title='bbox 1693 1896 1790 1917; x_wconf 84' lang='lat' dir='ltr'>casa.</span> 
     </span>
    </p>
   </div>
   <div class='ocr_carea' id='block_1_12' title="bbox 835 2005 1305 2039">
    <p class='ocr_par' dir='ltr' id='par_1_12' title="bbox 835 2005 1305 2039">
     <span class='ocr_line' id='line_1_24' title="bbox 835 2005 1305 2039; baseline 0.004 -9"><span class='ocrx_word' id='word_1_198' title='bbox 835 2005 974 2030; x_wconf 69' lang='lat' dir='ltr'>147ss</span> <span class='ocrx_word' id='word_1_199' title='bbox 981 2024 989 2037; x_wconf 92' lang='lat'><strong>‚</strong></span> <span class='ocrx_word' id='word_1_200' title='bbox 1018 2007 1202 2038; x_wconf 68' lang='lat' dir='ltr'>aprile</span> <span class='ocrx_word' id='word_1_201' title='bbox 1210 2022 1224 2039; x_wconf 74' lang='lat'>9</span> <span class='ocrx_word' id='word_1_202' title='bbox 1253 2008 1305 2032; x_wconf 75' lang='lat'>6.</span> 
     </span>
    </p>
   </div>
   <div class='ocr_carea' id='block_1_13' title="bbox 629 2093 1498 2117">
    <p class='ocr_par' dir='ltr' id='par_1_13' title="bbox 629 2093 1498 2117">
     <span class='ocr_line' id='line_1_25' title="bbox 629 2093 1498 2117; baseline 0.003 -3"><span class='ocrx_word' id='word_1_203' title='bbox 629 2093 702 2114; x_wconf 69' lang='lat' dir='ltr'>(Arch.</span> <span class='ocrx_word' id='word_1_204' title='bbox 719 2093 800 2114; x_wconf 75' lang='lat' dir='ltr'>Notar.</span> <span class='ocrx_word' id='word_1_205' title='bbox 816 2094 838 2114; x_wconf 86' lang='lat' dir='ltr'>di</span> <span class='ocrx_word' id='word_1_206' title='bbox 856 2093 933 2114; x_wconf 80' lang='lat' dir='ltr'>Pavia.</span> <span class='ocrx_word' id='word_1_207' title='bbox 950 2105 973 2107; x_wconf 82' lang='lat'>—</span> <span class='ocrx_word' id='word_1_208' title='bbox 990 2094 1037 2115; x_wconf 82' lang='lat' dir='ltr'>Atti</span> <span class='ocrx_word' id='word_1_209' title='bbox 1054 2094 1075 2115; x_wconf 88' lang='lat' dir='ltr'>di</span> <span class='ocrx_word' id='word_1_210' title='bbox 1091 2094 1204 2115; x_wconf 81' lang='lat' dir='ltr'>Giovanni</span> <span class='ocrx_word' id='word_1_211' title='bbox 1221 2095 1348 2116; x_wconf 77' lang='lat' dir='ltr'>Francesco</span> <span class='ocrx_word' id='word_1_212' title='bbox 1364 2095 1476 2117; x_wconf 84' lang='lat' dir='ltr'>Canevari</span> <span class='ocrx_word' id='word_1_213' title='bbox 1494 2113 1498 2116; x_wconf 37' lang='lat'><strong>⁴</strong></span> 
     </span>
    </p>
   </div>
   <div class='ocr_carea' id='block_1_14' title="bbox 152 2276 1967 2702">
    <p class='ocr_par' dir='ltr' id='par_1_14' title="bbox 393 2278 1965 2337">
     <span class='ocr_line' id='line_1_26' title="bbox 393 2278 1965 2337; baseline 0.004 -15"><span class='ocrx_word' id='word_1_214' title='bbox 393 2278 423 2322; x_wconf 51' lang='grc' dir='ltr'>ἶΝ</span> <span class='ocrx_word' id='word_1_215' title='bbox 449 2292 600 2323; x_wconf 81' lang='lat' dir='ltr'>sacristia</span> <span class='ocrx_word' id='word_1_216' title='bbox 638 2291 923 2332; x_wconf 83' lang='lat' dir='ltr'>infrascriptorum</span> <span class='ocrx_word' id='word_1_217' title='bbox 962 2292 1172 2323; x_wconf 83' lang='lat' dir='ltr'>dominorum</span> <span class='ocrx_word' id='word_1_218' title='bbox 1201 2292 1347 2324; x_wconf 83' lang='lat' dir='ltr'>Fratrum</span> <span class='ocrx_word' id='word_1_219' title='bbox 1374 2296 1404 2325; x_wconf 91' lang='lat' dir='ltr'>et</span> <span class='ocrx_word' id='word_1_220' title='bbox 1429 2292 1627 2327; x_wconf 83' lang='lat' dir='ltr'>Conventus</span> <span class='ocrx_word' id='word_1_221' title='bbox 1652 2296 1757 2327; x_wconf 87' lang='lat' dir='ltr'>sancti</span> <span class='ocrx_word' id='word_1_222' title='bbox 1786 2295 1965 2337; x_wconf 84' lang='lat' dir='ltr'>Augustini</span> 
     </span>
    </p>

    <p class='ocr_par' dir='ltr' id='par_1_15' title="bbox 257 2276 1967 2398">
     <span class='ocr_line' id='line_1_27' title="bbox 257 2276 1967 2398; baseline 0.004 -14"><span class='ocrx_word' id='word_1_223' title='bbox 257 2276 305 2392; x_wconf 90' lang='grc' dir='ltr'>Ι</span> <span class='ocrx_word' id='word_1_224' title='bbox 392 2356 393 2363; x_wconf 74' lang='grc'>’</span> <span class='ocrx_word' id='word_1_225' title='bbox 422 2353 558 2394; x_wconf 83' lang='lat' dir='ltr'>Papie...</span> <span class='ocrx_word' id='word_1_226' title='bbox 585 2353 800 2386; x_wconf 79' lang='lat' dir='ltr'>Reverendus</span> <span class='ocrx_word' id='word_1_227' title='bbox 824 2353 923 2385; x_wconf 83' lang='lat' dir='ltr'>frater</span> <span class='ocrx_word' id='word_1_228' title='bbox 941 2354 1097 2385; x_wconf 87' lang='lat' dir='ltr'>dominus</span> <span class='ocrx_word' id='word_1_229' title='bbox 1117 2355 1273 2395; x_wconf 85' lang='lat' dir='ltr'>magister</span> <span class='ocrx_word' id='word_1_230' title='bbox 1291 2354 1455 2387; x_wconf 90' lang='lat' dir='ltr'>lohannes</span> <span class='ocrx_word' id='word_1_231' title='bbox 1474 2355 1614 2388; x_wconf 91' lang='lat' dir='ltr'>lacobus</span> <span class='ocrx_word' id='word_1_232' title='bbox 1633 2357 1673 2388; x_wconf 88' lang='lat' dir='ltr'>de</span> <span class='ocrx_word' id='word_1_233' title='bbox 1691 2356 1856 2398; x_wconf 87' lang='lat' dir='ltr'>Campixe</span> <span class='ocrx_word' id='word_1_234' title='bbox 1875 2367 1967 2390; x_wconf 85' lang='lat' dir='ltr'>sacre</span> 
     </span>
    </p>

    <p class='ocr_par' dir='ltr' id='par_1_16' title="bbox 392 2397 1965 2458">
     <span class='ocr_line' id='line_1_28' title="bbox 392 2397 1965 2458; baseline 0.004 -12"><span class='ocrx_word' id='word_1_235' title='bbox 392 2397 393 2408; x_wconf 16' lang='grc' dir='ltr'>γ</span> <span class='ocrx_word' id='word_1_236' title='bbox 420 2416 587 2457; x_wconf 86' lang='lat' dir='ltr'>theologie</span> <span class='ocrx_word' id='word_1_237' title='bbox 613 2415 794 2456; x_wconf 81' lang='lat' dir='ltr'>professor,</span> <span class='ocrx_word' id='word_1_238' title='bbox 822 2415 1042 2447; x_wconf 84' lang='lat' dir='ltr'>Provincialis</span> <span class='ocrx_word' id='word_1_239' title='bbox 1067 2416 1143 2447; x_wconf 89' lang='lat' dir='ltr'>dicti</span> <span class='ocrx_word' id='word_1_240' title='bbox 1171 2415 1309 2448; x_wconf 88' lang='lat' dir='ltr'>Ordinis</span> <span class='ocrx_word' id='word_1_241' title='bbox 1335 2418 1365 2448; x_wconf 90' lang='lat' dir='ltr'>in</span> <span class='ocrx_word' id='word_1_242' title='bbox 1393 2418 1544 2458; x_wconf 88' lang='lat' dir='ltr'>partibus</span> <span class='ocrx_word' id='word_1_243' title='bbox 1581 2419 1789 2457; x_wconf 82' lang='lat' dir='ltr'>Lombardie,</span> <span class='ocrx_word' id='word_1_244' title='bbox 1816 2429 1874 2451; x_wconf 90' lang='lat' dir='ltr'>nec</span> <span class='ocrx_word' id='word_1_245' title='bbox 1901 2430 1965 2452; x_wconf 91' lang='lat' dir='ltr'>non</span> 
     </span>
    </p>

    <p class='ocr_par' dir='ltr' id='par_1_17' title="bbox 152 2477 1966 2702">
     <span class='ocr_line' id='line_1_29' title="bbox 154 2477 1966 2519; baseline 0.003 -10"><span class='ocrx_word' id='word_1_246' title='bbox 154 2478 312 2509; x_wconf 88' lang='lat' dir='ltr'>dominus</span> <span class='ocrx_word' id='word_1_247' title='bbox 336 2477 436 2509; x_wconf 83' lang='lat' dir='ltr'>frater</span> <span class='ocrx_word' id='word_1_248' title='bbox 461 2477 653 2510; x_wconf 88' lang='lat' dir='ltr'>Gualterius</span> <span class='ocrx_word' id='word_1_249' title='bbox 679 2478 719 2509; x_wconf 89' lang='lat' dir='ltr'>de</span> <span class='ocrx_word' id='word_1_250' title='bbox 745 2477 845 2510; x_wconf 89' lang='lat' dir='ltr'>Curte</span> <span class='ocrx_word' id='word_1_251' title='bbox 871 2478 1027 2518; x_wconf 82' lang='lat' dir='ltr'>subprior</span> <span class='ocrx_word' id='word_1_252' title='bbox 1053 2487 1110 2509; x_wconf 90' lang='lat' dir='ltr'>seu</span> <span class='ocrx_word' id='word_1_253' title='bbox 1139 2479 1229 2510; x_wconf 88' lang='lat' dir='ltr'>vices</span> <span class='ocrx_word' id='word_1_254' title='bbox 1265 2488 1384 2519; x_wconf 87' lang='lat' dir='ltr'>gerens</span> <span class='ocrx_word' id='word_1_255' title='bbox 1408 2481 1439 2510; x_wconf 93' lang='lat' dir='ltr'>et</span> <span class='ocrx_word' id='word_1_256' title='bbox 1466 2480 1573 2511; x_wconf 86' lang='lat' dir='ltr'>locum</span> <span class='ocrx_word' id='word_1_257' title='bbox 1611 2483 1727 2513; x_wconf 88' lang='lat' dir='ltr'>tenens</span> <span class='ocrx_word' id='word_1_258' title='bbox 1764 2483 1966 2515; x_wconf 87' lang='lat' dir='ltr'>venerabilis</span> 
     </span>
     <span class='ocr_line' id='line_1_30' title="bbox 153 2528 1965 2584; baseline 0.002 -12"><span class='ocrx_word' id='word_1_259' title='bbox 153 2540 279 2572; x_wconf 89' lang='lat' dir='ltr'>domini</span> <span class='ocrx_word' id='word_1_260' title='bbox 306 2540 416 2572; x_wconf 88' lang='lat' dir='ltr'>fratris</span> <span class='ocrx_word' id='word_1_261' title='bbox 442 2540 599 2572; x_wconf 85' lang='lat' dir='ltr'>Bernardi</span> <span class='ocrx_word' id='word_1_262' title='bbox 626 2541 776 2573; x_wconf 85' lang='lat' dir='ltr'>similiter</span> <span class='ocrx_word' id='word_1_263' title='bbox 802 2550 893 2572; x_wconf 89' lang='lat' dir='ltr'>sacre</span> <span class='ocrx_word' id='word_1_264' title='bbox 919 2541 1086 2581; x_wconf 82' lang='lat' dir='ltr'>theologie</span> <span class='ocrx_word' id='word_1_265' title='bbox 1112 2540 1315 2581; x_wconf 82' lang='lat' dir='ltr'>professoris</span> <span class='ocrx_word' id='word_1_266' title='bbox 1332 2539 1393 2581; x_wconf 86' lang='lat'><strong>(2),</strong></span> <span class='ocrx_word' id='word_1_267' title='bbox 1420 2542 1495 2573; x_wconf 83' lang='lat' dir='ltr'>item</span> <span class='ocrx_word' id='word_1_268' title='bbox 1523 2543 1725 2575; x_wconf 86' lang='lat' dir='ltr'>reverendus</span> <span class='ocrx_word' id='word_1_269' title='bbox 1752 2546 1844 2584; x_wconf 88' lang='lat' dir='ltr'>pater</span> <span class='ocrx_word' id='word_1_270' title='bbox 1873 2528 1965 2576; x_wconf 76' lang='lat' dir='ltr'>sacre</span> 
     </span>
     <span class='ocr_line' id='line_1_31' title="bbox 153 2602 1964 2647; baseline 0.003 -14"><span class='ocrx_word' id='word_1_271' title='bbox 153 2603 320 2644; x_wconf 83' lang='lat' dir='ltr'>theologie</span> <span class='ocrx_word' id='word_1_272' title='bbox 346 2603 503 2644; x_wconf 87' lang='lat' dir='ltr'>magister</span> <span class='ocrx_word' id='word_1_273' title='bbox 528 2603 685 2635; x_wconf 88' lang='lat' dir='ltr'>dorninus</span> <span class='ocrx_word' id='word_1_274' title='bbox 712 2604 868 2644; x_wconf 83' lang='lat' dir='ltr'>magister</span> <span class='ocrx_word' id='word_1_275' title='bbox 894 2603 1122 2634; x_wconf 82' lang='lat' dir='ltr'>Bertolameus</span> <span class='ocrx_word' id='word_1_276' title='bbox 1148 2603 1188 2634; x_wconf 88' lang='lat' dir='ltr'>de</span> <span class='ocrx_word' id='word_1_277' title='bbox 1216 2602 1554 2641; x_wconf 76' lang='lat' dir='ltr'>Fazardis‚d01ni1ms</span> <span class='ocrx_word' id='word_1_278' title='bbox 1580 2606 1737 2645; x_wconf 86' lang='lat' dir='ltr'>magister</span> <span class='ocrx_word' id='word_1_279' title='bbox 1756 2605 1964 2647; x_wconf 87' lang='lat' dir='ltr'>Augustinus</span> 
     </span>
     <span class='ocr_line' id='line_1_32' title="bbox 152 2664 1963 2702; baseline 0.002 -6"><span class='ocrx_word' id='word_1_280' title='bbox 152 2665 193 2696; x_wconf 88' lang='lat' dir='ltr'>de</span> <span class='ocrx_word' id='word_1_281' title='bbox 220 2664 398 2702; x_wconf 79' lang='lat' dir='ltr'>Ranchate,</span> <span class='ocrx_word' id='word_1_282' title='bbox 423 2665 522 2696; x_wconf 86' lang='lat' dir='ltr'>irater</span> <span class='ocrx_word' id='word_1_283' title='bbox 559 2665 741 2697; x_wconf 87' lang='lat' dir='ltr'>ieronimus</span> <span class='ocrx_word' id='word_1_284' title='bbox 766 2666 806 2697; x_wconf 88' lang='lat' dir='ltr'>de</span> <span class='ocrx_word' id='word_1_285' title='bbox 833 2665 1027 2697; x_wconf 85' lang='lat' dir='ltr'>Mediolano</span> <span class='ocrx_word' id='word_1_286' title='bbox 1062 2665 1291 2702; x_wconf 83' lang='lat' dir='ltr'>bachalarius,</span> <span class='ocrx_word' id='word_1_287' title='bbox 1329 2665 1485 2697; x_wconf 88' lang='lat' dir='ltr'>dominus</span> <span class='ocrx_word' id='word_1_288' title='bbox 1522 2666 1620 2698; x_wconf 81' lang='lat' dir='ltr'>irater</span> <span class='ocrx_word' id='word_1_289' title='bbox 1657 2667 1886 2700; x_wconf 84' lang='lat' dir='ltr'>Bertolarneus</span> <span class='ocrx_word' id='word_1_290' title='bbox 1923 2669 1963 2700; x_wconf 86' lang='lat' dir='ltr'>de</span> 
     </span>
    </p>
   </div>
   <div class='ocr_carea' id='block_1_15' title="bbox 152 2823 1958 2939">
    <p class='ocr_par' dir='ltr' id='par_1_18' title="bbox 152 2823 1958 2939">
     <span class='ocr_line' id='line_1_33' title="bbox 206 2823 1958 2850; baseline 0 -5"><span class='ocrx_word' id='word_1_291' title='bbox 206 2826 235 2849; x_wconf 82' lang='grc'>(1)</span> <span class='ocrx_word' id='word_1_292' title='bbox 252 2825 282 2845; x_wconf 85' lang='lat' dir='ltr'>Lo</span> <span class='ocrx_word' id='word_1_293' title='bbox 297 2827 375 2845; x_wconf 84' lang='lat' dir='ltr'>stesso</span> <span class='ocrx_word' id='word_1_294' title='bbox 390 2825 465 2845; x_wconf 78' lang='lat' dir='ltr'>aliitto</span> <span class='ocrx_word' id='word_1_295' title='bbox 481 2825 492 2845; x_wconf 69' lang='grc' dir='ltr'><em>ὲ</em></span> <span class='ocrx_word' id='word_1_296' title='bbox 509 2826 594 2850; x_wconf 66' lang='lat' dir='ltr'>pagato</span> <span class='ocrx_word' id='word_1_297' title='bbox 610 2825 637 2845; x_wconf 83' lang='lat' dir='ltr'>da</span> <span class='ocrx_word' id='word_1_298' title='bbox 654 2824 754 2845; x_wconf 74' lang='lat' dir='ltr'>Sibillinn</span> <span class='ocrx_word' id='word_1_299' title='bbox 772 2825 909 2850; x_wconf 70' lang='lat' dir='ltr'>Oppizzoiu,</span> <span class='ocrx_word' id='word_1_300' title='bbox 935 2823 1022 2843; x_wconf 70' lang='lat' dir='ltr'>vedum</span> <span class='ocrx_word' id='word_1_301' title='bbox 1079 2829 1121 2843; x_wconf 77' lang='lat' dir='ltr'>con</span> <span class='ocrx_word' id='word_1_302' title='bbox 1137 2824 1187 2843; x_wconf 78' lang='lat' dir='ltr'>atto</span> <span class='ocrx_word' id='word_1_303' title='bbox 1203 2823 1263 2843; x_wconf 82' lang='lat' dir='ltr'>dello</span> <span class='ocrx_word' id='word_1_304' title='bbox 1278 2824 1355 2843; x_wconf 81' lang='lat' dir='ltr'>stesso</span> <span class='ocrx_word' id='word_1_305' title='bbox 1372 2824 1465 2847; x_wconf 78' lang='lat' dir='ltr'>notaio:</span> <span class='ocrx_word' id='word_1_306' title='bbox 1481 2829 1493 2844; x_wconf 75' lang='lat' dir='ltr'>a</span> <span class='ocrx_word' id='word_1_307' title='bbox 1509 2823 1567 2844; x_wconf 73' lang='lat' dir='ltr'>irate</span> <span class='ocrx_word' id='word_1_308' title='bbox 1584 2824 1683 2845; x_wconf 70' lang='lat' dir='ltr'>Ramista</span> <span class='ocrx_word' id='word_1_309' title='bbox 1700 2825 1816 2846; x_wconf 74' lang='lat' dir='ltr'>Rancatiil</span> <span class='ocrx_word' id='word_1_310' title='bbox 1827 2827 1839 2847; x_wconf 83' lang='lat'><strong>5</strong></span> <span class='ocrx_word' id='word_1_311' title='bbox 1855 2825 1958 2846; x_wconf 59' lang='lat' dir='ltr'>selibram</span> 
     </span>
     <span class='ocr_line' id='line_1_34' title="bbox 152 2867 1956 2895; baseline 0 -5"><span class='ocrx_word' id='word_1_312' title='bbox 152 2870 173 2890; x_wconf 88' lang='lat' dir='ltr'>di</span> <span class='ocrx_word' id='word_1_313' title='bbox 191 2870 338 2890; x_wconf 80' lang='lat' dir='ltr'>Bartolomeo</span> <span class='ocrx_word' id='word_1_314' title='bbox 354 2869 597 2895; x_wconf 72' lang='lat' dir='ltr'>Ainhrosioni,atraie</span> <span class='ocrx_word' id='word_1_315' title='bbox 609 2869 716 2890; x_wconf 73' lang='lat' dir='ltr'>Ballista</span> <span class='ocrx_word' id='word_1_316' title='bbox 728 2869 755 2890; x_wconf 64' lang='lat' dir='ltr'>‹it-</span> <span class='ocrx_word' id='word_1_317' title='bbox 767 2869 925 2890; x_wconf 72' lang='lat' dir='ltr'>erclmtedi·</span> <span class='ocrx_word' id='word_1_318' title='bbox 936 2868 1027 2889; x_wconf 66' lang='lat' dir='ltr'>Roxillt&#39;</span> <span class='ocrx_word' id='word_1_319' title='bbox 1084 2868 1147 2891; x_wconf 62' lang='lat' dir='ltr'>lli-15:</span> <span class='ocrx_word' id='word_1_320' title='bbox 1173 2873 1184 2887; x_wconf 82' lang='lat' dir='ltr'>u</span> <span class='ocrx_word' id='word_1_321' title='bbox 1203 2867 1260 2887; x_wconf 69' lang='lat' dir='ltr'>irate</span> <span class='ocrx_word' id='word_1_322' title='bbox 1276 2867 1332 2887; x_wconf 73' lang='lat' dir='ltr'>(Jian</span> <span class='ocrx_word' id='word_1_323' title='bbox 1350 2867 1498 2888; x_wconf 71' lang='lat' dir='ltr'>ssartoiomco</span> <span class='ocrx_word' id='word_1_324' title='bbox 1519 2868 1546 2888; x_wconf 83' lang='lat' dir='ltr'>da</span> <span class='ocrx_word' id='word_1_325' title='bbox 1563 2868 1709 2889; x_wconf 76' lang='lat' dir='ltr'>Castellazzo</span> <span class='ocrx_word' id='word_1_326' title='bbox 1729 2870 1748 2890; x_wconf 76' lang='lat' dir='ltr'>ni</span> <span class='ocrx_word' id='word_1_327' title='bbox 1768 2871 1789 2890; x_wconf 92' lang='grc'>17</span> <span class='ocrx_word' id='word_1_328' title='bbox 1805 2871 1875 2895; x_wconf 68' lang='lat' dir='ltr'>lnglio</span> <span class='ocrx_word' id='word_1_329' title='bbox 1894 2871 1956 2893; x_wconf 67' lang='lat'>1487,</span> 
     </span>
     <span class='ocr_line' id='line_1_35' title="bbox 153 2911 1956 2939; baseline 0 -5"><span class='ocrx_word' id='word_1_330' title='bbox 153 2919 195 2935; x_wconf 85' lang='lat' dir='ltr'>con</span> <span class='ocrx_word' id='word_1_331' title='bbox 210 2916 260 2935; x_wconf 81' lang='lat' dir='ltr'>atto</span> <span class='ocrx_word' id='word_1_332' title='bbox 276 2914 311 2934; x_wconf 87' lang='lat' dir='ltr'>dei</span> <span class='ocrx_word' id='word_1_333' title='bbox 327 2914 352 2935; x_wconf 88' lang='grc'>25</span> <span class='ocrx_word' id='word_1_334' title='bbox 367 2914 470 2935; x_wconf 74' lang='lat' dir='ltr'>lcbbraio</span> <span class='ocrx_word' id='word_1_335' title='bbox 488 2915 546 2939; x_wconf 64' lang='lat'>1478,</span> <span class='ocrx_word' id='word_1_336' title='bbox 562 2916 643 2939; x_wconf 81' lang='lat' dir='ltr'>rogato</span> <span class='ocrx_word' id='word_1_337' title='bbox 659 2914 687 2934; x_wconf 79' lang='lat' dir='ltr'>da</span> <span class='ocrx_word' id='word_1_338' title='bbox 704 2914 795 2934; x_wconf 78' lang='lat' dir='ltr'>Matteo</span> <span class='ocrx_word' id='word_1_339' title='bbox 811 2914 906 2936; x_wconf 65' lang='lat' dir='ltr'>Venari:</span> <span class='ocrx_word' id='word_1_340' title='bbox 923 2914 960 2933; x_wconf 78' lang='lat' dir='ltr'>nel</span> <span class='ocrx_word' id='word_1_341' title='bbox 977 2913 1026 2932; x_wconf 59' lang='lat'><em>147¹)</em></span> <span class='ocrx_word' id='word_1_342' title='bbox 1079 2912 1123 2936; x_wconf 62' lang='lat' dir='ltr'>agli</span> <span class='ocrx_word' id='word_1_343' title='bbox 1143 2913 1162 2931; x_wconf 93' lang='grc'>11</span> <span class='ocrx_word' id='word_1_344' title='bbox 1180 2911 1296 2932; x_wconf 80' lang='lat' dir='ltr'>diceinbre</span> <span class='ocrx_word' id='word_1_345' title='bbox 1310 2912 1359 2932; x_wconf 69' lang='lat'>1⁴88</span> <span class='ocrx_word' id='word_1_346' title='bbox 1374 2918 1385 2932; x_wconf 80' lang='lat' dir='ltr'>e</span> <span class='ocrx_word' id='word_1_347' title='bbox 1401 2912 1420 2932; x_wconf 79' lang='lat' dir='ltr'>ai</span> <span class='ocrx_word' id='word_1_348' title='bbox 1437 2913 1588 2933; x_wconf 79' lang='lat' dir='ltr'>21Jdice1¹=brc</span> <span class='ocrx_word' id='word_1_349' title='bbox 1607 2914 1656 2933; x_wconf 71' lang='lat'>1⁴92</span> <span class='ocrx_word' id='word_1_350' title='bbox 1671 2919 1762 2939; x_wconf 79' lang='lat' dir='ltr'>seniprc</span> <span class='ocrx_word' id='word_1_351' title='bbox 1778 2920 1820 2934; x_wconf 80' lang='lat' dir='ltr'>con</span> <span class='ocrx_word' id='word_1_352' title='bbox 1836 2915 1877 2935; x_wconf 73' lang='lat' dir='ltr'>atti</span> <span class='ocrx_word' id='word_1_353' title='bbox 1896 2914 1956 2935; x_wconf 77' lang='lat' dir='ltr'>dello</span> 
     </span>
    </p>
   </div>
   <div class='ocr_carea' id='block_1_16' title="bbox 151 2956 1955 3028">
    <p class='ocr_par' dir='ltr' id='par_1_19' title="bbox 151 2956 1955 3028">
     <span class='ocr_line' id='line_1_36' title="bbox 151 2956 1258 2985; baseline -0.004 -6"><span class='ocrx_word' id='word_1_354' title='bbox 151 2959 171 2979; x_wconf 85' lang='lat' dir='ltr'>ai</span> <span class='ocrx_word' id='word_1_355' title='bbox 187 2959 198 2979; x_wconf 96' lang='grc'>7</span> <span class='ocrx_word' id='word_1_356' title='bbox 215 2959 305 2985; x_wconf 77' lang='lat' dir='ltr'>maggio</span> <span class='ocrx_word' id='word_1_357' title='bbox 321 2964 363 2979; x_wconf 86' lang='lat' dir='ltr'>con</span> <span class='ocrx_word' id='word_1_358' title='bbox 384 2960 435 2979; x_wconf 84' lang='lat' dir='ltr'>atto</span> <span class='ocrx_word' id='word_1_359' title='bbox 457 2959 519 2979; x_wconf 88' lang='lat' dir='ltr'>dello</span> <span class='ocrx_word' id='word_1_360' title='bbox 541 2960 618 2979; x_wconf 85' lang='lat' dir='ltr'>stesso</span> <span class='ocrx_word' id='word_1_361' title='bbox 634 2959 721 2983; x_wconf 78' lang='lat' dir='ltr'>notuio;</span> <span class='ocrx_word' id='word_1_362' title='bbox 743 2965 755 2979; x_wconf 78' lang='lat' dir='ltr'>u</span> <span class='ocrx_word' id='word_1_363' title='bbox 778 2958 836 2979; x_wconf 74' lang='lat' dir='ltr'>irate</span> <span class='ocrx_word' id='word_1_364' title='bbox 853 2959 979 2979; x_wconf 61' lang='lat' dir='ltr'>manet—sco</span> <span class='ocrx_word' id='word_1_365' title='bbox 994 2957 1022 2977; x_wconf 77' lang='lat' dir='ltr'>du</span> <span class='ocrx_word' id='word_1_366' title='bbox 1079 2959 1156 2976; x_wconf 74' lang='lat' dir='ltr'>stesso</span> <span class='ocrx_word' id='word_1_367' title='bbox 1172 2956 1258 2976; x_wconf 80' lang='lat' dir='ltr'>notaio.</span> 
     </span>
     <span class='ocr_line' id='line_1_37' title="bbox 152 2995 1955 3028; baseline 0 -4"><span class='ocrx_word' id='word_1_368' title='bbox 152 3002 242 3024; x_wconf 71' lang='lat' dir='ltr'>cesano</span> <span class='ocrx_word' id='word_1_369' title='bbox 258 3003 271 3023; x_wconf 91' lang='lat' dir='ltr'>il</span> <span class='ocrx_word' id='word_1_370' title='bbox 287 3003 309 3023; x_wconf 91' lang='grc'>21</span> <span class='ocrx_word' id='word_1_371' title='bbox 327 3002 430 3024; x_wconf 86' lang='lat' dir='ltr'>Gennaio</span> <span class='ocrx_word' id='word_1_372' title='bbox 448 3003 505 3028; x_wconf 82' lang='lat'>1480,</span> <span class='ocrx_word' id='word_1_373' title='bbox 522 3008 564 3024; x_wconf 82' lang='lat' dir='ltr'>con</span> <span class='ocrx_word' id='word_1_374' title='bbox 580 3004 630 3024; x_wconf 83' lang='lat' dir='ltr'>atto</span> <span class='ocrx_word' id='word_1_375' title='bbox 646 3003 706 3024; x_wconf 89' lang='lat' dir='ltr'>dello</span> <span class='ocrx_word' id='word_1_376' title='bbox 722 3005 799 3024; x_wconf 81' lang='lat' dir='ltr'>stesso</span> <span class='ocrx_word' id='word_1_377' title='bbox 815 3003 908 3027; x_wconf 54' lang='lat' dir='ltr'>notarim</span> <span class='ocrx_word' id='word_1_378' title='bbox 933 3008 945 3022; x_wconf 82' lang='lat' dir='ltr'>a</span> <span class='ocrx_word' id='word_1_379' title='bbox 969 3001 1026 3022; x_wconf 73' lang='lat' dir='ltr'>irate</span> <span class='ocrx_word' id='word_1_380' title='bbox 1135 3001 1165 3024; x_wconf 68' lang='lat'>⁴2)</span> <span class='ocrx_word' id='word_1_381' title='bbox 1182 2995 1198 3021; x_wconf 76' lang='grc' dir='ltr'>Ε</span> <span class='ocrx_word' id='word_1_382' title='bbox 1214 3001 1226 3021; x_wconf 91' lang='lat' dir='ltr'>il</span> <span class='ocrx_word' id='word_1_383' title='bbox 1243 3000 1348 3021; x_wconf 82' lang='lat' dir='ltr'>Maestro</span> <span class='ocrx_word' id='word_1_384' title='bbox 1366 3001 1483 3022; x_wconf 85' lang='lat' dir='ltr'>Bernardo</span> <span class='ocrx_word' id='word_1_385' title='bbox 1499 3001 1598 3028; x_wconf 80' lang='lat' dir='ltr'>Ricordi,</span> <span class='ocrx_word' id='word_1_386' title='bbox 1611 3003 1623 3023; x_wconf 84' lang='lat' dir='ltr'>il</span> <span class='ocrx_word' id='word_1_387' title='bbox 1635 3003 1670 3023; x_wconf 81' lang='lat' dir='ltr'>cui</span> <span class='ocrx_word' id='word_1_388' title='bbox 1688 3008 1754 3023; x_wconf 82' lang='lat' dir='ltr'>nome</span> <span class='ocrx_word' id='word_1_389' title='bbox 1771 3003 1891 3024; x_wconf 76' lang='lat' dir='ltr'>vudeinino</span> <span class='ocrx_word' id='word_1_390' title='bbox 1905 3009 1955 3024; x_wconf 85' lang='lat' dir='ltr'>can-</span> 
     </span>
    </p>
   </div>
   <div class='ocr_carea' id='block_1_17' title="bbox 151 3045 1666 3074">
    <p class='ocr_par' dir='ltr' id='par_1_20' title="bbox 151 3045 1666 3074">
     <span class='ocr_line' id='line_1_38' title="bbox 151 3045 1666 3074; baseline -0.001 -6"><span class='ocrx_word' id='word_1_391' title='bbox 151 3047 263 3069; x_wconf 83' lang='lat' dir='ltr'>Giovanni</span> <span class='ocrx_word' id='word_1_392' title='bbox 279 3047 308 3068; x_wconf 87' lang='lat' dir='ltr'>da</span> <span class='ocrx_word' id='word_1_393' title='bbox 324 3047 412 3068; x_wconf 89' lang='lat' dir='ltr'>Trezzo</span> <span class='ocrx_word' id='word_1_394' title='bbox 428 3048 442 3068; x_wconf 95' lang='lat' dir='ltr'>il</span> <span class='ocrx_word' id='word_1_395' title='bbox 457 3048 482 3068; x_wconf 84' lang='lat'>27</span> <span class='ocrx_word' id='word_1_396' title='bbox 497 3047 601 3068; x_wconf 81' lang='lat' dir='ltr'>lebbraio</span> <span class='ocrx_word' id='word_1_397' title='bbox 619 3048 675 3073; x_wconf 72' lang='grc'>1481,</span> <span class='ocrx_word' id='word_1_398' title='bbox 692 3050 748 3074; x_wconf 79' lang='lat' dir='ltr'>pure</span> <span class='ocrx_word' id='word_1_399' title='bbox 764 3053 806 3068; x_wconf 87' lang='lat' dir='ltr'>con</span> <span class='ocrx_word' id='word_1_400' title='bbox 817 3049 868 3067; x_wconf 74' lang='lat' dir='ltr'>atto</span> <span class='ocrx_word' id='word_1_401' title='bbox 879 3047 914 3067; x_wconf 83' lang='lat' dir='ltr'>dcl</span> <span class='ocrx_word' id='word_1_402' title='bbox 931 3046 1027 3070; x_wconf 55' lang='grc' dir='ltr'>Ἡρη-«πῂ</span> <span class='ocrx_word' id='word_1_403' title='bbox 1083 3046 1166 3066; x_wconf 82' lang='lat' dir='ltr'>cellato</span> <span class='ocrx_word' id='word_1_404' title='bbox 1182 3045 1216 3066; x_wconf 84' lang='lat' dir='ltr'>nel</span> <span class='ocrx_word' id='word_1_405' title='bbox 1232 3045 1372 3066; x_wconf 82' lang='lat' dir='ltr'>documento</span> <span class='ocrx_word' id='word_1_406' title='bbox 1388 3045 1424 3066; x_wconf 79' lang='lat' dir='ltr'>del</span> <span class='ocrx_word' id='word_1_407' title='bbox 1439 3046 1451 3066; x_wconf 65' lang='lat'><strong>4</strong></span> <span class='ocrx_word' id='word_1_408' title='bbox 1467 3047 1592 3068; x_wconf 82' lang='lat' dir='ltr'>settembre</span> <span class='ocrx_word' id='word_1_409' title='bbox 1611 3048 1666 3067; x_wconf 70' lang='grc'>1475.</span> 
     </span>
    </p>
   </div>
   <div class='ocr_carea' id='block_1_18' title="bbox 150 3091 1027 3117">
    <p class='ocr_par' dir='ltr' id='par_1_21' title="bbox 150 3091 1027 3117">
     <span class='ocr_line' id='line_1_39' title="bbox 150 3091 1027 3117; baseline -0.002 -5"><span class='ocrx_word' id='word_1_410' title='bbox 150 3097 163 3112; x_wconf 90' lang='lat' dir='ltr'>a</span> <span class='ocrx_word' id='word_1_411' title='bbox 174 3091 232 3112; x_wconf 73' lang='lat' dir='ltr'>irate</span> <span class='ocrx_word' id='word_1_412' title='bbox 244 3091 355 3113; x_wconf 83' lang='lat' dir='ltr'>Giovanni</span> <span class='ocrx_word' id='word_1_413' title='bbox 370 3091 517 3113; x_wconf 83' lang='lat' dir='ltr'>Bartolomeo</span> <span class='ocrx_word' id='word_1_414' title='bbox 528 3092 557 3112; x_wconf 89' lang='lat' dir='ltr'>da</span> <span class='ocrx_word' id='word_1_415' title='bbox 568 3091 714 3114; x_wconf 84' lang='lat' dir='ltr'>Castellazzo</span> <span class='ocrx_word' id='word_1_416' title='bbox 723 3092 742 3112; x_wconf 88' lang='lat' dir='ltr'>ai</span> <span class='ocrx_word' id='word_1_417' title='bbox 755 3093 778 3113; x_wconf 83' lang='grc'>19</span> <span class='ocrx_word' id='word_1_418' title='bbox 790 3094 873 3117; x_wconf 78' lang='lat' dir='ltr'>agosto</span> <span class='ocrx_word' id='word_1_419' title='bbox 887 3091 944 3116; x_wconf 68' lang='grc'>1483,</span> <span class='ocrx_word' id='word_1_420' title='bbox 955 3091 1027 3111; x_wconf 77' lang='lat' dir='ltr'>anche</span> 
     </span>
    </p>
   </div>
  </div>
 </body>
</html>
