2347 3444
2001 224 2064 255 205

248 354 279 383 01
305 352 391 392 legat
417 353 619 383 monasterio
645 361 682 384 ac
707 354 855 394 capitulo
880 357 910 386 et
935 356 1114 387 conventui
1141 356 1280 387 ecclesie
1306 358 1411 388 sancti
1443 356 1536 389 Pauli
1565 368 1669 399 prope
1695 362 1725 391 et
1750 363 1843 392 extra
1870 372 1982 394 muros
2009 373 2066 404 pa-

250 414 385 454 pienses
410 416 440 445 et
466 415 496 445 in
523 415 754 446 remissionem
782 417 996 456 pechatorum
1024 418 1131 458 ipsius
1157 418 1282 449 domini
1309 420 1495 456 testatoris,
1522 430 1731 461 quecumque
1762 423 1849 454 bona
1883 425 2065 457 immobilia

251 477 329 507 viva
354 478 384 507 et
410 478 538 508 mortua
564 486 601 508 ac
628 478 761 509 nomina
788 478 975 510 debitorum
1003 489 1067 519 que
1094 480 1179 511 idem
1206 481 1364 513 dominus
1389 484 1527 513 testator
1558 483 1667 521 habet,
1705 486 1791 516 tenet
1817 488 1848 516 et
1877 488 2063 526 possidetin

253 540 325 571 loco
343 542 374 571 et
392 540 554 570 territorio
581 539 733 571 Bremide
760 540 939 572 Lomellinc
965 544 995 573 et
1013 533 1202 574 Comitatus
1222 542 1334 583 Papie,
1354 545 1477 583 quovis
1500 545 1618 583 modo,
1646 546 1713 577 iure
1731 549 1762 577 et
1783 548 1878 578 titulo
1896 550 1926 578 et
1945 550 2066 588 quavis

251 603 428 634 occasione
454 604 484 633 et
509 611 611 633 causa
636 604 666 633 et
694 605 757 633 tam
783 612 856 634 cum
883 606 970 635 carta
997 606 1027 635 et
1053 605 1215 645 scriptura
1241 605 1374 645 publica
1400 608 1431 637 et
1457 607 1608 646 privata,
1646 616 1744 648 quani
1784 610 1855 639 51110
1893 612 1922 639 01
1948 613 2063 642 contra

250 673 481 705 quascumque
508 673 681 704 personas,
708 674 759 695 res
785 668 815 696 et
841 666 939 703 bona,
966 676 1041 706 que,
1067 668 1097 698 et
1123 667 1246 707 quallia
1272 670 1303 699 et
1329 671 1599 709 quantacumque
1629 672 1659 701 et
1678 671 1709 701 in
1729 674 1895 711 quotquot
1914 674 2018 712 peciis
2036 676 2066 704 et

248 736 384 758 numero
411 727 631 766 perticharum
659 727 723 757 sint
741 730 772 758 et
789 728 935 759 existant
961 737 998 759 ac
1017 729 1196 768 quibusvis
1214 730 1369 761 confiniis
1387 733 1417 762 et
1435 731 1636 763 concientiis
1655 734 1870 764 terminentur
1888 743 1924 765 ac
1941 735 2062 774 quibu-

249 789 320 820 svis
357 788 551 819 nominibus
587 791 820 829 nuncupentur
845 790 922 821 dicti
953 790 1122 822 debitores
1148 792 1188 822 de
1215 792 1303 823 dicto
1342 792 1414 824 loco
1452 792 1605 825 Bremide
1611 820 1671 825 ......
1698 794 1774 826 Item
1781 821 1841 826 ......
1868 796 1999 827 ordinat
2035 800 2066 828 et

249 851 384 882 mandat
410 850 501 890 quod
528 853 604 891 post
631 853 767 882 mortem
795 852 903 892 ipsius
929 853 1054 884 domini
1081 854 1250 885 testatoris
1275 855 1513 895 dispensentur
1549 859 1579 887 et
1609 857 1797 897 dispensari
1829 858 1972 889 debeant
2010 868 2067 899 per

250 914 473 945 venerabilem
500 913 671 944 dominum
700 913 845 945 Priorem
872 915 949 946 dicti
976 915 1114 947 Ordinis
1139 918 1169 947 et
1195 916 1342 948 Ecclesie
1368 918 1472 949 sancti
1500 917 1593 949 Pauli
1628 928 1732 960 prope
1769 922 1799 950 et
1835 922 1927 951 extra
1955 930 2068 953 muros

250 977 431 1016 papienses
456 978 487 1006 et
512 976 728 1015 spectabilem
757 976 864 1017 legum
892 977 1060 1009 doctorem
1088 978 1259 1009 dominum
1287 978 1507 1010 Ambroxium
1532 980 1571 1011 de
1598 980 1810 1021 Opizonibus
1836 985 1865 1013 et
1893 992 1942 1014 me
1973 986 2068 1014 nota-

252 1039 345 1075 rium,
373 1038 630 1078 infrascriptum,
657 1039 698 1069 ad
726 1038 858 1078 plenum
887 1039 1084 1071 informatos
1110 1040 1150 1071 de
1177 1043 1294 1079 mente,
1321 1042 1491 1073 voluntate
1517 1045 1547 1073 et
1572 1044 1777 1075 conscientia
1805 1045 1912 1085 ipsius
1939 1046 2064 1076 domini

251 1101 430 1138 testatoris,
457 1109 514 1131 5011
542 1109 599 1140 per
625 1101 712 1131 duos
737 1110 777 1131 ex
805 1101 853 1131 eis
880 1101 909 1132 in
936 1102 1125 1140 concordia,
1166 1111 1207 1133 ex
1233 1105 1264 1134 et
1301 1103 1340 1134 de
1378 1104 1484 1142 fictis,
1522 1105 1709 1137 redditibus
1745 1108 1775 1137 et
1806 1108 2067 1147 proprietatibus

251 1163 414 1194 bonorum
442 1163 549 1203 ipsius
575 1163 700 1193 (101111111
728 1163 896 1194 1051310115
922 1164 1145 1203 predictorum
1171 1167 1202 1195 et
1227 1174 1267 1196 ex
1294 1165 1428 1197 creditis
1466 1166 1573 1206 ipsius
1610 1167 1736 1198 domini
1774 1169 1964 1207 testatoris,
2002 1178 2066 1209 que

250 1225 349 1256 habet
374 1234 448 1255 cum
479 1223 622 1257 Raftaele
660 1225 700 1255 de
738 1224 980 1257 Mediisbarbis
1005 1228 1036 1257 et
1060 1235 1133 1257 cum
1161 1226 1281 1258 Iacobo
1308 1227 1460 1259 Lanterio
1487 1229 1526 1259 de
1554 1228 1699 1260 Dertona
1719 1230 1763 1260 1111
1784 1239 1937 1270 persone,
1956 1233 1987 1262 et
2005 1240 2063 1263 seu

249 1287 313 1318 illis
341 1287 504 1324 personis,
529 1287 580 1317 cui
608 1295 665 1317 seu
693 1287 827 1326 quibus,
850 1289 880 1318 et
906 1290 1003 1327 prout
1028 1290 1059 1319 et
1085 1289 1369 1328 quemadmodum
1395 1298 1432 1321 ac
1459 1290 1595 1330 quando
1621 1292 1747 1322 eisdem
1785 1292 1932 1324 dominis
1960 1292 2063 1324 Priori

248 1353 279 1380 et
304 1350 490 1380 Ambroxio
517 1351 547 1379 et
573 1349 671 1380 11110111
703 1350 831 1380 notario
857 1352 887 1380 et
913 1358 971 1380 seu
999 1350 1133 1381 duobus
1160 1351 1190 1381 in
1216 1352 1406 1388 concordia,
1433 1352 1551 1382 melius
1579 1353 1687 1384 visum
1714 1353 1811 1384 1110111
1836 1356 1866 1384 01
1893 1355 2064 1394 placuerit,

248 1412 346 1442 etiam
373 1411 456 1442 ultra
481 1419 604 1441 annum
631 1419 648 1441 a
675 1411 743 1441 iure
770 1410 965 1449 limitatum;
1004 1420 1090 1451 quos
1128 1412 1263 1452 quidem
1305 1413 1461 1444 dominos
1499 1412 1667 1452 Priorem,
1705 1414 1926 1446 Ambroxium
1952 1425 1989 1447 ac
2015 1425 2066 1447 me

250 1473 414 1504 notarium
440 1474 471 1504 et
496 1481 554 1504 seu
582 1473 648 1503 duo
678 1482 791 1504 eorum
829 1475 859 1504 et
886 1474 947 1504 mei
975 1474 1092 1505 notarii
1120 1475 1150 1505 in
1177 1475 1356 1506 concordia
1392 1478 1619 1515 exequutores
1656 1477 1879 1517 predictorum
1917 1479 2064 1509 omnium

250 1537 281 1566 et
306 1535 514 1576 singulorum
541 1534 616 1566 fecit
641 1537 672 1566 et
696 1536 867 1566 constituit
893 1544 930 1566 ac
956 1535 1033 1566 facit
1051 1538 1081 1567 et
1098 1537 1281 1574 constituit,
1300 1538 1459 1576 quoniam
1479 1538 1518 1568 de
1538 1538 1686 1578 ipsorum
1706 1540 1736 1570 et
1755 1539 1933 1570 cuiuslibet
1951 1549 2063 1571 eorum

247 1597 463 1628 conscientiis
497 1597 690 1637 plenissime
727 1597 882 1635 contidit,
919 1600 949 1628 et
976 1606 1062 1637 quos
1089 1598 1223 1638 quidem
1249 1598 1398 1630 florenos
1423 1600 1705 1639 quinquecentum
1744 1601 1888 1639 habere,
1925 1610 2065 1642 capere,

251 1660 406 1699 recipere,
433 1661 542 1699 petere
579 1661 610 1690 et
635 1660 796 1699 consequi
824 1659 956 1690 valeant
981 1660 1023 1690 ad
1053 1668 1166 1690 eorum
1209 1660 1337 1691 libitum
1376 1661 1559 1693 voluntatis
1584 1671 1625 1693 ex
1651 1664 1681 1694 et
1708 1662 1748 1694 de
1775 1663 1933 1703 predictis
1969 1664 2065 1700 fictis,

250 1721 447 1758 redditibus,
473 1722 533 1752 etc.
559 1721 623 1751 Fra
649 1721 660 1751 ι’
683 1721 758 1752 testi
781 1730 862 1752 sono
884 1722 1050 1761 presenti:
1089 1721 1277 1753 Venerabili
1305 1723 1441 1754 domino
1467 1722 1566 1754 fratre
1592 1724 1735 1755 Matthia
1761 1724 1802 1755 de
1829 1724 1936 1756 Brisia
1973 1725 2068 1756 Vice—

249 1783 357 1823 priore
384 1783 575 1814 monasterii
603 1782 713 1814 Sancti
741 1782 834 1813 Pauli
861 1785 891 1814 et
929 1783 1065 1814 domino
1102 1783 1200 1815 113110
1238 1783 1418 1815 Fortunato
1451 1785 1492 1816 de
1518 1784 1648 1816 Abiella
1685 1785 1823 1817 Ordinis
1860 1787 1998 1827 predicti
2036 1790 2066 1818 et

249 1845 326 1876 dicti
354 1845 545 1876 monasterii
572 1846 677 1876 sancti
704 1844 810 1876 Pauli.

998 2046 1228 2087 CDXIV.

313 2164 557 2192 Transazione
595 2164 689 2192 della
727 2163 912 2192 Comunita
938 2165 973 2192 di
1008 2165 1041 2196 S,
1075 2165 1186 2192 Paolo
1222 2173 1284 2201 per
1309 2164 1333 2192 il
1362 2164 1490 2192 lascito
1527 2165 1796 2194 testamentario
1823 2166 1858 2194 di
1891 2167 2062 2196 Giaeomo

245 2218 420 2246 Landolfi.

854 2338 1002 2369 1477,
1034 2339 1348 2370 (lice—111Dre‚
1381 2340 1471 2364 24.

787 2436 864 2461 (Arch.
882 2436 962 2457 Notas,
979 2436 1000 2456 di
1018 2435 1087 2456 Pavia
1102 2445 1110 2449 -
1125 2435 1172 2456 Atti
1189 2435 1210 2455 di
1226 2435 1339 2461 Agostino
1351 2435 1509 2461 Gravanagoi.

346 2629 395 2744 I
481 2582 512 2674 1Ν
538 2643 611 2674 1000
636 2641 783 2683 Capituli
810 2641 920 2674 Sancti
948 2641 1040 2673 Pauli
1067 2644 1160 2673 extra
1185 2643 1215 2672 et
1245 2650 1349 2682 prope
1375 2650 1488 2673 muros
1525 2642 1737 2682 papienses...
1775 2641 1972 2674 Convocato
2008 2651 2062 2674 03-

481 2670 483 2735 1
511 2705 616 2745 pitulo
642 2704 882 2736 venerabilium
909 2704 1119 2735 dominorum
1147 2703 1271 2735 Prioris
1289 2706 1320 2735 et
1338 2713 1551 2736 monacorum
1571 2706 1675 2736 sancti
1695 2704 1822 2737 Pauli...
1843 2706 1882 2736 de
1902 2706 2059 2736 mandato

273 2801 329 2802 j
391 2741 483 2805 ji
510 2767 681 2799 reverendi
708 2768 811 2808 patris
837 2767 962 2798 domini
989 2766 1098 2797 fratris
1123 2765 1305 2798 Cherubini
1325 2767 1365 2798 de
1392 2766 1548 2800 Rivarolo
1575 2766 1699 2798 Prioris
1725 2768 1802 2798 dicti
1839 2770 2057 2799 conventus...

243 2830 272 2860 in
299 2839 399 2870 quo...
424 2829 588 2861 fuerunt...
615 2829 783 2871 prefactus
819 2830 976 2861 dominus
1014 2828 1106 2860 Prior
1143 2838 1201 2859 nec
1239 2838 1304 2860 non
1341 2829 1562 2861 venerabilles
1595 2829 1720 2860 domini
1758 2830 1857 2861 frater
1894 2829 2058 2861 Pacificus

240 2892 280 2923 de
299 2892 467 2930 Vercellis,
485 2892 584 2924 frater
602 2891 813 2924 Princivallis
831 2893 871 2923 de
890 2891 1038 2933 Bugella,
1053 2891 1151 2922 113101
1170 2890 1399 2931 Archangelus
1418 2892 1457 2922 de
1476 2891 1595 2929 Brisia,
1609 2891 1708 2923 trater
1727 2892 1864 2923 Mattias
1882 2892 1922 2922 de
1938 2891 2055 2927 Brisia,

239 2953 338 2985 113101
363 2953 525 2995 Serapion
559 2954 599 2986 de
625 2954 893 2992 Pontechurono,
923 2954 1022 2985 frater
1051 2953 1263 2993 Theophilus
1281 2953 1321 2984 de
1339 2952 1515 2991 Cremona,
1534 2953 1632 2985 frater
1658 2952 1859 2985 Guillelmus
1889 2954 1929 2984 de
1957 2953 2056 2993 Ripa-

239 3016 333 3054 rolio,
358 3015 457 3048 frater
483 3016 610 3057 Filipus
636 3017 676 3048 de
702 3016 820 3055 Brisia‚
835 3016 933 3048 frater
952 3015 1103 3047 Andreas
1122 3015 1162 3046 de
1181 3014 1296 3055 Papia,
1314 3014 1412 3046 frater
1431 3014 1684 3046 Bertholameus
1703 3016 1743 3046 de
1763 3014 1937 3055 Pergamo,
1955 3014 2055 3046 113101

241 3076 366 3109 Paulus
391 3078 431 3109 de
457 3077 572 3119 Papia,
597 3078 696 3110 frater
721 3077 959 3119 Simplicianus
984 3078 1024 3109 de
1050 3076 1195 3114 Savona,
1220 3076 1320 3108 trater
1344 3076 1546 3108 Theodorus
1571 3077 1611 3108 de
1638 3076 1752 3117 Papia,
1778 3076 1877 3108 trater
1896 3076 2055 3108 Fortuna-
