<?xml version="1.0" encoding="UTF-8"?>
<!DOCTYPE html PUBLIC "-//W3C//DTD XHTML 1.0 Transitional//EN"
    "http://www.w3.org/TR/xhtml1/DTD/xhtml1-transitional.dtd">
<html xmlns="http://www.w3.org/1999/xhtml" xml:lang="en" lang="en">
 <head>
  <title>
</title>
<meta http-equiv="Content-Type" content="text/html;charset=utf-8" />
  <meta name='ocr-system' content='tesseract 3.04.00' />
  <meta name='ocr-capabilities' content='ocr_page ocr_carea ocr_par ocr_line ocrx_word'/>
</head>
<body>
  <div class='ocr_page' id='page_1' title='image "./codexdiplomaticu02maiouoft_0425.png"; bbox 0 0 2347 3444; ppageno 0'>
   <div class='ocr_carea' id='block_1_1' title="bbox 149 268 354 272">
    <p class='ocr_par' dir='ltr' id='par_1_1' title="bbox 149 268 354 272">
     <span class='ocr_line' id='line_1_1' title="bbox 149 268 354 272; baseline 0 0"><span class='ocrx_word' id='word_1_1' title='bbox 149 268 354 272; x_wconf 95' lang='lat' dir='ltr'> </span> 
     </span>
    </p>
   </div>
   <div class='ocr_carea' id='block_1_2' title="bbox 162 199 1990 1305">
    <p class='ocr_par' dir='ltr' id='par_1_2' title="bbox 162 199 1990 1305">
     <span class='ocr_line' id='line_1_2' title="bbox 1919 199 1978 229; baseline 0 0"><span class='ocrx_word' id='word_1_2' title='bbox 1919 199 1978 229; x_wconf 81' lang='grc'>361</span> 
     </span>
     <span class='ocr_line' id='line_1_3' title="bbox 162 330 1984 372; baseline 0 -9"><span class='ocrx_word' id='word_1_3' title='bbox 162 333 193 363; x_wconf 87' lang='lat' dir='ltr'>et</span> <span class='ocrx_word' id='word_1_4' title='bbox 219 341 285 363; x_wconf 88' lang='lat' dir='ltr'>rem</span> <span class='ocrx_word' id='word_1_5' title='bbox 313 332 425 363; x_wconf 90' lang='lat' dir='ltr'>utilem</span> <span class='ocrx_word' id='word_1_6' title='bbox 452 340 512 372; x_wconf 91' lang='lat' dir='ltr'>pro</span> <span class='ocrx_word' id='word_1_7' title='bbox 539 331 624 371; x_wconf 90' lang='lat' dir='ltr'>ipsis</span> <span class='ocrx_word' id='word_1_8' title='bbox 661 330 809 361; x_wconf 87' lang='lat' dir='ltr'>dominis</span> <span class='ocrx_word' id='word_1_9' title='bbox 848 330 961 362; x_wconf 78' lang='lat' dir='ltr'>Priore</span> <span class='ocrx_word' id='word_1_10' title='bbox 987 333 1017 362; x_wconf 91' lang='lat' dir='ltr'>et</span> <span class='ocrx_word' id='word_1_11' title='bbox 1045 330 1216 362; x_wconf 80' lang='lat' dir='ltr'>Fratribus</span> <span class='ocrx_word' id='word_1_12' title='bbox 1241 339 1279 361; x_wconf 81' lang='lat' dir='ltr'>ac</span> <span class='ocrx_word' id='word_1_13' title='bbox 1305 332 1484 361; x_wconf 85' lang='lat' dir='ltr'>conventu.</span> <span class='ocrx_word' id='word_1_14' title='bbox 1524 330 1606 361; x_wconf 85' lang='lat' dir='ltr'>Hinc</span> <span class='ocrx_word' id='word_1_15' title='bbox 1633 334 1681 362; x_wconf 84' lang='lat' dir='ltr'>est</span> <span class='ocrx_word' id='word_1_16' title='bbox 1709 332 1799 371; x_wconf 76' lang='lat' dir='ltr'>quod</span> <span class='ocrx_word' id='word_1_17' title='bbox 1827 332 1984 363; x_wconf 76' lang='lat' dir='ltr'>dominus</span> 
     </span>
     <span class='ocr_line' id='line_1_4' title="bbox 164 391 1982 434; baseline 0 -9"><span class='ocrx_word' id='word_1_18' title='bbox 164 393 264 425; x_wconf 86' lang='lat' dir='ltr'>frater</span> <span class='ocrx_word' id='word_1_19' title='bbox 289 393 535 426; x_wconf 77' lang='lat' dir='ltr'>Constantinus</span> <span class='ocrx_word' id='word_1_20' title='bbox 561 393 602 424; x_wconf 90' lang='lat' dir='ltr'>de</span> <span class='ocrx_word' id='word_1_21' title='bbox 628 391 814 424; x_wconf 81' lang='lat' dir='ltr'>Castelatio</span> <span class='ocrx_word' id='word_1_22' title='bbox 841 393 999 433; x_wconf 79' lang='lat' dir='ltr'>subprior</span> <span class='ocrx_word' id='word_1_23' title='bbox 1024 395 1055 424; x_wconf 90' lang='lat' dir='ltr'>et</span> <span class='ocrx_word' id='word_1_24' title='bbox 1082 393 1314 423; x_wconf 83' lang='lat' dir='ltr'>locuintencns</span> <span class='ocrx_word' id='word_1_25' title='bbox 1340 393 1512 423; x_wconf 87' lang='lat' dir='ltr'>reverendi</span> <span class='ocrx_word' id='word_1_26' title='bbox 1541 394 1646 432; x_wconf 83' lang='lat' dir='ltr'>patris</span> <span class='ocrx_word' id='word_1_27' title='bbox 1680 393 1805 424; x_wconf 82' lang='lat' dir='ltr'>domini</span> <span class='ocrx_word' id='word_1_28' title='bbox 1834 395 1982 434; x_wconf 68' lang='lat' dir='ltr'>magistri</span> 
     </span>
     <span class='ocr_line' id='line_1_5' title="bbox 165 453 1987 496; baseline 0 -9"><span class='ocrx_word' id='word_1_29' title='bbox 165 455 391 487; x_wconf 77' lang='lat' dir='ltr'>Franciscliini</span> <span class='ocrx_word' id='word_1_30' title='bbox 419 456 459 487; x_wconf 79' lang='lat' dir='ltr'>dc</span> <span class='ocrx_word' id='word_1_31' title='bbox 485 453 682 492; x_wconf 77' lang='lat' dir='ltr'>Castelati‹›‚</span> <span class='ocrx_word' id='word_1_32' title='bbox 711 454 835 485; x_wconf 78' lang='lat' dir='ltr'>Prioris</span> <span class='ocrx_word' id='word_1_33' title='bbox 873 455 1022 486; x_wconf 57' lang='lat' dir='ltr'>eiusdem</span> <span class='ocrx_word' id='word_1_34' title='bbox 1059 455 1250 486; x_wconf 63' lang='lat' dir='ltr'>m···n:15terii</span> <span class='ocrx_word' id='word_1_35' title='bbox 1278 457 1307 485; x_wconf 77' lang='lat' dir='ltr'>ct</span> <span class='ocrx_word' id='word_1_36' title='bbox 1334 454 1544 492; x_wconf 78' lang='lat' dir='ltr'>Conventus,</span> <span class='ocrx_word' id='word_1_37' title='bbox 1571 457 1600 485; x_wconf 85' lang='lat' dir='ltr'>et</span> <span class='ocrx_word' id='word_1_38' title='bbox 1626 464 1699 485; x_wconf 85' lang='lat' dir='ltr'>cnm</span> <span class='ocrx_word' id='word_1_39' title='bbox 1728 456 1802 495; x_wconf 74' lang='lat' dir='ltr'>ipso</span> <span class='ocrx_word' id='word_1_40' title='bbox 1828 459 1858 486; x_wconf 85' lang='lat' dir='ltr'>et</span> <span class='ocrx_word' id='word_1_41' title='bbox 1886 466 1987 496; x_wconf 80' lang='lat' dir='ltr'>penes</span> 
     </span>
     <span class='ocr_line' id='line_1_6' title="bbox 165 517 1986 558; baseline 0 -10"><span class='ocrx_word' id='word_1_42' title='bbox 165 518 275 558; x_wconf 72' lang='lat' dir='ltr'>ipsun]</span> <span class='ocrx_word' id='word_1_43' title='bbox 302 518 474 549; x_wconf 85' lang='lat' dir='ltr'>reverendi</span> <span class='ocrx_word' id='word_1_44' title='bbox 502 519 613 557; x_wconf 81' lang='lat' dir='ltr'>patres</span> <span class='ocrx_word' id='word_1_45' title='bbox 638 526 676 548; x_wconf 87' lang='lat' dir='ltr'>ac</span> <span class='ocrx_word' id='word_1_46' title='bbox 702 526 794 548; x_wconf 79' lang='lat' dir='ltr'>sacre</span> <span class='ocrx_word' id='word_1_47' title='bbox 833 518 954 557; x_wconf 77' lang='lat' dir='ltr'>pagine</span> <span class='ocrx_word' id='word_1_48' title='bbox 993 517 1206 557; x_wconf 74' lang='lat' dir='ltr'>professores</span> <span class='ocrx_word' id='word_1_49' title='bbox 1243 517 1369 548; x_wconf 87' lang='lat' dir='ltr'>domini</span> <span class='ocrx_word' id='word_1_50' title='bbox 1409 517 1568 557; x_wconf 84' lang='lat' dir='ltr'>magister</span> <span class='ocrx_word' id='word_1_51' title='bbox 1605 517 1770 548; x_wconf 78' lang='lat' dir='ltr'>lohannes</span> <span class='ocrx_word' id='word_1_52' title='bbox 1804 518 1844 548; x_wconf 86' lang='lat' dir='ltr'>de</span> <span class='ocrx_word' id='word_1_53' title='bbox 1871 522 1986 548; x_wconf 74' lang='lat' dir='ltr'>sancto</span> 
     </span>
     <span class='ocr_line' id='line_1_7' title="bbox 164 578 1986 621; baseline -0.001 -10"><span class='ocrx_word' id='word_1_54' title='bbox 164 579 316 621; x_wconf 82' lang='lat' dir='ltr'>Angeuo,</span> <span class='ocrx_word' id='word_1_55' title='bbox 344 580 503 620; x_wconf 81' lang='lat' dir='ltr'>magister</span> <span class='ocrx_word' id='word_1_56' title='bbox 529 579 763 610; x_wconf 86' lang='lat' dir='ltr'>Bertolomeus</span> <span class='ocrx_word' id='word_1_57' title='bbox 789 580 829 610; x_wconf 82' lang='lat' dir='ltr'>de</span> <span class='ocrx_word' id='word_1_58' title='bbox 856 578 1041 611; x_wconf 79' lang='lat' dir='ltr'>Castclatio</span> <span class='ocrx_word' id='word_1_59' title='bbox 1069 580 1221 611; x_wconf 80' lang='lat' dir='ltr'>sindicus</span> <span class='ocrx_word' id='word_1_60' title='bbox 1248 580 1325 610; x_wconf 88' lang='lat' dir='ltr'>dicti</span> <span class='ocrx_word' id='word_1_61' title='bbox 1353 581 1552 617; x_wconf 83' lang='lat' dir='ltr'>conventus,</span> <span class='ocrx_word' id='word_1_62' title='bbox 1592 580 1749 619; x_wconf 72' lang='lat' dir='ltr'>magister</span> <span class='ocrx_word' id='word_1_63' title='bbox 1783 579 1918 610; x_wconf 82' lang='lat' dir='ltr'>Gabriel</span> <span class='ocrx_word' id='word_1_64' title='bbox 1947 580 1986 610; x_wconf 80' lang='lat' dir='ltr'>de</span> 
     </span>
     <span class='ocr_line' id='line_1_8' title="bbox 165 640 1989 683; baseline 0 -10"><span class='ocrx_word' id='word_1_65' title='bbox 165 641 279 682; x_wconf 81' lang='lat' dir='ltr'>Papia,</span> <span class='ocrx_word' id='word_1_66' title='bbox 306 643 466 683; x_wconf 81' lang='lat' dir='ltr'>magister</span> <span class='ocrx_word' id='word_1_67' title='bbox 492 641 610 673; x_wconf 79' lang='lat' dir='ltr'>Petrus</span> <span class='ocrx_word' id='word_1_68' title='bbox 636 642 677 673; x_wconf 85' lang='lat' dir='ltr'>de</span> <span class='ocrx_word' id='word_1_69' title='bbox 702 640 930 679; x_wconf 73' lang='lat' dir='ltr'>castronovo,</span> <span class='ocrx_word' id='word_1_70' title='bbox 958 643 1116 683; x_wconf 76' lang='lat' dir='ltr'>magister</span> <span class='ocrx_word' id='word_1_71' title='bbox 1154 642 1354 673; x_wconf 79' lang='lat' dir='ltr'>Tliimoteus</span> <span class='ocrx_word' id='word_1_72' title='bbox 1381 642 1421 673; x_wconf 85' lang='lat' dir='ltr'>de</span> <span class='ocrx_word' id='word_1_73' title='bbox 1449 642 1571 679; x_wconf 80' lang='lat' dir='ltr'>Laude,</span> <span class='ocrx_word' id='word_1_74' title='bbox 1598 651 1691 673; x_wconf 84' lang='lat' dir='ltr'>sacre</span> <span class='ocrx_word' id='word_1_75' title='bbox 1718 642 1886 682; x_wconf 74' lang='lat' dir='ltr'>theologie</span> <span class='ocrx_word' id='word_1_76' title='bbox 1922 652 1989 673; x_wconf 79' lang='lat' dir='ltr'>ina-</span> 
     </span>
     <span class='ocr_line' id='line_1_9' title="bbox 166 703 1987 745; baseline 0 -10"><span class='ocrx_word' id='word_1_77' title='bbox 166 705 272 745; x_wconf 85' lang='lat' dir='ltr'>gistri‚</span> <span class='ocrx_word' id='word_1_78' title='bbox 299 713 358 736; x_wconf 90' lang='lat' dir='ltr'>nec</span> <span class='ocrx_word' id='word_1_79' title='bbox 384 714 449 735; x_wconf 92' lang='lat' dir='ltr'>non</span> <span class='ocrx_word' id='word_1_80' title='bbox 476 706 506 735; x_wconf 90' lang='lat' dir='ltr'>et</span> <span class='ocrx_word' id='word_1_81' title='bbox 532 703 631 735; x_wconf 84' lang='lat' dir='ltr'>frater</span> <span class='ocrx_word' id='word_1_82' title='bbox 670 703 795 735; x_wconf 80' lang='lat' dir='ltr'>Paulus</span> <span class='ocrx_word' id='word_1_83' title='bbox 820 704 860 735; x_wconf 83' lang='lat' dir='ltr'>de</span> <span class='ocrx_word' id='word_1_84' title='bbox 898 703 1013 741; x_wconf 80' lang='lat' dir='ltr'>Puteo,</span> <span class='ocrx_word' id='word_1_85' title='bbox 1051 703 1150 735; x_wconf 76' lang='lat' dir='ltr'>frater</span> <span class='ocrx_word' id='word_1_86' title='bbox 1188 704 1353 736; x_wconf 80' lang='lat' dir='ltr'>lohannes</span> <span class='ocrx_word' id='word_1_87' title='bbox 1379 705 1419 735; x_wconf 84' lang='lat' dir='ltr'>de</span> <span class='ocrx_word' id='word_1_88' title='bbox 1446 704 1563 743; x_wconf 85' lang='lat' dir='ltr'>Tritio,</span> <span class='ocrx_word' id='word_1_89' title='bbox 1601 704 1700 735; x_wconf 81' lang='lat' dir='ltr'>frater</span> <span class='ocrx_word' id='word_1_90' title='bbox 1738 704 1921 735; x_wconf 85' lang='lat' dir='ltr'>ieronimus</span> <span class='ocrx_word' id='word_1_91' title='bbox 1947 705 1987 735; x_wconf 84' lang='lat' dir='ltr'>de</span> 
     </span>
     <span class='ocr_line' id='line_1_10' title="bbox 166 765 1986 807; baseline 0.001 -10"><span class='ocrx_word' id='word_1_92' title='bbox 166 766 266 797; x_wconf 77' lang='lat' dir='ltr'>Lenta</span> <span class='ocrx_word' id='word_1_93' title='bbox 293 766 516 803; x_wconf 81' lang='lat' dir='ltr'>bachalarius‚</span> <span class='ocrx_word' id='word_1_94' title='bbox 543 765 642 797; x_wconf 82' lang='lat' dir='ltr'>frater</span> <span class='ocrx_word' id='word_1_95' title='bbox 669 765 795 797; x_wconf 77' lang='lat' dir='ltr'>Paulus</span> <span class='ocrx_word' id='word_1_96' title='bbox 822 766 862 797; x_wconf 78' lang='lat' dir='ltr'>de</span> <span class='ocrx_word' id='word_1_97' title='bbox 889 765 1004 806; x_wconf 79' lang='lat' dir='ltr'>Papia,</span> <span class='ocrx_word' id='word_1_98' title='bbox 1032 766 1131 797; x_wconf 81' lang='lat' dir='ltr'>frater</span> <span class='ocrx_word' id='word_1_99' title='bbox 1156 765 1337 798; x_wconf 85' lang='lat' dir='ltr'>Cornelius</span> <span class='ocrx_word' id='word_1_100' title='bbox 1363 767 1403 798; x_wconf 90' lang='lat' dir='ltr'>de</span> <span class='ocrx_word' id='word_1_101' title='bbox 1431 766 1663 807; x_wconf 77' lang='lat' dir='ltr'>Romagnano,</span> <span class='ocrx_word' id='word_1_102' title='bbox 1683 767 1782 797; x_wconf 81' lang='lat' dir='ltr'>frater</span> <span class='ocrx_word' id='word_1_103' title='bbox 1801 766 1986 807; x_wconf 62' lang='lat' dir='ltr'>Gregmius</span> 
     </span>
     <span class='ocr_line' id='line_1_11' title="bbox 166 827 1985 869; baseline 0 -10"><span class='ocrx_word' id='word_1_104' title='bbox 166 828 206 859; x_wconf 89' lang='lat' dir='ltr'>de</span> <span class='ocrx_word' id='word_1_105' title='bbox 233 827 348 869; x_wconf 82' lang='lat' dir='ltr'>Papia,</span> <span class='ocrx_word' id='word_1_106' title='bbox 374 828 474 860; x_wconf 83' lang='lat' dir='ltr'>frater</span> <span class='ocrx_word' id='word_1_107' title='bbox 512 827 639 859; x_wconf 84' lang='lat' dir='ltr'>Paulus</span> <span class='ocrx_word' id='word_1_108' title='bbox 676 829 716 859; x_wconf 87' lang='lat' dir='ltr'>de</span> <span class='ocrx_word' id='word_1_109' title='bbox 753 827 939 860; x_wconf 80' lang='lat' dir='ltr'>Castelatio</span> <span class='ocrx_word' id='word_1_110' title='bbox 976 838 1103 866; x_wconf 83' lang='lat' dir='ltr'>cursor,</span> <span class='ocrx_word' id='word_1_111' title='bbox 1141 828 1239 860; x_wconf 83' lang='lat' dir='ltr'>frater</span> <span class='ocrx_word' id='word_1_112' title='bbox 1277 828 1436 860; x_wconf 81' lang='lat' dir='ltr'>Ansanus</span> <span class='ocrx_word' id='word_1_113' title='bbox 1462 829 1502 860; x_wconf 86' lang='lat' dir='ltr'>de</span> <span class='ocrx_word' id='word_1_114' title='bbox 1528 828 1742 869; x_wconf 80' lang='lat' dir='ltr'>Codognola,</span> <span class='ocrx_word' id='word_1_115' title='bbox 1780 829 1879 860; x_wconf 80' lang='lat' dir='ltr'>frater</span> <span class='ocrx_word' id='word_1_116' title='bbox 1916 828 1985 860; x_wconf 81' lang='lat' dir='ltr'>Gu-</span> 
     </span>
     <span class='ocr_line' id='line_1_12' title="bbox 165 889 1990 932; baseline 0.001 -11"><span class='ocrx_word' id='word_1_117' title='bbox 165 890 297 922; x_wconf 87' lang='lat' dir='ltr'>lielmus</span> <span class='ocrx_word' id='word_1_118' title='bbox 322 890 362 921; x_wconf 91' lang='lat' dir='ltr'>de</span> <span class='ocrx_word' id='word_1_119' title='bbox 388 889 537 926; x_wconf 81' lang='lat' dir='ltr'>Silvano,</span> <span class='ocrx_word' id='word_1_120' title='bbox 565 890 665 921; x_wconf 91' lang='lat' dir='ltr'>frater</span> <span class='ocrx_word' id='word_1_121' title='bbox 702 890 847 922; x_wconf 79' lang='lat' dir='ltr'>Micliael</span> <span class='ocrx_word' id='word_1_122' title='bbox 875 890 1027 931; x_wconf 81' lang='lat' dir='ltr'>Angelus</span> <span class='ocrx_word' id='word_1_123' title='bbox 1053 891 1093 922; x_wconf 88' lang='lat' dir='ltr'>de</span> <span class='ocrx_word' id='word_1_124' title='bbox 1121 890 1237 932; x_wconf 75' lang='lat' dir='ltr'>Papia,</span> <span class='ocrx_word' id='word_1_125' title='bbox 1275 891 1374 922; x_wconf 86' lang='lat' dir='ltr'>frater</span> <span class='ocrx_word' id='word_1_126' title='bbox 1412 891 1577 923; x_wconf 80' lang='lat' dir='ltr'>lohannes</span> <span class='ocrx_word' id='word_1_127' title='bbox 1612 891 1779 922; x_wconf 84' lang='lat' dir='ltr'>Antonius</span> <span class='ocrx_word' id='word_1_128' title='bbox 1805 892 1845 923; x_wconf 89' lang='lat' dir='ltr'>de</span> <span class='ocrx_word' id='word_1_129' title='bbox 1872 890 1990 923; x_wconf 82' lang='lat' dir='ltr'>Caste-</span> 
     </span>
     <span class='ocr_line' id='line_1_13' title="bbox 165 952 1987 993; baseline 0.001 -10"><span class='ocrx_word' id='word_1_130' title='bbox 165 952 256 990; x_wconf 80' lang='lat' dir='ltr'>latio,</span> <span class='ocrx_word' id='word_1_131' title='bbox 282 952 382 983; x_wconf 85' lang='lat' dir='ltr'>frater</span> <span class='ocrx_word' id='word_1_132' title='bbox 408 952 549 993; x_wconf 84' lang='lat' dir='ltr'>Egidius</span> <span class='ocrx_word' id='word_1_133' title='bbox 586 953 773 989; x_wconf 83' lang='lat' dir='ltr'>alamanus,</span> <span class='ocrx_word' id='word_1_134' title='bbox 811 952 910 984; x_wconf 85' lang='lat' dir='ltr'>frater</span> <span class='ocrx_word' id='word_1_135' title='bbox 949 952 1152 985; x_wconf 78' lang='lat' dir='ltr'>Benedictus</span> <span class='ocrx_word' id='word_1_136' title='bbox 1177 954 1217 985; x_wconf 90' lang='lat' dir='ltr'>de</span> <span class='ocrx_word' id='word_1_137' title='bbox 1245 954 1414 991; x_wconf 70' lang='lat' dir='ltr'>Vercellis,</span> <span class='ocrx_word' id='word_1_138' title='bbox 1440 953 1540 985; x_wconf 87' lang='lat' dir='ltr'>frater</span> <span class='ocrx_word' id='word_1_139' title='bbox 1565 952 1613 993; x_wconf 78' lang='lat' dir='ltr'>(ln</span> <span class='ocrx_word' id='word_1_140' title='bbox 1640 952 1775 993; x_wconf 66' lang='lat' dir='ltr'>bfflnco)</span> <span class='ocrx_word' id='word_1_141' title='bbox 1801 954 1987 989; x_wconf 79' lang='lat' dir='ltr'>alamanus,</span> 
     </span>
     <span class='ocr_line' id='line_1_14' title="bbox 164 1013 1987 1056; baseline 0 -10"><span class='ocrx_word' id='word_1_142' title='bbox 164 1014 264 1046; x_wconf 83' lang='lat' dir='ltr'>frater</span> <span class='ocrx_word' id='word_1_143' title='bbox 290 1013 404 1046; x_wconf 85' lang='lat' dir='ltr'>Guido</span> <span class='ocrx_word' id='word_1_144' title='bbox 430 1015 470 1045; x_wconf 89' lang='lat' dir='ltr'>de</span> <span class='ocrx_word' id='word_1_145' title='bbox 498 1014 691 1052; x_wconf 79' lang='lat' dir='ltr'>Belinzona,</span> <span class='ocrx_word' id='word_1_146' title='bbox 728 1014 828 1046; x_wconf 81' lang='lat' dir='ltr'>frater</span> <span class='ocrx_word' id='word_1_147' title='bbox 865 1014 1076 1047; x_wconf 82' lang='lat' dir='ltr'>Octavianus</span> <span class='ocrx_word' id='word_1_148' title='bbox 1102 1016 1142 1047; x_wconf 94' lang='lat' dir='ltr'>de</span> <span class='ocrx_word' id='word_1_149' title='bbox 1170 1015 1332 1053; x_wconf 64' lang='lat' dir='ltr'>Pessestro,</span> <span class='ocrx_word' id='word_1_150' title='bbox 1370 1015 1469 1047; x_wconf 83' lang='lat' dir='ltr'>frater</span> <span class='ocrx_word' id='word_1_151' title='bbox 1507 1015 1654 1056; x_wconf 77' lang='lat' dir='ltr'>Raphael</span> <span class='ocrx_word' id='word_1_152' title='bbox 1682 1016 1722 1047; x_wconf 86' lang='lat' dir='ltr'>de</span> <span class='ocrx_word' id='word_1_153' title='bbox 1750 1015 1862 1054; x_wconf 70' lang='lat' dir='ltr'>plebe,</span> <span class='ocrx_word' id='word_1_154' title='bbox 1888 1015 1987 1047; x_wconf 77' lang='lat' dir='ltr'>frater</span> 
     </span>
     <span class='ocr_line' id='line_1_15' title="bbox 166 1076 1989 1119; baseline 0.001 -11"><span class='ocrx_word' id='word_1_155' title='bbox 166 1076 362 1108; x_wconf 84' lang='lat' dir='ltr'>Vincentius</span> <span class='ocrx_word' id='word_1_156' title='bbox 388 1077 428 1108; x_wconf 88' lang='lat' dir='ltr'>de</span> <span class='ocrx_word' id='word_1_157' title='bbox 455 1076 620 1114; x_wconf 85' lang='lat' dir='ltr'>Bononia,</span> <span class='ocrx_word' id='word_1_158' title='bbox 647 1076 746 1108; x_wconf 85' lang='lat' dir='ltr'>frater</span> <span class='ocrx_word' id='word_1_159' title='bbox 771 1076 1006 1109; x_wconf 80' lang='lat' dir='ltr'>Cliristoforus</span> <span class='ocrx_word' id='word_1_160' title='bbox 1033 1078 1072 1109; x_wconf 88' lang='lat' dir='ltr'>de</span> <span class='ocrx_word' id='word_1_161' title='bbox 1099 1077 1295 1116; x_wconf 78' lang='lat' dir='ltr'>Castelatio,</span> <span class='ocrx_word' id='word_1_162' title='bbox 1323 1078 1420 1109; x_wconf 80' lang='lat' dir='ltr'>frater</span> <span class='ocrx_word' id='word_1_163' title='bbox 1439 1078 1650 1119; x_wconf 80' lang='lat' dir='ltr'>Augustinus</span> <span class='ocrx_word' id='word_1_164' title='bbox 1665 1078 1705 1109; x_wconf 89' lang='lat' dir='ltr'>de</span> <span class='ocrx_word' id='word_1_165' title='bbox 1721 1078 1871 1119; x_wconf 75' lang='lat' dir='ltr'>Bugella,</span> <span class='ocrx_word' id='word_1_166' title='bbox 1890 1078 1989 1109; x_wconf 83' lang='lat' dir='ltr'>frater</span> 
     </span>
     <span class='ocr_line' id='line_1_16' title="bbox 165 1139 1987 1181; baseline 0.001 -11"><span class='ocrx_word' id='word_1_167' title='bbox 165 1139 319 1171; x_wconf 84' lang='lat' dir='ltr'>Baxilius</span> <span class='ocrx_word' id='word_1_168' title='bbox 345 1139 385 1170; x_wconf 89' lang='lat' dir='ltr'>de</span> <span class='ocrx_word' id='word_1_169' title='bbox 412 1139 578 1176; x_wconf 60' lang='lat' dir='ltr'>Flandffia,</span> <span class='ocrx_word' id='word_1_170' title='bbox 604 1148 722 1171; x_wconf 90' lang='lat' dir='ltr'>omnes</span> <span class='ocrx_word' id='word_1_171' title='bbox 748 1139 867 1171; x_wconf 84' lang='lat' dir='ltr'>fratres</span> <span class='ocrx_word' id='word_1_172' title='bbox 893 1140 1038 1180; x_wconf 81' lang='lat' dir='ltr'>professi</span> <span class='ocrx_word' id='word_1_173' title='bbox 1059 1141 1135 1171; x_wconf 88' lang='lat' dir='ltr'>dicti</span> <span class='ocrx_word' id='word_1_174' title='bbox 1157 1141 1348 1171; x_wconf 90' lang='lat' dir='ltr'>monasterii</span> <span class='ocrx_word' id='word_1_175' title='bbox 1376 1150 1434 1172; x_wconf 87' lang='lat' dir='ltr'>seu</span> <span class='ocrx_word' id='word_1_176' title='bbox 1462 1141 1649 1172; x_wconf 77' lang='lat' dir='ltr'>residentes</span> <span class='ocrx_word' id='word_1_177' title='bbox 1667 1141 1757 1181; x_wconf 83' lang='lat' dir='ltr'>apud</span> <span class='ocrx_word' id='word_1_178' title='bbox 1777 1141 1900 1171; x_wconf 87' lang='lat' dir='ltr'>dictum</span> <span class='ocrx_word' id='word_1_179' title='bbox 1918 1150 1987 1171; x_wconf 85' lang='lat' dir='ltr'>ino-</span> 
     </span>
     <span class='ocr_line' id='line_1_17' title="bbox 167 1201 1986 1243; baseline 0 -10"><span class='ocrx_word' id='word_1_180' title='bbox 167 1202 348 1233; x_wconf 85' lang='lat' dir='ltr'>nasterium</span> <span class='ocrx_word' id='word_1_181' title='bbox 375 1203 405 1232; x_wconf 90' lang='lat' dir='ltr'>et</span> <span class='ocrx_word' id='word_1_182' title='bbox 432 1210 549 1233; x_wconf 88' lang='lat' dir='ltr'>vocem</span> <span class='ocrx_word' id='word_1_183' title='bbox 576 1201 738 1233; x_wconf 75' lang='lat' dir='ltr'>facientes</span> <span class='ocrx_word' id='word_1_184' title='bbox 765 1203 795 1233; x_wconf 92' lang='lat' dir='ltr'>in</span> <span class='ocrx_word' id='word_1_185' title='bbox 822 1201 1026 1242; x_wconf 51' lang='lat' dir='ltr'>Capitium...</span> <span class='ocrx_word' id='word_1_186' title='bbox 1052 1203 1187 1234; x_wconf 76' lang='lat' dir='ltr'>insieme</span> <span class='ocrx_word' id='word_1_187' title='bbox 1213 1204 1247 1234; x_wconf 84' lang='lat' dir='ltr'>ni</span> <span class='ocrx_word' id='word_1_188' title='bbox 1270 1204 1532 1243; x_wconf 71' lang='lat' dir='ltr'>rappresentanti</span> <span class='ocrx_word' id='word_1_189' title='bbox 1556 1203 1609 1234; x_wconf 67' lang='lat' dir='ltr'>(iel</span> <span class='ocrx_word' id='word_1_190' title='bbox 1636 1202 1781 1235; x_wconf 77' lang='lat' dir='ltr'>Cornum·</span> <span class='ocrx_word' id='word_1_191' title='bbox 1811 1203 1845 1234; x_wconf 73' lang='lat' dir='ltr'>cii</span> <span class='ocrx_word' id='word_1_192' title='bbox 1873 1203 1986 1234; x_wconf 78' lang='lat' dir='ltr'>Dorno</span> 
     </span>
     <span class='ocr_line' id='line_1_18' title="bbox 165 1263 1986 1305; baseline 0.001 -10"><span class='ocrx_word' id='word_1_193' title='bbox 165 1263 332 1304; x_wconf 71' lang='lat' dir='ltr'>stipulatio</span> <span class='ocrx_word' id='word_1_194' title='bbox 358 1264 369 1295; x_wconf 84' lang='grc' dir='ltr'>ι’</span> <span class='ocrx_word' id='word_1_195' title='bbox 387 1264 477 1304; x_wconf 79' lang='lat' dir='ltr'>palti</span> <span class='ocrx_word' id='word_1_196' title='bbox 495 1272 558 1304; x_wconf 81' lang='lat' dir='ltr'>per</span> <span class='ocrx_word' id='word_1_197' title='bbox 579 1264 611 1295; x_wconf 82' lang='lat' dir='ltr'>la</span> <span class='ocrx_word' id='word_1_198' title='bbox 637 1265 850 1296; x_wconf 76' lang='lat' dir='ltr'>concessione</span> <span class='ocrx_word' id='word_1_199' title='bbox 875 1264 958 1296; x_wconf 76' lang='lat' dir='ltr'>delle</span> <span class='ocrx_word' id='word_1_200' title='bbox 976 1267 1055 1296; x_wconf 78' lang='lat' dir='ltr'>terre</span> <span class='ocrx_word' id='word_1_201' title='bbox 1073 1266 1257 1296; x_wconf 61' lang='lat' dir='ltr'>necessa-‘ie</span> <span class='ocrx_word' id='word_1_202' title='bbox 1270 1274 1331 1305; x_wconf 81' lang='lat' dir='ltr'>per</span> <span class='ocrx_word' id='word_1_203' title='bbox 1346 1265 1377 1296; x_wconf 89' lang='lat' dir='ltr'>lo</span> <span class='ocrx_word' id='word_1_204' title='bbox 1395 1271 1496 1296; x_wconf 60' lang='grc' dir='ltr'>πονο</span> <span class='ocrx_word' id='word_1_205' title='bbox 1510 1265 1597 1296; x_wconf 79' lang='lat' dir='ltr'>della</span> <span class='ocrx_word' id='word_1_206' title='bbox 1615 1267 1839 1296; x_wconf 77' lang='lat' dir='ltr'>stinccennota</span> <span class='ocrx_word' id='word_1_207' title='bbox 1857 1266 1986 1305; x_wconf 78' lang='lat' dir='ltr'>roggio.</span> 
     </span>
    </p>
   </div>
   <div class='ocr_carea' id='block_1_3' title="bbox 878 1412 1271 1453">
    <p class='ocr_par' dir='ltr' id='par_1_3' title="bbox 878 1412 1271 1453">
     <span class='ocr_line' id='line_1_19' title="bbox 878 1412 1271 1453; baseline 0 -2"><span class='ocrx_word' id='word_1_208' title='bbox 878 1412 1271 1453; x_wconf 90' lang='lat' dir='ltr'>DCXXXVIII.</span> 
     </span>
    </p>
   </div>
   <div class='ocr_carea' id='block_1_4' title="bbox 255 1520 1430 1558">
    <p class='ocr_par' dir='ltr' id='par_1_4' title="bbox 255 1520 1430 1558">
     <span class='ocr_line' id='line_1_20' title="bbox 255 1520 1430 1558; baseline 0 -9"><span class='ocrx_word' id='word_1_209' title='bbox 255 1521 505 1558; x_wconf 85' lang='lat' dir='ltr'>Disposizione</span> <span class='ocrx_word' id='word_1_210' title='bbox 530 1521 585 1549; x_wconf 87' lang='lat' dir='ltr'>del</span> <span class='ocrx_word' id='word_1_211' title='bbox 612 1521 768 1550; x_wconf 88' lang='lat' dir='ltr'>Comune</span> <span class='ocrx_word' id='word_1_212' title='bbox 793 1530 854 1557; x_wconf 89' lang='lat' dir='ltr'>per</span> <span class='ocrx_word' id='word_1_213' title='bbox 880 1520 1022 1549; x_wconf 80' lang='lat' dir='ltr'>l&#39;annua</span> <span class='ocrx_word' id='word_1_214' title='bbox 1048 1521 1173 1549; x_wconf 82' lang='lat' dir='ltr'>offerta</span> <span class='ocrx_word' id='word_1_215' title='bbox 1199 1530 1219 1549; x_wconf 89' lang='lat' dir='ltr'>a</span> <span class='ocrx_word' id='word_1_216' title='bbox 1244 1521 1278 1549; x_wconf 92' lang='lat' dir='ltr'>S.</span> <span class='ocrx_word' id='word_1_217' title='bbox 1307 1521 1430 1549; x_wconf 86' lang='lat' dir='ltr'>Paolo.</span> 
     </span>
    </p>
   </div>
   <div class='ocr_carea' id='block_1_5' title="bbox 656 1626 1504 1658">
    <p class='ocr_par' dir='ltr' id='par_1_5' title="bbox 656 1626 1504 1658">
     <span class='ocr_line' id='line_1_21' title="bbox 656 1626 1504 1658; baseline 0.001 -8"><span class='ocrx_word' id='word_1_218' title='bbox 656 1626 811 1658; x_wconf 70' lang='lat'>1600,</span> <span class='ocrx_word' id='word_1_219' title='bbox 840 1632 1066 1658; x_wconf 62' lang='lat'><strong>11131‘20,</strong></span> <span class='ocrx_word' id='word_1_220' title='bbox 1099 1626 1174 1650; x_wconf 76' lang='lat'>26</span> <span class='ocrx_word' id='word_1_221' title='bbox 1193 1637 1210 1647; x_wconf 87' lang='lat'>=</span> <span class='ocrx_word' id='word_1_222' title='bbox 1230 1626 1431 1657; x_wconf 57' lang='lat' dir='ltr'>alorile9</span> <span class='ocrx_word' id='word_1_223' title='bbox 1451 1626 1504 1651; x_wconf 81' lang='grc'>6.</span> 
     </span>
    </p>
   </div>
   <div class='ocr_carea' id='block_1_6' title="bbox 626 1714 1519 1740">
    <p class='ocr_par' dir='ltr' id='par_1_6' title="bbox 626 1714 1519 1740">
     <span class='ocr_line' id='line_1_22' title="bbox 626 1714 1519 1740; baseline 0 -5"><span class='ocrx_word' id='word_1_224' title='bbox 626 1715 720 1739; x_wconf 82' lang='lat' dir='ltr'>(Museo</span> <span class='ocrx_word' id='word_1_225' title='bbox 737 1714 786 1736; x_wconf 88' lang='lat' dir='ltr'>Civ.</span> <span class='ocrx_word' id='word_1_226' title='bbox 803 1715 824 1735; x_wconf 84' lang='lat' dir='ltr'>di</span> <span class='ocrx_word' id='word_1_227' title='bbox 841 1715 914 1735; x_wconf 82' lang='lat' dir='ltr'>storia</span> <span class='ocrx_word' id='word_1_228' title='bbox 931 1716 990 1740; x_wconf 79' lang='lat' dir='ltr'>patr.</span> <span class='ocrx_word' id='word_1_229' title='bbox 1007 1714 1029 1735; x_wconf 88' lang='lat' dir='ltr'>di</span> <span class='ocrx_word' id='word_1_230' title='bbox 1046 1714 1116 1735; x_wconf 67' lang='lat' dir='ltr'>Pax-ia</span> <span class='ocrx_word' id='word_1_231' title='bbox 1132 1725 1158 1728; x_wconf 97' lang='lat'><strong>—</strong></span> <span class='ocrx_word' id='word_1_232' title='bbox 1173 1715 1224 1735; x_wconf 78' lang='lat' dir='ltr'>Am</span> <span class='ocrx_word' id='word_1_233' title='bbox 1239 1715 1264 1735; x_wconf 83' lang='lat' dir='ltr'>di</span> <span class='ocrx_word' id='word_1_234' title='bbox 1280 1714 1383 1736; x_wconf 73' lang='lat' dir='ltr'>Provvis.</span> <span class='ocrx_word' id='word_1_235' title='bbox 1401 1714 1476 1735; x_wconf 80' lang='lat' dir='ltr'>Pacco</span> <span class='ocrx_word' id='word_1_236' title='bbox 1491 1715 1519 1739; x_wconf 80' lang='grc'>4).</span> 
     </span>
    </p>
   </div>
   <div class='ocr_carea' id='block_1_7' title="bbox 183 1780 1898 1956">
    <p class='ocr_par' dir='ltr' id='par_1_7' title="bbox 183 1780 1898 1956">
     <span class='ocr_line' id='line_1_23' title="bbox 184 1780 185 1791; baseline 0 0"><span class='ocrx_word' id='word_1_237' title='bbox 184 1780 185 1791; x_wconf 51' lang='lat' dir='ltr'>i</span> 
     </span>
     <span class='ocr_line' id='line_1_24' title="bbox 183 1803 1050 1936; baseline 0 -71"><span class='ocrx_word' id='word_1_238' title='bbox 183 1803 185 1876; x_wconf 40' lang='lat' dir='ltr'>l</span> <span class='ocrx_word' id='word_1_239' title='bbox 219 1819 365 1936; x_wconf 78' lang='lat' dir='ltr'>M</span> <span class='ocrx_word' id='word_1_240' title='bbox 413 1838 448 1872; x_wconf 81' lang='lat' dir='ltr'>D,</span> <span class='ocrx_word' id='word_1_241' title='bbox 475 1835 528 1865; x_wconf 88' lang='lat' dir='ltr'>die</span> <span class='ocrx_word' id='word_1_242' title='bbox 555 1834 659 1876; x_wconf 82' lang='lat' dir='ltr'>XXV]</span> <span class='ocrx_word' id='word_1_243' title='bbox 687 1835 811 1872; x_wconf 86' lang='lat' dir='ltr'>marcii,</span> <span class='ocrx_word' id='word_1_244' title='bbox 838 1835 869 1865; x_wconf 91' lang='lat' dir='ltr'>in</span> <span class='ocrx_word' id='word_1_245' title='bbox 897 1835 1050 1875; x_wconf 88' lang='lat' dir='ltr'>vesperis</span> 
     </span>
     <span class='ocr_line' id='line_1_25' title="bbox 184 1878 1898 1956; baseline -0.001 -28"><span class='ocrx_word' id='word_1_246' title='bbox 184 1878 185 1956; x_wconf 37' lang='grc' dir='ltr'>ἢ</span> <span class='ocrx_word' id='word_1_247' title='bbox 523 1895 723 1929; x_wconf 82' lang='lat' dir='ltr'>Convocato</span> <span class='ocrx_word' id='word_1_248' title='bbox 748 1897 922 1935; x_wconf 88' lang='lat' dir='ltr'>conscilio,</span> <span class='ocrx_word' id='word_1_249' title='bbox 948 1899 1019 1934; x_wconf 86' lang='lat' dir='ltr'>etc.,</span> <span class='ocrx_word' id='word_1_250' title='bbox 1047 1896 1203 1928; x_wconf 81' lang='lat' dir='ltr'>Prefati...</span> <span class='ocrx_word' id='word_1_251' title='bbox 1229 1896 1356 1927; x_wconf 86' lang='lat' dir='ltr'>domini</span> <span class='ocrx_word' id='word_1_252' title='bbox 1384 1895 1609 1933; x_wconf 84' lang='lat' dir='ltr'>Presidentes,</span> <span class='ocrx_word' id='word_1_253' title='bbox 1635 1896 1898 1927; x_wconf 83' lang='lat' dir='ltr'>ordinaverunt:</span> 
     </span>
    </p>
   </div>
   <div class='ocr_carea' id='block_1_8' title="bbox 167 1957 1990 2062">
    <p class='ocr_par' dir='ltr' id='par_1_8' title="bbox 167 1957 1990 2062">
     <span class='ocr_line' id='line_1_26' title="bbox 522 1957 1990 2000; baseline -0.001 -10"><span class='ocrx_word' id='word_1_254' title='bbox 522 1958 622 1997; x_wconf 88' lang='lat' dir='ltr'>Quod</span> <span class='ocrx_word' id='word_1_255' title='bbox 649 1960 729 1990; x_wconf 89' lang='lat' dir='ltr'>fiant</span> <span class='ocrx_word' id='word_1_256' title='bbox 754 1960 843 1991; x_wconf 86' lang='lat' dir='ltr'>eride</span> <span class='ocrx_word' id='word_1_257' title='bbox 870 1968 930 2000; x_wconf 86' lang='lat' dir='ltr'>pro</span> <span class='ocrx_word' id='word_1_258' title='bbox 956 1960 1133 1991; x_wconf 84' lang='lat' dir='ltr'>oblacione</span> <span class='ocrx_word' id='word_1_259' title='bbox 1152 1959 1262 1990; x_wconf 81' lang='lat' dir='ltr'>fienda</span> <span class='ocrx_word' id='word_1_260' title='bbox 1280 1959 1322 1990; x_wconf 88' lang='lat' dir='ltr'>ad</span> <span class='ocrx_word' id='word_1_261' title='bbox 1341 1958 1517 1989; x_wconf 89' lang='lat' dir='ltr'>ecclesiam</span> <span class='ocrx_word' id='word_1_262' title='bbox 1545 1959 1650 1989; x_wconf 89' lang='lat' dir='ltr'>sancti</span> <span class='ocrx_word' id='word_1_263' title='bbox 1671 1957 1765 1989; x_wconf 85' lang='lat' dir='ltr'>Pauli</span> <span class='ocrx_word' id='word_1_264' title='bbox 1793 1959 1823 1989; x_wconf 92' lang='lat' dir='ltr'>in</span> <span class='ocrx_word' id='word_1_265' title='bbox 1851 1959 1903 1989; x_wconf 84' lang='lat' dir='ltr'>die</span> <span class='ocrx_word' id='word_1_266' title='bbox 1930 1959 1990 1989; x_wconf 80' lang='lat' dir='ltr'>do-</span> 
     </span>
     <span class='ocr_line' id='line_1_27' title="bbox 167 2020 1908 2062; baseline 0 -11"><span class='ocrx_word' id='word_1_267' title='bbox 167 2021 299 2059; x_wconf 80' lang='lat' dir='ltr'>minica,</span> <span class='ocrx_word' id='word_1_268' title='bbox 326 2021 365 2052; x_wconf 92' lang='lat' dir='ltr'>Vl</span> <span class='ocrx_word' id='word_1_269' title='bbox 391 2022 509 2062; x_wconf 85' lang='lat' dir='ltr'>aprilis</span> <span class='ocrx_word' id='word_1_270' title='bbox 534 2024 565 2052; x_wconf 92' lang='lat' dir='ltr'>et</span> <span class='ocrx_word' id='word_1_271' title='bbox 591 2022 671 2053; x_wconf 88' lang='lat' dir='ltr'>fiant</span> <span class='ocrx_word' id='word_1_272' title='bbox 698 2023 790 2053; x_wconf 82' lang='lat' dir='ltr'>iuxta</span> <span class='ocrx_word' id='word_1_273' title='bbox 817 2022 953 2053; x_wconf 88' lang='lat' dir='ltr'>solitum</span> <span class='ocrx_word' id='word_1_274' title='bbox 980 2024 1011 2053; x_wconf 90' lang='lat' dir='ltr'>et</span> <span class='ocrx_word' id='word_1_275' title='bbox 1037 2022 1093 2053; x_wconf 85' lang='lat' dir='ltr'>fiat</span> <span class='ocrx_word' id='word_1_276' title='bbox 1120 2022 1244 2052; x_wconf 87' lang='lat' dir='ltr'>bulleta</span> <span class='ocrx_word' id='word_1_277' title='bbox 1271 2021 1311 2052; x_wconf 88' lang='lat' dir='ltr'>de</span> <span class='ocrx_word' id='word_1_278' title='bbox 1338 2021 1475 2051; x_wconf 84' lang='lat' dir='ltr'>florenis</span> <span class='ocrx_word' id='word_1_279' title='bbox 1501 2020 1614 2051; x_wconf 89' lang='lat' dir='ltr'>decem</span> <span class='ocrx_word' id='word_1_280' title='bbox 1642 2021 1734 2051; x_wconf 88' lang='lat' dir='ltr'>iuxta</span> <span class='ocrx_word' id='word_1_281' title='bbox 1761 2021 1908 2051; x_wconf 87' lang='lat' dir='ltr'>solitum.</span> 
     </span>
    </p>
   </div>
   <div class='ocr_carea' id='block_1_9' title="bbox 167 2127 1988 2408">
    <p class='ocr_par' dir='ltr' id='par_1_9' title="bbox 259 2127 867 2169">
     <span class='ocr_line' id='line_1_28' title="bbox 259 2127 867 2169; baseline 0.002 -11"><span class='ocrx_word' id='word_1_282' title='bbox 259 2127 352 2165; x_wconf 88' lang='lat'>1500,</span> <span class='ocrx_word' id='word_1_283' title='bbox 378 2127 432 2159; x_wconf 88' lang='lat' dir='ltr'>die</span> <span class='ocrx_word' id='word_1_284' title='bbox 457 2127 497 2159; x_wconf 90' lang='lat' dir='ltr'>Vl</span> <span class='ocrx_word' id='word_1_285' title='bbox 524 2127 661 2169; x_wconf 76' lang='lat' dir='ltr'>Aprilis,</span> <span class='ocrx_word' id='word_1_286' title='bbox 688 2129 719 2159; x_wconf 92' lang='lat' dir='ltr'>in</span> <span class='ocrx_word' id='word_1_287' title='bbox 746 2129 867 2160; x_wconf 86' lang='lat' dir='ltr'>terciis.</span> 
     </span>
    </p>

    <p class='ocr_par' dir='ltr' id='par_1_10' title="bbox 253 2188 1052 2228">
     <span class='ocr_line' id='line_1_29' title="bbox 253 2188 1052 2228; baseline -0.001 -6"><span class='ocrx_word' id='word_1_288' title='bbox 253 2188 453 2222; x_wconf 85' lang='lat' dir='ltr'>Convocato</span> <span class='ocrx_word' id='word_1_289' title='bbox 478 2190 653 2228; x_wconf 90' lang='lat' dir='ltr'>conscilio,</span> <span class='ocrx_word' id='word_1_290' title='bbox 679 2192 762 2222; x_wconf 87' lang='lat' dir='ltr'>etc...</span> <span class='ocrx_word' id='word_1_291' title='bbox 788 2191 1052 2221; x_wconf 87' lang='lat' dir='ltr'>ordinaverunt:</span> 
     </span>
    </p>

    <p class='ocr_par' dir='ltr' id='par_1_11' title="bbox 167 2251 1988 2408">
     <span class='ocr_line' id='line_1_30' title="bbox 255 2251 1987 2292; baseline -0.001 -9"><span class='ocrx_word' id='word_1_292' title='bbox 255 2251 356 2290; x_wconf 89' lang='lat' dir='ltr'>Quod</span> <span class='ocrx_word' id='word_1_293' title='bbox 382 2252 462 2283; x_wconf 88' lang='lat' dir='ltr'>fiant</span> <span class='ocrx_word' id='word_1_294' title='bbox 487 2253 577 2284; x_wconf 87' lang='lat' dir='ltr'>eride</span> <span class='ocrx_word' id='word_1_295' title='bbox 602 2255 634 2284; x_wconf 87' lang='lat' dir='ltr'>et</span> <span class='ocrx_word' id='word_1_296' title='bbox 660 2253 817 2284; x_wconf 87' lang='lat' dir='ltr'>mandata</span> <span class='ocrx_word' id='word_1_297' title='bbox 844 2253 935 2292; x_wconf 87' lang='lat' dir='ltr'>quod</span> <span class='ocrx_word' id='word_1_298' title='bbox 962 2253 1016 2284; x_wconf 87' lang='lat' dir='ltr'>die</span> <span class='ocrx_word' id='word_1_299' title='bbox 1042 2253 1212 2283; x_wconf 88' lang='lat' dir='ltr'>dominica</span> <span class='ocrx_word' id='word_1_300' title='bbox 1239 2252 1393 2292; x_wconf 85' lang='lat' dir='ltr'>proxime</span> <span class='ocrx_word' id='word_1_301' title='bbox 1418 2251 1529 2282; x_wconf 85' lang='lat' dir='ltr'>futura</span> <span class='ocrx_word' id='word_1_302' title='bbox 1556 2253 1633 2292; x_wconf 90' lang='lat' dir='ltr'>post</span> <span class='ocrx_word' id='word_1_303' title='bbox 1649 2251 1911 2292; x_wconf 84' lang='lat' dir='ltr'>predicationem</span> <span class='ocrx_word' id='word_1_304' title='bbox 1930 2251 1987 2282; x_wconf 83' lang='lat' dir='ltr'>fiat</span> 
     </span>
     <span class='ocr_line' id='line_1_31' title="bbox 167 2309 1988 2355; baseline -0.001 -9"><span class='ocrx_word' id='word_1_305' title='bbox 167 2309 363 2345; x_wconf 85' lang='lat' dir='ltr'>oblatio&#39;ad</span> <span class='ocrx_word' id='word_1_306' title='bbox 390 2317 543 2346; x_wconf 82' lang='lat' dir='ltr'>sanctum</span> <span class='ocrx_word' id='word_1_307' title='bbox 582 2314 735 2351; x_wconf 84' lang='lat' dir='ltr'>Paulum,</span> <span class='ocrx_word' id='word_1_308' title='bbox 761 2318 793 2346; x_wconf 86' lang='lat' dir='ltr'>et</span> <span class='ocrx_word' id='word_1_309' title='bbox 819 2316 1000 2346; x_wconf 86' lang='lat' dir='ltr'>invitentur</span> <span class='ocrx_word' id='word_1_310' title='bbox 1037 2315 1174 2355; x_wconf 83' lang='lat' dir='ltr'>paratici</span> <span class='ocrx_word' id='word_1_311' title='bbox 1202 2317 1233 2345; x_wconf 86' lang='lat' dir='ltr'>et</span> <span class='ocrx_word' id='word_1_312' title='bbox 1257 2314 1413 2351; x_wconf 84' lang='lat' dir='ltr'>artifices,</span> <span class='ocrx_word' id='word_1_313' title='bbox 1440 2316 1642 2345; x_wconf 87' lang='lat' dir='ltr'>mercatores</span> <span class='ocrx_word' id='word_1_314' title='bbox 1667 2316 1698 2345; x_wconf 88' lang='lat' dir='ltr'>et</span> <span class='ocrx_word' id='word_1_315' title='bbox 1723 2314 1815 2345; x_wconf 88' lang='lat' dir='ltr'>cives</span> <span class='ocrx_word' id='word_1_316' title='bbox 1841 2314 1988 2345; x_wconf 84' lang='lat' dir='ltr'>civitatis</span> 
     </span>
     <span class='ocr_line' id='line_1_32' title="bbox 169 2377 436 2408; baseline 0 0"><span class='ocrx_word' id='word_1_317' title='bbox 169 2377 262 2408; x_wconf 89' lang='lat' dir='ltr'>iuxta</span> <span class='ocrx_word' id='word_1_318' title='bbox 289 2377 436 2408; x_wconf 91' lang='lat' dir='ltr'>solitum.</span> 
     </span>
    </p>
   </div>
   <div class='ocr_carea' id='block_1_10' title="bbox 913 2471 1254 2512">
    <p class='ocr_par' dir='ltr' id='par_1_12' title="bbox 913 2471 1254 2512">
     <span class='ocr_line' id='line_1_33' title="bbox 913 2471 1254 2512; baseline -0.006 0"><span class='ocrx_word' id='word_1_319' title='bbox 913 2472 998 2512; x_wconf 85' lang='lat' dir='ltr'>Dc</span> <span class='ocrx_word' id='word_1_320' title='bbox 1005 2471 1254 2511; x_wconf 88' lang='lat' dir='ltr'>XXXIX.</span> 
     </span>
    </p>
   </div>
   <div class='ocr_carea' id='block_1_11' title="bbox 258 2579 1518 2617">
    <p class='ocr_par' dir='ltr' id='par_1_13' title="bbox 258 2579 1518 2617">
     <span class='ocr_line' id='line_1_34' title="bbox 258 2579 1518 2617; baseline -0.002 -8"><span class='ocrx_word' id='word_1_321' title='bbox 258 2581 396 2609; x_wconf 86' lang='lat' dir='ltr'>Laurea</span> <span class='ocrx_word' id='word_1_322' title='bbox 422 2581 456 2609; x_wconf 89' lang='lat' dir='ltr'>in</span> <span class='ocrx_word' id='word_1_323' title='bbox 481 2581 636 2617; x_wconf 87' lang='lat' dir='ltr'>teologia</span> <span class='ocrx_word' id='word_1_324' title='bbox 662 2581 697 2609; x_wconf 89' lang='lat' dir='ltr'>di</span> <span class='ocrx_word' id='word_1_325' title='bbox 723 2582 812 2609; x_wconf 86' lang='lat' dir='ltr'>frate</span> <span class='ocrx_word' id='word_1_326' title='bbox 838 2581 972 2617; x_wconf 86' lang='lat' dir='ltr'>Angelo</span> <span class='ocrx_word' id='word_1_327' title='bbox 999 2580 1187 2608; x_wconf 86' lang='lat' dir='ltr'>Panizzeni</span> <span class='ocrx_word' id='word_1_328' title='bbox 1214 2580 1248 2608; x_wconf 90' lang='lat' dir='ltr'>di</span> <span class='ocrx_word' id='word_1_329' title='bbox 1274 2579 1518 2611; x_wconf 81' lang='lat' dir='ltr'>Alessandria,</span> 
     </span>
    </p>
   </div>
   <div class='ocr_carea' id='block_1_12' title="bbox 799 2675 1370 2707">
    <p class='ocr_par' dir='ltr' id='par_1_14' title="bbox 799 2675 1370 2707">
     <span class='ocr_line' id='line_1_35' title="bbox 799 2675 1370 2707; baseline -0.002 -7"><span class='ocrx_word' id='word_1_330' title='bbox 799 2676 962 2707; x_wconf 72' lang='lat'>1500,</span> <span class='ocrx_word' id='word_1_331' title='bbox 994 2675 1258 2706; x_wconf 52' lang='lat' dir='ltr'>manag-io,</span> <span class='ocrx_word' id='word_1_332' title='bbox 1292 2675 1370 2699; x_wconf 70' lang='lat'>14.</span> 
     </span>
    </p>
   </div>
   <div class='ocr_carea' id='block_1_13' title="bbox 756 2762 1404 2787">
    <p class='ocr_par' dir='ltr' id='par_1_15' title="bbox 756 2762 1404 2787">
     <span class='ocr_line' id='line_1_36' title="bbox 756 2762 1404 2787; baseline -0.003 -2"><span class='ocrx_word' id='word_1_333' title='bbox 756 2764 834 2785; x_wconf 80' lang='lat' dir='ltr'>(Areli.</span> <span class='ocrx_word' id='word_1_334' title='bbox 852 2764 933 2785; x_wconf 76' lang='lat' dir='ltr'>Notar.</span> <span class='ocrx_word' id='word_1_335' title='bbox 950 2764 972 2784; x_wconf 87' lang='lat' dir='ltr'>di</span> <span class='ocrx_word' id='word_1_336' title='bbox 990 2763 1068 2785; x_wconf 77' lang='lat' dir='ltr'>Pavia.</span> <span class='ocrx_word' id='word_1_337' title='bbox 1086 2775 1109 2776; x_wconf 32' lang='lat' dir='ltr'><em>j</em></span> <span class='ocrx_word' id='word_1_338' title='bbox 1126 2763 1173 2784; x_wconf 84' lang='lat' dir='ltr'>Atti</span> <span class='ocrx_word' id='word_1_339' title='bbox 1189 2763 1211 2783; x_wconf 88' lang='lat' dir='ltr'>di</span> <span class='ocrx_word' id='word_1_340' title='bbox 1227 2762 1278 2784; x_wconf 88' lang='lat' dir='ltr'>Siro</span> <span class='ocrx_word' id='word_1_341' title='bbox 1295 2762 1404 2787; x_wconf 51' lang='lat' dir='ltr'>Pescnril</span> 
     </span>
    </p>
   </div>
   <div class='ocr_carea' id='block_1_14' title="bbox 187 2870 1989 3044">
    <p class='ocr_par' dir='ltr' id='par_1_16' title="bbox 187 2870 1989 3044">
     <span class='ocr_line' id='line_1_37' title="bbox 249 2870 1987 2978; baseline -0.001 -65"><span class='ocrx_word' id='word_1_342' title='bbox 249 2870 268 2978; x_wconf 83' lang='grc' dir='ltr'>Ι</span> <span class='ocrx_word' id='word_1_343' title='bbox 342 2870 348 2965; x_wconf 78' lang='grc' dir='ltr'>Ι</span> <span class='ocrx_word' id='word_1_344' title='bbox 414 2886 576 2915; x_wconf 82' lang='lat' dir='ltr'>vaERSlS</span> <span class='ocrx_word' id='word_1_345' title='bbox 601 2885 632 2913; x_wconf 94' lang='lat' dir='ltr'>et</span> <span class='ocrx_word' id='word_1_346' title='bbox 650 2883 794 2923; x_wconf 86' lang='lat' dir='ltr'>singulis</span> <span class='ocrx_word' id='word_1_347' title='bbox 812 2884 986 2923; x_wconf 84' lang='lat' dir='ltr'>presentes</span> <span class='ocrx_word' id='word_1_348' title='bbox 1005 2882 1130 2913; x_wconf 87' lang='lat' dir='ltr'>litteras</span> <span class='ocrx_word' id='word_1_349' title='bbox 1164 2881 1366 2921; x_wconf 86' lang='lat' dir='ltr'>inspecturis</span> <span class='ocrx_word' id='word_1_350' title='bbox 1385 2880 1612 2912; x_wconf 84' lang='lat' dir='ltr'>Bernardinus</span> <span class='ocrx_word' id='word_1_351' title='bbox 1639 2880 1794 2921; x_wconf 86' lang='lat' dir='ltr'>Nigonus</span> <span class='ocrx_word' id='word_1_352' title='bbox 1813 2880 1853 2911; x_wconf 88' lang='lat' dir='ltr'>de</span> <span class='ocrx_word' id='word_1_353' title='bbox 1872 2879 1987 2920; x_wconf 66' lang='lat' dir='ltr'>Regio,</span> 
     </span>
     <span class='ocr_line' id='line_1_38' title="bbox 187 2940 1987 2985; baseline -0.003 -8"><span class='ocrx_word' id='word_1_354' title='bbox 187 2940 188 2943; x_wconf 49' lang='lat'>&#39;</span> <span class='ocrx_word' id='word_1_355' title='bbox 407 2959 409 2967; x_wconf 44' lang='grc' dir='ltr'>ι</span> <span class='ocrx_word' id='word_1_356' title='bbox 437 2945 518 2976; x_wconf 90' lang='lat' dir='ltr'>iuris</span> <span class='ocrx_word' id='word_1_357' title='bbox 545 2945 720 2985; x_wconf 87' lang='lat' dir='ltr'>utriusque</span> <span class='ocrx_word' id='word_1_358' title='bbox 747 2945 875 2983; x_wconf 72' lang='lat' dir='ltr'>doctor,</span> <span class='ocrx_word' id='word_1_359' title='bbox 901 2944 1174 2975; x_wconf 84' lang='lat' dir='ltr'>reverendissimi</span> <span class='ocrx_word' id='word_1_360' title='bbox 1202 2944 1232 2974; x_wconf 89' lang='lat' dir='ltr'>in</span> <span class='ocrx_word' id='word_1_361' title='bbox 1260 2941 1397 2975; x_wconf 84' lang='lat' dir='ltr'>Christo</span> <span class='ocrx_word' id='word_1_362' title='bbox 1424 2943 1529 2982; x_wconf 85' lang='lat' dir='ltr'>patris</span> <span class='ocrx_word' id='word_1_363' title='bbox 1554 2945 1585 2973; x_wconf 89' lang='lat' dir='ltr'>et</span> <span class='ocrx_word' id='word_1_364' title='bbox 1611 2942 1829 2973; x_wconf 86' lang='lat' dir='ltr'>illustrissimi</span> <span class='ocrx_word' id='word_1_365' title='bbox 1860 2942 1987 2972; x_wconf 86' lang='lat' dir='ltr'>domini</span> 
     </span>
     <span class='ocr_line' id='line_1_39' title="bbox 294 3004 1989 3044; baseline -0.003 -4"><span class='ocrx_word' id='word_1_366' title='bbox 294 3020 409 3044; x_wconf 41' lang='grc' dir='ltr'>ᾖ(</span> <span class='ocrx_word' id='word_1_367' title='bbox 436 3008 562 3039; x_wconf 90' lang='lat' dir='ltr'>domini</span> <span class='ocrx_word' id='word_1_368' title='bbox 590 3007 750 3039; x_wconf 81' lang='lat' dir='ltr'>Aschanil</span> <span class='ocrx_word' id='word_1_369' title='bbox 778 3008 884 3039; x_wconf 83' lang='lat' dir='ltr'>Marie</span> <span class='ocrx_word' id='word_1_370' title='bbox 910 3008 1015 3039; x_wconf 83' lang='lat' dir='ltr'>sancti</span> <span class='ocrx_word' id='word_1_371' title='bbox 1043 3006 1107 3038; x_wconf 88' lang='lat' dir='ltr'>Viti</span> <span class='ocrx_word' id='word_1_372' title='bbox 1135 3005 1276 3037; x_wconf 88' lang='lat' dir='ltr'>Diaconi</span> <span class='ocrx_word' id='word_1_373' title='bbox 1296 3004 1489 3038; x_wconf 88' lang='lat' dir='ltr'>Cardinalis</span> <span class='ocrx_word' id='word_1_374' title='bbox 1507 3004 1629 3037; x_wconf 89' lang='lat' dir='ltr'>Sfortie</span> <span class='ocrx_word' id='word_1_375' title='bbox 1648 3005 1874 3041; x_wconf 82' lang='lat' dir='ltr'>vicecomitis,</span> <span class='ocrx_word' id='word_1_376' title='bbox 1893 3012 1989 3036; x_wconf 86' lang='lat' dir='ltr'>sanc-</span> 
     </span>
    </p>
   </div>
   <div class='ocr_carea' id='block_1_15' title="bbox 169 3066 1989 3153">
    <p class='ocr_par' dir='ltr' id='par_1_17' title="bbox 169 3066 1989 3153">
     <span class='ocr_line' id='line_1_40' title="bbox 169 3066 1989 3109; baseline -0.002 -9"><span class='ocrx_word' id='word_1_377' title='bbox 169 3071 268 3109; x_wconf 87' lang='lat' dir='ltr'>teque</span> <span class='ocrx_word' id='word_1_378' title='bbox 294 3068 443 3102; x_wconf 80' lang='lat' dir='ltr'>Romane</span> <span class='ocrx_word' id='word_1_379' title='bbox 469 3069 618 3101; x_wconf 87' lang='lat' dir='ltr'>Ecclesie</span> <span class='ocrx_word' id='word_1_380' title='bbox 644 3069 915 3101; x_wconf 82' lang='lat' dir='ltr'>vicecancellarii</span> <span class='ocrx_word' id='word_1_381' title='bbox 934 3078 971 3100; x_wconf 93' lang='lat' dir='ltr'>ac</span> <span class='ocrx_word' id='word_1_382' title='bbox 996 3069 1216 3109; x_wconf 86' lang='lat' dir='ltr'>episcopatus</span> <span class='ocrx_word' id='word_1_383' title='bbox 1242 3068 1417 3108; x_wconf 83' lang='lat' dir='ltr'>papiensis</span> <span class='ocrx_word' id='word_1_384' title='bbox 1444 3068 1594 3108; x_wconf 87' lang='lat' dir='ltr'>perpetui</span> <span class='ocrx_word' id='word_1_385' title='bbox 1620 3066 1904 3098; x_wconf 87' lang='lat' dir='ltr'>administratoris</span> <span class='ocrx_word' id='word_1_386' title='bbox 1930 3075 1989 3097; x_wconf 87' lang='lat' dir='ltr'>nec</span> 
     </span>
     <span class='ocr_line' id='line_1_41' title="bbox 1957 3134 1983 3153; baseline 0 0"><span class='ocrx_word' id='word_1_387' title='bbox 1957 3134 1983 3153; x_wconf 66' lang='lat' dir='ltr'>dt}</span> 
     </span>
    </p>
   </div>
  </div>
 </body>
</html>
