2347 3444
873 396 1248 438 CCLXXXIX.

245 506 476 534 Testamento
502 506 558 534 del
583 506 663 534 nob.
684 506 856 535 Tolomeo
875 506 1007 542 Sarego
1024 505 1137 542 prima
1152 505 1187 533 di
1201 509 1369 533 emettere
1384 505 1393 532 i
1409 504 1482 533 voti
1496 504 1715 533 nell'Ordine
1735 506 1970 541 agostiniano.

830 628 982 659 1459,
1013 628 1210 659 lugan,
1244 627 1295 651 3.

716 725 793 748 ‹An-n.
811 725 890 745 Notar.
908 725 929 745 di
947 724 1016 745 Pavia
1034 736 1056 738 —
1072 724 1119 745 Atti
1136 724 1157 745 di
1175 724 1266 745 Matteo
1283 724 1399 748 Nazzari).

172 860 230 871 ‘W‘
262 860 300 861 j
345 859 348 860 ⁷
372 859 396 880 ‘l

172 889 173 968 1
222 909 343 1025 N
395 881 493 952 ¹ELLA
517 930 597 953 casu
622 922 675 953 del
698 922 822 953 Notaio
848 923 878 953 in
904 921 1104 953 Parrocclzm
1129 921 1164 953 cii
1188 921 1220 954 S.
1247 921 1291 952 M.
1324 921 1485 953 Venefica.
1520 920 1730 953 Tholomeus
1756 922 1797 952 de
1824 920 1974 952 Seratico

172 971 174 1000 Ῐ
395 971 397 1032 f
424 984 513 1015 filius
530 984 702 1024 quondam
721 984 846 1015 domini
867 984 1024 1015 Iohannis
1038 982 1099 1024 (l),
1118 985 1174 1025 qui
1194 985 1303 1024 portat
1322 984 1471 1015 habitum
1491 983 1597 1015 sancti
1617 982 1808 1024 Augustini,
1828 983 1974 1014 nondum

172 1018 174 1072 i
254 1035 397 1084 ffj'
425 1046 613 1086 professus,
641 1046 745 1076 maior
770 1055 932 1077 annorum
959 1047 1259 1087 quatuordecim...
1280 1046 1310 1077 in
1330 1046 1499 1086 presentia
1518 1046 1641 1077 nobilis
1661 1046 1721 1076 viri
1741 1046 1867 1076 domini
1895 1045 1977 1076 Leo—

158 1109 251 1140 nardi
278 1109 318 1140 de
345 1107 495 1140 Seratico
532 1109 604 1139 eius
645 1108 797 1148 patrui...
825 1117 929 1139 sanus
956 1117 1106 1148 corpore,
1134 1110 1242 1139 mente
1269 1110 1300 1139 et
1327 1107 1540 1139 intellectu...
1567 1106 1692 1139 Christi
1721 1108 1853 1138 nomine
1881 1107 1974 1138 invo-

158 1173 275 1203 cato...
302 1179 399 1202 suum
426 1172 661 1202 testamentum
690 1171 719 1200 in
749 1171 835 1201 liunc
863 1171 998 1201 modum
1026 1170 1135 1202 facere
1162 1170 1355 1210 procuravit
1381 1178 1419 1201 ac
1444 1169 1522 1201 fecit
1547 1171 1578 1201 et
1604 1169 1692 1201 tacit.

248 1233 280 1264 ln
307 1233 425 1273 primis
451 1232 587 1273 quidem
616 1233 687 1272 ipsc
715 1232 922 1263 Tlioloineus
948 1234 1087 1264 testator
1112 1233 1272 1269 cassavit,
1299 1232 1470 1264 revocavit
1496 1233 1526 1263 et
1552 1231 1782 1263 annullavit...
1802 1232 1913 1262 omnia
1931 1234 1979 1262 te-

160 1297 327 1327 stamenta
353 1297 384 1326 et
410 1303 528 1326 omnes
554 1294 774 1326 codicillos...
801 1304 860 1334 per
886 1295 995 1334 ipsum
1014 1296 1207 1326 testatorem
1235 1295 1440 1325 hactenus...
1468 1294 1555 1325 tacta
1573 1296 1604 1325 et
1622 1294 1774 1325 factos...
1796 1293 1873 1325 ltem
1893 1294 1978 1325 serie

159 1358 352 1389 huiusmodi
391 1357 557 1398 presentis
588 1357 777 1388 testamenti
805 1359 836 1388 et
861 1357 1083 1388 ordinationis
1117 1357 1366 1388 recomendavit
1393 1358 1423 1388 et
1450 1356 1663 1388 recomendat
1700 1357 1843 1387 animam
1883 1365 1978 1387 suam

160 1419 334 1451 Altissimo
361 1418 512 1451 Creatori
539 1428 612 1457 suO,
640 1419 671 1450 in
697 1419 794 1450 cuius
821 1428 940 1450 manus
966 1421 1043 1451 sunt
1069 1428 1185 1451 omnes
1211 1420 1296 1450 fines
1321 1421 1404 1450 terre
1430 1420 1460 1450 et
1486 1419 1517 1449 in
1544 1419 1640 1450 cuius
1676 1420 1841 1459 potestate
1868 1419 1978 1459 posita

161 1482 320 1514 universa
346 1483 435 1519 sunt,
462 1490 521 1513 nec
549 1482 599 1512 est
626 1481 681 1521 qui
709 1481 750 1512 de
776 1490 874 1512 manu
902 1490 962 1512 sua
989 1482 1098 1521 possit
1123 1490 1266 1512 erruere.

250 1544 284 1575 lu
310 1544 469 1575 omnibus
506 1546 617 1575 autem
656 1544 728 1575 suis
765 1544 864 1574 bonis
902 1544 1096 1575 mobillibus
1122 1545 1153 1574 et
1179 1543 1453 1574 immobilibus...
1481 1543 1553 1583 ipse
1580 1545 1719 1574 testator
1744 1543 1807 1573 sibi
1836 1543 1978 1574 heredes

161 1607 372 1638 universales
399 1606 541 1637 instituit
568 1605 756 1636 Fabricium
783 1607 814 1636 et
840 1604 1060 1637 Constantem
1087 1605 1205 1636 fratres
1231 1605 1272 1636 de
1299 1603 1448 1636 Seratico
1473 1613 1511 1636 ac
1536 1604 1655 1636 fratres
1675 1605 1783 1645 ipsius
1798 1605 1980 1639 testatoris.

159 1670 253 1709 ipsos
279 1678 335 1700 ore
361 1668 499 1708 proprio
525 1667 742 1704 nominando,
769 1667 865 1707 equis
892 1667 1120 1707 porcionibus.
1149 1666 1187 1698 Et
1214 1667 1273 1698 liec
1292 1669 1341 1698 est
1361 1667 1469 1707 ipsius
1487 1667 1658 1698 testatoris
1678 1667 1792 1697 ultima
1812 1667 1980 1702 voluntas,

165 1740 276 1771 quam,
303 1733 364 1762 etc.

988 1886 1173 1926 CCXC.

255 1995 531 2032 Compromesso
557 1995 592 2023 di
618 1995 707 2023 frate
733 1995 878 2030 Giorgio
905 1995 947 2023 da
974 1994 1108 2022 Milano
1133 2003 1151 2022 e
1177 1994 1212 2022 di
1238 1994 1433 2022 Castellina
1459 1993 1603 2022 Bertoni
1629 1993 1795 2029 riguardo
1814 1993 1884 2021 alla
1903 1993 1979 2021 loro

168 2048 427 2078 controversia.

835 2116 989 2147 1460,
1020 2122 1240 2147 nmarzo,
1269 2116 1321 2140 6.

727 2213 804 2238 (Aren.
822 2213 902 2234 Notar.
920 2213 941 2233 di
958 2212 1029 2233 Pavia
1045 2224 1069 2226 —
1086 2213 1133 2233 Atti
1149 2212 1170 2233 di
1187 2212 1299 2234 Giacomo
1316 2213 1422 2237 Ferrari).

273 2399 320 2513 I
404 2395 435 2461 fN
459 2411 551 2443 curia
577 2410 715 2443 Pallacii
741 2409 906 2443 Comunis
933 2410 1081 2450 Papie....
1109 2411 1139 2441 in
1166 2412 1343 2450 presencia
1370 2411 1494 2452 egregii
1514 2413 1545 2442 et
1564 2412 1746 2451 prestantis
1766 2411 1875 2452 legum
1903 2412 1985 2443 doc-

404 2468 405 2526 ]
433 2475 514 2507 toris
540 2474 579 2506 D.
606 2474 754 2506 Federici
773 2475 814 2506 de
834 2473 1024 2506 Sfondratis
1043 2474 1084 2505 de
1102 2471 1269 2505 Cremona
1289 2473 1403 2504 vicarii
1423 2473 1634 2514 generalis...
1654 2473 1780 2504 domini
1800 2473 1985 2505 Potestatis

275 2572 288 2573 W
348 2572 358 2573 ἶ
391 2534 405 2573 ⁴l
433 2536 580 2577 Papie....
608 2537 817 2569 Venerabilis
845 2538 894 2567 vir
919 2537 1077 2567 dominus
1104 2536 1203 2567 trater
1228 2534 1397 2576 Georgius
1413 2536 1453 2567 de
1473 2535 1681 2573 Mediolano,
1700 2536 1778 2566 olim
1799 2535 1893 2566 Prior
1919 2545 1989 2566 mo-

168 2600 302 2631 nasterii
330 2602 361 2631 et
386 2599 530 2631 ecclesie
556 2600 663 2632 sancti
690 2599 844 2631 Barnabe
872 2600 912 2630 de
940 2599 1064 2637 Brixia,
1090 2597 1229 2630 Ordinis
1256 2598 1498 2629 Heremitarum
1525 2599 1632 2630 sancti
1652 2597 1830 2639 Augustini
1858 2598 1898 2629 de
1925 2599 1985 2629 ob-

167 2662 348 2698 servantia,
374 2664 544 2702 tamquam
572 2663 726 2694 sindicus
752 2664 781 2693 et
808 2664 1047 2702 procurator...
1075 2661 1153 2692 dicti
1182 2661 1419 2692 monasterii...
1438 2663 1470 2692 et
1487 2661 1623 2692 domina
1642 2659 1827 2692 Castellina
1846 2661 1887 2692 de
1908 2660 1988 2692 Ber-

168 2724 257 2755 tonis
282 2724 349 2755 filia
375 2724 546 2764 quondam
573 2724 765 2756 Michaellis
791 2725 875 2755 civis
903 2724 1076 2764 papiensis
1103 2725 1133 2754 et
1160 2732 1246 2754 uxor
1270 2723 1396 2754 domini
1423 2722 1610 2755 Gualterini
1637 2723 1678 2754 de
1704 2722 1856 2754 Zaziis....
1895 2732 1986 2754 com-

169 2786 414 2826 promisserunt
451 2788 481 2818 et
517 2787 837 2827 compromittunt..‚.
865 2787 895 2817 in
923 2785 1142 2826 spectabilem
1181 2786 1261 2817 iuris
1300 2786 1474 2825 utriusque
1511 2785 1682 2817 doctorem
1718 2784 1757 2816 D.
1786 2785 1984 2816 leronimum

168 2848 209 2879 de
235 2848 434 2889 Mangiariis
460 2850 629 2889 tamquam
657 2849 687 2880 in
714 2849 873 2880 arbitrum
900 2851 930 2880 et
956 2848 1231 2879 arbitratorem....
1258 2848 1444 2879 occaxione
1462 2848 1572 2879 tocius
1591 2848 1663 2879 eius
1682 2848 1773 2887 quod
1792 2848 1870 2878 dicti
1892 2846 1986 2878 Prior

228 3004 257 3024 (ll
273 3003 362 3028 Questo
378 3003 502 3029 Religioso,
518 3005 559 3025 che
581 3005 619 3030 poi
644 3006 776 3025 troveremo
791 3010 803 3025 a
819 3004 841 3025 Sv
866 3005 985 3029 Mostiola,
1011 3010 1050 3029 ap-
1105 3004 1162 3029 le,
1178 3003 1315 3029 occupando
1331 3003 1421 3025 cariche
1437 3004 1562 3025 onorifiche
1577 3004 1621 3024 alla
1637 3003 1707 3024 Corte
1723 3004 1850 3023 vis-conten.
1867 3003 1901 3024 Un
1918 3002 1985 3023 Prus-

174 3048 278 3073 partiene
294 3048 338 3068 alla
353 3048 429 3068 nobile
444 3047 545 3074 iamiglia
557 3050 639 3069 veneta
651 3049 687 3070 dei
699 3048 803 3070 Seratico
814 3048 910 3075 ‹sarego
926 3056 939 3069 ο
950 3048 1054 3073 Seregoi,
1110 3048 1167 3068 sello
1183 3048 1211 3068 ed
1227 3053 1256 3068 un
1281 3048 1361 3068 Nicolo
1383 3048 1411 3068 de
1433 3047 1538 3069 Seralico
1559 3047 1642 3069 turono
1665 3048 1769 3073 preposti
1791 3047 1812 3067 al
1835 3047 1938 3067 Castello
1960 3047 1981 3066 di

174 3097 203 3112 un
219 3097 283 3112 ramo
298 3092 357 3112 della
374 3092 442 3117 quale
457 3092 475 3113 si
492 3098 530 3113 era
546 3093 650 3114 stabilito
666 3093 687 3114 in
704 3093 774 3114 Pavia
790 3094 848 3114 sulla
866 3093 909 3114 tine
921 3093 956 3113 del
972 3093 1051 3113 secolo
1107 3092 1177 3112 Pavia
1193 3092 1252 3113 nella
1268 3092 1340 3117 prima
1357 3092 1417 3113 meta
1433 3092 1469 3113 del
1485 3092 1563 3113 secolo
1582 3092 1628 3113 XV.
