2347 3444
1912 215 1976 247 237

171 339 264 379 piaza
291 339 358 371 fare
385 341 542 372 instantia
567 350 640 373 cum
667 351 745 374 esso
772 342 884 374 Priore
910 345 940 375 et
965 343 1038 375 frati
1066 344 1106 375 de
1132 346 1248 375 sancto
1275 343 1486 384 Augustino,
1523 345 1583 376 elie
1617 345 1775 385 vogliano
1812 348 1980 379 attendere

170 401 221 432 ale
247 411 419 442 promesse
444 404 476 434 et
499 403 549 435 far
574 405 686 436 venire
711 413 789 437 esso
815 405 896 437 frate
922 414 939 437 a
966 406 1136 447 predicare
1161 415 1257 438 como
1283 407 1300 438 'e
1326 407 1420 443 (litto,
1445 406 1639 438 altramente
1675 408 1758 439 oltra
1784 409 1843 440 elie
1870 412 1981 441 vostre

171 464 420 504 magnificencie
446 474 642 497 remaranno
668 467 806 498 sbeffate
832 477 893 499 con
921 469 1066 509 inganno
1092 468 1134 500 da
1159 470 1225 500 essi
1252 469 1337 506 frati,
1354 478 1392 500 ne
1411 469 1484 500 sara
1505 478 1561 509 per
1580 470 1710 509 seguire
1736 471 1861 510 grande
1887 480 1983 502 scan-

172 525 249 556 dalo
276 526 305 557 in
333 527 362 558 la
388 528 493 567 giesia
518 530 550 559 et
574 529 664 569 apud
690 538 807 561 omnes
832 530 934 567 cives,
960 539 1057 562 como
1083 530 1145 561 ben
1173 540 1262 571 pono
1288 531 1551 571 comprehender
1577 534 1688 562 vostre
1723 533 1982 573 magnificencie.

173 586 261 618 Bene
280 588 397 620 valete.
416 589 465 620 Ex
485 589 702 630 Episcopatu,
722 591 841 633 xxviiij
861 591 1012 630 Ianuarii,
1039 592 1271 634 mcccclxxxjj.
1298 592 1555 624 Bartholomeus
1581 592 1761 624 Brunatius
1779 594 1984 634 episcopalis

174 649 318 682 vicarius
343 652 518 691 generalis.

959 828 1205 868 CDLXII.

262 935 311 963 La
336 934 515 963 Comunita
539 928 571 963 d'i
595 935 628 966 S.
653 936 755 964 Paolo
780 935 890 964 riceve
916 945 959 964 un
984 937 1093 972 legato
1118 936 1387 966 testamentario.

794 1048 946 1079 1482,
969 1049 1175 1075 fel)l)x·a
1180 1050 1249 1082 io,
1280 1050 1369 1075 28.

714 1135 791 1160 (Ateii,
808 1136 888 1157 Notar.
905 1136 926 1157 di
944 1137 1013 1157 l’avia
1030 1148 1053 1151 —
1069 1137 1116 1158 Atti
1132 1137 1154 1158 di
1171 1137 1282 1159 Riccardo
1298 1137 1441 1163 Rovescala).

190 1273 191 1356 1
280 1321 327 1436 I
414 1338 444 1378 ¹N
469 1333 672 1364 monasterio
697 1334 802 1364 sancti
830 1332 956 1364 Pauli...
994 1333 1192 1366 Convocato
1217 1338 1248 1366 et
1273 1338 1475 1376 congregato
1512 1334 1670 1376 Capitulo
1707 1337 1845 1368 ecclesie
1883 1337 1987 1368 sancti

190 1358 191 1422 l
443 1395 549 1434 Pauli,
575 1395 713 1428 Ordinis
739 1397 844 1427 sancti
873 1396 1049 1437 Augustini
1077 1397 1117 1427 de
1143 1397 1397 1428 observancia...
1425 1398 1582 1428 mandato
1616 1398 1856 1429 venerabilium
1883 1399 1991 1429 domi-

190 1464 214 1496 [7
295 1494 314 1495 ⁷⁷
341 1494 407 1495 j
442 1467 558 1489 norum
585 1457 696 1489 fratris
721 1456 922 1490 Cliristofori
950 1459 989 1489 de
1016 1459 1174 1490 Vercellis
1201 1458 1325 1491 Prioris
1351 1460 1428 1491 dicti
1455 1461 1646 1491 monasterii
1665 1463 1695 1492 et
1714 1460 1823 1492 fratris
1850 1461 1988 1501 Eugenii

176 1522 216 1552 de
241 1520 360 1553 Crema
387 1520 506 1552 Vicarii
534 1520 610 1551 dicti
639 1521 862 1551 monasterii...
891 1521 920 1551 in
949 1530 1015 1560 quo
1042 1521 1175 1560 quidem
1203 1520 1361 1562 Capitulo
1388 1522 1604 1553 interfuerunt
1641 1524 1671 1554 et
1708 1523 1830 1554 adsunt
1872 1523 1988 1563 prefati

176 1584 301 1614 domini
328 1582 426 1614 frater
452 1581 685 1614 Cliristotorus
710 1584 740 1612 et
767 1582 864 1613 frater
891 1582 1060 1622 Eugenius
1066 1608 1115 1614 .....
1141 1586 1172 1614 et
1198 1592 1305 1623 penex
1332 1592 1391 1614 eos
1417 1584 1627 1615 venerabiles
1653 1584 1777 1615 domini
1805 1584 1903 1615 frater
1930 1584 1991 1616 Pa-

175 1646 290 1678 cificus
316 1646 355 1676 de
382 1645 561 1681 Vercellis,
599 1644 696 1675 frater
723 1644 870 1675 Matliias
896 1645 936 1675 de
964 1644 1092 1682 Brisia,
1129 1645 1228 1676 frater
1254 1645 1416 1676 Tonellus
1442 1646 1482 1677 de
1509 1646 1658 1687 Bugella,
1699 1646 1798 1677 frater
1824 1647 1990 1678 lohannes

174 1708 291 1739 Petrus
317 1708 357 1738 de
384 1706 498 1747 Papia,
525 1706 623 1737 frater
649 1706 782 1737 Orelius
809 1706 1017 1747 Augustinus
1036 1707 1075 1738 de
1096 1706 1198 1747 Papia
1213 1706 1273 1746 (1),
1300 1707 1398 1739 frater
1418 1708 1614 1739 Franciseus
1632 1709 1672 1739 de
1692 1708 1795 1749 Papia
1813 1706 1874 1747 (2),
1893 1708 1991 1740 trater

176 1770 355 1801 Marcellus
382 1769 421 1800 de
449 1769 644 1799 Mediolano
669 1767 730 1807 (3),
758 1768 855 1799 frater
882 1768 973 1799 Felix
1000 1769 1040 1800 de
1066 1768 1182 1807 Coma,
1209 1769 1307 1800 frater
1333 1769 1473 1801 Alexius
1499 1770 1539 1801 de
1566 1769 1711 1808 Savona,
1735 1770 1832 1802 frater
1852 1771 1991 1811 Fillipus

175 1832 215 1862 de
241 1830 357 1868 Coma,
383 1830 482 1862 frater
507 1829 707 1862 Gunifortus
734 1831 773 1861 de
800 1830 1006 1869 Mediolano,
1032 1830 1131 1862 frater
1157 1831 1333 1863 Teodorus
1360 1832 1399 1863 de
1426 1831 1541 1872 Papia,
1568 1832 1666 1864 frater
1692 1832 1801 1864 Iustus
1820 1833 1859 1864 de
1879 1833 1993 1864 Bram-

176 1893 253 1924 billa
279 1895 310 1924 et
335 1892 434 1924 frater
460 1892 630 1933 Eugenius
656 1892 695 1923 de
723 1891 837 1933 Papia,
864 1901 980 1923 omnes
1006 1892 1123 1924 tratres
1157 1892 1300 1933 professi
1339 1894 1415 1925 dicti
1444 1895 1657 1931 monasterii,
1694 1894 1886 1926 facientes..
1924 1895 1991 1926 fere

174 1957 278 1986 totum
307 1956 415 1996 ipsum
442 1953 668 1995 Capitulum...
694 1955 843 1986 ricevono
870 1955 912 1986 dci
938 1955 1099 1994 Agrostino
1126 1955 1378 1996 Fornari,figli'0
1404 1956 1457 1987 del
1473 1956 1514 1996 fu
1540 1957 1650 1988 (folior
1671 1958 1702 1988 [η
1728 1957 1823 1988 (mlbe
1848 1957 1877 1988 Ie
1902 1957 1994 1997 leggi'

174 2026 190 2048 e
215 2017 315 2048 milt'te
341 2016 550 2054 Sebastiano,
577 2016 670 2047 erede
692 2025 753 2057 per
775 2026 839 2048 mm
866 2019 954 2048 {erza
977 2019 1070 2057 parte
1095 2017 1130 2048 di
1156 2017 1322 2049 Gioiiarmi
1345 2018 1487 2049 Antonio
1513 2018 1651 2050 Fornari
1673 2028 1733 2050 suo
1758 2020 1853 2053 21¹0ae
1875 2020 1991 2050 ammi-

173 2081 344 2111 nistrutore
369 2079 452 2110 delle
477 2079 557 2110 altre
582 2079 644 2110 dile
665 2080 755 2119 parti
778 2079 812 2110 cli
836 2079 923 2110 detta
949 2079 1080 2116 credisti,
1100 2079 1215 2119 fiorini
1239 2082 1363 2111 cento...
1378 2081 1503 2111 eisdem
1531 2081 1677 2112 dominis
1704 2081 1884 2118 Fratribus,
1903 2080 1993 2113 Con-

174 2142 286 2173 ventui
313 2144 343 2172 et
371 2141 578 2173 Monasterio
605 2142 749 2172 rellietos
776 2151 833 2181 per
858 2142 981 2172 dictum
1009 2142 1178 2181 quondam
1206 2142 1377 2173 dominum
1413 2142 1591 2174 loliannem
1630 2142 1810 2174 Antonium
1850 2144 1879 2174 in
1918 2144 1990 2175 eius

173 2206 405 2235 testamento„
431 2206 548 2244 rogato
573 2213 661 2234 anno
687 2206 718 2234 et
744 2204 924 2235 indictione
952 2204 1103 2244 proxime
1130 2205 1304 2244 preteritis,
1331 2205 1383 2236 die
1411 2214 1481 2235 xxx
1508 2205 1699 2236 octobris...
1726 2215 1783 2246 per
1809 2205 1988 2237 Antonium

175 2266 215 2297 de
241 2265 318 2297 sse...
346 2266 510 2297 notarium
538 2266 745 2306 papiensem.

234 2425 263 2447 ll)
280 2424 346 2444 Frate
362 2423 454 2444 Aurelio
465 2423 579 2449 Agostino
590 2423 619 2443 da
631 2422 701 2443 l’avia
717 2423 728 2443 'e
744 2423 772 2443 da
789 2423 930 2443 ideritificare
947 2423 981 2443 col
998 2422 1054 2444 Reli-
1165 2423 1193 2447 13)
1209 2423 1275 2444 Frate
1292 2423 1402 2444 Marcello
1418 2423 1446 2444 da
1462 2423 1549 2444 Milaiio
1565 2424 1576 2444 e
1593 2424 1613 2444 lo
1629 2426 1722 2449 stesso,
1745 2425 1786 2445 clic
1810 2424 1847 2444 dal
1863 2424 1985 2449 Tomari,

178 2468 244 2492 gioso
254 2468 369 2488 ricordato
378 2468 415 2488 dal
425 2468 539 2492 TORELLl‚
549 2468 650 2491 vol.Vll.
661 2474 712 2493 pag.
724 2468 768 2492 458,
778 2473 842 2488 come
852 2468 940 2488 celebre
952 2467 1054 2492 predica-
1108 2467 1154 2491 Vll¹
1170 2468 1216 2490 431,
1233 2467 1244 2487 e
1260 2467 1325 2488 detto
1342 2467 1456 2492 Religioso
1473 2468 1494 2488 di
1511 2469 1581 2488 molta
1597 2468 1698 2489 dottrina
1715 2474 1726 2489 c
1743 2468 1822 2493 bonta,
1838 2469 1851 2489 il
1868 2469 1936 2494 quale
1949 2470 1984 2489 nel

177 2514 227 2532 tore
243 2518 254 2532 e
269 2511 391 2533 fundatore
407 2512 442 2532 del
459 2511 579 2533 Convento
595 2512 616 2532 di
640 2512 709 2533 Asola
726 2512 760 2532 nel
782 2512 898 2532 territorio
923 2511 1051 2532 bresciano.
1110 2512 1159 2532 1494
1174 2512 1197 2532 fu
1213 2512 1284 2533 eletto
1300 2513 1390 2533 Vicario
1406 2512 1517 2533 Geiicrale
1533 2512 1591 2533 della
1608 2512 1797 2539 congregazione
1810 2513 1938 2534 Lonibarda
1949 2514 1984 2534 nel

230 2556 260 2580 ‹2›
276 2550 292 2577 E
307 2556 321 2576 il
338 2556 453 2582 religioso,
470 2556 491 2577 di
507 2556 542 2577 cui
558 2556 667 2577 abbiamo
682 2556 741 2577 tatto
757 2562 829 2577 ceriiio
845 2556 903 2576 uelle
919 2557 972 2576 note
983 2555 1004 2576 al
1016 2555 1055 2576 do·
1110 2556 1217 2581 Capitolo
1234 2556 1254 2577 di
1272 2557 1374 2582 Ferrara,
1390 2557 1537 2578 succedendo
1553 2558 1587 2578 nel
1604 2557 1720 2578 vicariatu
1736 2564 1748 2578 a
1764 2557 1822 2578 frate
1838 2558 1944 2578 Mariano
1955 2558 1983 2578 da

177 2602 286 2621 cuniculo
302 2600 337 2621 del
353 2601 378 2621 27
394 2601 485 2626 maggio
503 2601 559 2621 14804
1111 2600 1258 2621 Genazzano.
