2347 3444
305 174 366 206 118

298 307 384 338 sicut
421 308 626 348 accepimus,
663 308 785 340 dilecta
813 309 843 340 in
871 307 1006 341 Christo
1031 309 1097 340 filia
1125 308 1248 339 nobilis
1285 308 1403 339 mulier
1429 307 1576 339 Blanclia
1604 308 1711 340 Maria
1745 307 1891 340 Ducissa
1917 308 2114 347 Mediolani,

297 373 434 409 propter
459 370 642 410 singularia
669 371 849 411 gratiarum
878 371 1040 402 beneficia
1066 380 1083 402 a
1111 369 1183 402 Deo
1210 379 1267 410 per
1293 370 1569 401 intercessionem
1596 370 1701 401 sancti
1722 370 1851 402 Nicolai
1871 371 1912 402 de
1931 370 2111 402 Tolentino

296 431 480 471 impetrata,
508 441 605 464 unam
632 433 810 464 ecclesiam
838 433 868 463 in
897 434 1055 464 honorem
1083 432 1191 472 ipsius
1217 430 1341 469 Sancti,
1367 432 1480 463 domui
1512 434 1627 463 sancte
1654 432 1761 464 Marie
1799 432 2003 470 lncoronate,
2029 433 2113 464 alias

294 494 336 525 de
362 492 557 534 tiarignano
583 498 677 526 extra
705 504 818 526 muros
845 495 1133 531 Mediolanenses,
1160 494 1299 526 Ordinis
1325 494 1460 526 fratrum
1496 494 1738 526 Heremitarum
1777 495 1883 526 sancti
1923 494 2113 535 Augustini,

295 557 500 596 contiguam,
526 557 673 587 construi
701 560 731 588 et
758 557 905 588 edificari
933 556 1058 591 fecerit,
1085 566 1150 596 que
1189 560 1296 588 tamen
1324 557 1471 587 nondum
1499 556 1646 596 perfecta
1673 557 1808 588 existit:
1836 556 1907 588 Nos
1932 557 2110 597 cupientes

297 621 329 649 ut
357 619 430 658 ipsa
457 618 600 649 ecclesia
628 621 808 658 postquam
836 618 981 658 perfecta
1008 622 1038 649 et
1063 619 1218 650 dedicata
1256 618 1364 655 fuerit,
1402 619 1561 659 congruis
1603 619 1788 650 lionoribus
1815 618 2054 659 frequentetur,
2080 621 2111 650 et

295 683 328 711 ut
354 681 470 712 fideles
497 681 560 720 ipsi
589 681 676 711 illam
703 690 742 712 eo
770 681 929 711 libentius
955 681 1154 712 devocionis
1181 689 1284 712 causa
1313 681 1458 717 visitent,
1477 690 1544 720 quo
1563 690 1603 712 ex
1625 681 1687 712 noc
1708 681 1831 712 ibidem
1857 681 1948 711 dono
1973 681 2110 713 celestis

294 743 398 783 gratie
426 743 538 774 uberis
565 743 803 783 conspexerint
831 752 866 774 se
894 742 1048 779 refectos,
1074 743 1115 774 de
1142 743 1383 782 omnipotentis
1416 741 1477 774 Dei
1505 743 1734 774 misericordia
1760 752 1798 774 ac
1825 743 1998 774 beatorum
2025 742 2112 774 Petri

297 808 327 835 et
354 804 447 835 Pauli
475 805 704 844 apostolorum
732 805 804 836 eius
830 805 1027 835 auctoritate
1065 805 1194 841 confisi,
1232 805 1390 835 omnibus
1417 807 1447 836 et
1473 805 1617 845 singulis
1645 805 1913 845 provincialibus
1939 808 1968 836 et
1995 805 2114 837 incolis

293 868 464 906 provincie
493 867 772 903 Mediolanensis,
799 876 928 898 necnon
956 867 1107 897 eiusdem
1133 875 1171 897 ac
1200 865 1379 906 papiensis
1407 869 1437 898 et
1464 866 1652 898 Laudensis
1678 867 1850 899 civitatum
1877 870 1908 899 et
1934 867 2108 899 diocesum

291 929 425 960 civibus
462 932 492 959 et
531 929 776 959 habitatoribus
803 929 990 965 dumtaxat,
1029 936 1106 959 vere
1134 928 1363 968 penitentibus
1400 931 1430 959 et
1468 928 1647 966 confessis,
1685 929 1740 969 qui
1780 929 1958 960 ecclesiam
1993 929 2112 969 ipsam,

293 994 472 1031 postquam
501 991 654 1022 dedicata
684 990 791 1027 fuerit,
819 991 849 1021 in
877 990 984 1030 primo
1010 990 1096 1021 festo
1122 990 1273 1021 eiusdem
1311 991 1418 1022 sancti
1445 990 1586 1027 Nicolai,
1612 991 1703 1031 quod
1729 991 1790 1022 erit
1816 991 2006 1023 immediate
2034 994 2111 1032 post

292 1053 420 1083 finitum
449 1056 636 1093 presentem
664 1061 787 1083 annum
814 1061 831 1083 a
858 1052 935 1083 data
963 1052 1170 1092 presentium
1197 1052 1474 1093 computandum,
1501 1053 1624 1084 devote
1652 1053 1862 1085 visitaverint
1889 1053 1920 1084 in
1947 1054 2022 1094 ipsa
2048 1053 2112 1092 die,

294 1116 442 1145 omnium
471 1117 685 1154 peccatorum
713 1123 861 1151 suorum,
888 1115 929 1146 de
955 1115 1080 1155 quibus
1106 1115 1207 1146 corde
1233 1115 1363 1146 contriti
1390 1117 1420 1146 et
1446 1124 1502 1146 ore
1529 1114 1676 1146 confessi
1702 1115 1834 1152 fuerint,
1854 1115 2036 1156 plenariam
2064 1125 2113 1147 re-

291 1178 485 1208 missionem
513 1182 543 1208 et
571 1177 714 1214 veniam,
740 1177 938 1208 auctoritate
964 1177 1164 1217 apostolica,
1189 1179 1304 1208 tenore
1330 1178 1546 1217 presentium,
1564 1178 1785 1209 concedimus
1811 1180 1841 1209 et
1867 1178 2057 1219 elargimur.
2073 1177 2112 1209 Et

292 1240 430 1279 insuper
455 1242 520 1270 tam
549 1239 709 1279 predictis
746 1248 846 1279 quam
885 1239 960 1270 aliis
997 1239 1155 1270 omnibus
1181 1242 1212 1270 et
1237 1239 1392 1279 singulis,
1419 1240 1475 1280 qui
1503 1242 1580 1280 post
1606 1240 1895 1271 consacrafionem
1922 1240 2031 1280 ipsius
2058 1249 2112 1272 ec-

291 1301 391 1332 clesie
419 1301 506 1332 illam
535 1301 564 1331 in
592 1301 681 1332 dicto
708 1301 795 1332 festo
821 1302 941 1333 ceteris
967 1302 1066 1333 annis
1093 1302 1339 1342 imperpetuum
1366 1302 1489 1333 devote
1527 1302 1738 1333 visitaverint
1771 1302 1954 1339 annuatim,
1981 1305 2110 1343 septem

289 1372 397 1394 annos
423 1366 453 1394 et
481 1363 617 1394 totidem
656 1363 893 1404 quadragenas
919 1364 960 1395 de
988 1364 1145 1395 iniunctis
1172 1364 1221 1395 eis
1247 1364 1440 1404 penitentiis
1478 1364 1736 1395 misericorditer
1773 1364 1976 1396 relaxamus.
2011 1364 2050 1396 Et
2076 1368 2110 1396 ut

290 1426 408 1456 fideles
443 1426 506 1465 ipsi
545 1426 682 1457 easdem
722 1425 950 1465 indulgentias
988 1426 1126 1457 uberius
1163 1427 1326 1466 consequi
1367 1426 1511 1464 valeant,
1537 1426 1609 1457 Nos
1635 1425 1740 1457 Priori
1767 1428 1797 1458 et
1824 1426 1996 1458 Fratribus
2021 1427 2110 1458 dicte

285 1488 408 1518 domus
435 1492 468 1518 ut
494 1490 540 1519 tot
566 1488 773 1528 presbiteros
799 1488 972 1519 seculares
999 1488 1049 1519 vel
1077 1488 1249 1529 regulares
1275 1488 1428 1526 idoneos,
1455 1489 1496 1520 de
1522 1489 1648 1529 quibus
1666 1489 1715 1520 eis
1741 1489 1919 1527 videbitur,
1939 1489 1970 1520 in
1989 1489 2108 1520 eadem

286 1549 430 1581 ecclesia
457 1550 509 1581 vel
537 1559 642 1590 prope
668 1559 751 1587 eam,
779 1551 834 1581 ubi
862 1551 1039 1582 comodius
1065 1550 1173 1588 fuerit,
1199 1551 1362 1591 deputare
1389 1551 1532 1591 possint,
1558 1551 1614 1591 qui
1642 1552 1673 1582 in
1700 1551 1817 1583 eadem
1856 1560 1921 1582 una
1958 1552 2012 1583 die
2038 1551 2108 1592 ple-

285 1612 375 1643 narie
402 1613 610 1643 remissionis
635 1612 811 1643 dumtaxat
837 1613 984 1643 omnium
1012 1614 1043 1644 et
1061 1613 1270 1653 singulorum
1302 1622 1362 1653 pro
1392 1614 1634 1644 consecutione
1661 1613 1810 1653 ipsarum
1827 1613 2109 1654 indulgentiarum

288 1674 330 1704 ad
358 1674 521 1714 prefatam
559 1674 738 1706 ecclesiam
777 1675 1029 1713 confluentium,
1067 1678 1098 1706 et
1135 1676 1183 1706 eis
1221 1676 1369 1706 confiteri
1408 1676 1592 1707 volentium
1619 1675 1895 1707 confessionibus
1932 1676 2109 1716 diligenter

286 1736 422 1773 auditis,
461 1745 521 1776 pro
559 1737 762 1774 commissis,
790 1738 888 1768 etiam
915 1738 942 1768 si
969 1737 1046 1768 talia
1085 1737 1217 1775 fuerint,
1244 1740 1382 1778 propter
1406 1747 1472 1778 que
1499 1736 1605 1770 Sedes
1632 1737 1830 1778 Apostolica
1866 1737 1952 1770 foret
1992 1739 2108 1769 merito

286 1798 506 1833 consulenda,
526 1799 671 1830 debitam
701 1799 784 1839 ipsis
810 1799 1058 1831 absolutionem
1079 1800 1271 1840 impendere
1290 1803 1320 1831 et
1339 1800 1555 1840 penitentiam
1575 1800 1754 1831 salutarem
1775 1801 1958 1841 iniungere,
1978 1809 2108 1831 necnon

290 1863 367 1891 vota
405 1869 465 1900 per
501 1869 559 1891 eos
598 1861 722 1892 emissa
760 1870 985 1902 quecumque,
1023 1862 1304 1902 peregrinationis
1330 1862 1550 1893 transmarine
1587 1871 1625 1894 ac
1664 1863 1837 1893 beatorum
1864 1861 2104 1902 Apostolorum

287 1921 374 1953 Petri
402 1925 431 1953 et
459 1921 552 1954 Pauli
580 1925 610 1954 et
637 1922 747 1954 iacobi
775 1924 806 1954 in
833 1922 1077 1964 Compostella,
1103 1933 1141 1955 ac
1168 1924 1374 1955 continentie
1400 1926 1430 1955 et
1456 1925 1622 1956 castitatis
1648 1925 1736 1956 votis
1750 1925 1927 1956 dumtaxat
1944 1924 2107 1965 exceptis,

285 1984 316 2014 in
343 1984 407 2015 alia
434 1985 568 2024 pietatis
596 1994 710 2025 opera,
737 1988 835 2025 prout
861 1986 1055 2017 eorumdem
1082 1986 1268 2017 animarum
1294 1985 1393 2017 saluti
1422 1986 1566 2017 viderint
1591 1987 1764 2026 expedire,
1781 1988 1986 2018 commutare
2005 1987 2107 2020 libere

285 2055 323 2078 ac
352 2047 439 2078 licite
467 2047 610 2085 valeant,
647 2048 845 2079 auctoritate
884 2048 1083 2088 apostolica,
1109 2051 1224 2080 tenore
1251 2049 1470 2088 presentium,
1496 2048 1722 2089 indulgemus.
1748 2048 1838 2080 Nulli
1865 2058 1944 2089 ergo
1970 2050 2107 2081 omnino

288 2109 460 2140 liominum
489 2109 585 2141 liceat
613 2110 697 2141 lianc
723 2111 881 2150 paginam
909 2113 1022 2142 nostre
1049 2111 1283 2142 concessionis
1310 2111 1500 2152 infringere,
1527 2111 1578 2142 vel
1605 2112 1632 2142 ei
1659 2120 1744 2143 ausu
1771 2112 1947 2143 temerario
1973 2114 2106 2144 contra-

287 2172 366 2202 liire.
393 2170 426 2203 Si
454 2172 531 2211 quis
557 2174 668 2203 autem
689 2173 750 2204 lioc
770 2175 968 2212 attemptare
987 2174 1241 2213 presumpserit,
1261 2174 1525 2214 indignationem
1544 2174 1786 2214 omnipotentis
1805 2172 1864 2205 Dei
1881 2175 1912 2204 et
1931 2174 2104 2206 beatorum

287 2232 374 2264 Petri
403 2236 433 2265 et
460 2233 554 2265 Pauli
582 2233 823 2274 Apostolorum
851 2235 924 2266 eius
951 2244 986 2266 se
1013 2236 1144 2267 noverit
1170 2236 1394 2267 incursurum.
1421 2234 1543 2266 Datum
1571 2235 1721 2273 Mantue,
1747 2245 1835 2267 anno
1862 2235 2104 2268 incarnationis

285 2294 462 2327 Dominice
490 2297 668 2328 millesimo
706 2298 1042 2338 quadringentesimo
1081 2298 1367 2339 quinquagesimo
1393 2307 1492 2335 nono,
1519 2298 1637 2338 quinto
1663 2298 1739 2330 idus
1766 2297 1860 2335 lunii,
1886 2297 2108 2331 Pontificatus

286 2359 389 2388 nostri
417 2367 506 2389 anno
533 2360 651 2399 primo.

374 2420 497 2459 Questo
523 2423 690 2452 transtrum
709 2421 750 2461 fu
775 2421 859 2459 fatto
886 2422 1031 2453 instante
1058 2422 1241 2454 venerabili
1270 2422 1442 2463 Religioso
1468 2423 1604 2453 domino
1623 2422 1722 2454 fratre
1741 2422 1904 2454 leronimo
1923 2423 1964 2454 de
1983 2421 2105 2455 Crema

284 2481 439 2520 professo
466 2483 613 2521 predicte
640 2483 761 2514 domus
787 2486 903 2515 sancte
942 2484 1048 2516 Marie
1076 2484 1284 2522 lncoronate,
1310 2493 1373 2516 suo
1399 2485 1532 2516 nomine
1560 2488 1592 2516 ut
1619 2485 1751 2516 sindico
1777 2488 1808 2516 et
1834 2488 2050 2525 procuratore
2075 2488 2106 2517 et

284 2543 467 2574 sindicario
493 2548 523 2575 et
550 2546 781 2584 procuratorio
809 2547 942 2577 nomine
969 2547 1094 2577 domini
1122 2545 1392 2578 Priorisnecnon
1410 2546 1558 2578 Fratrum
1575 2548 1605 2578 et
1620 2545 1819 2579 Conventus
1838 2548 1946 2588 ipsius
1972 2548 2104 2579 domus.

373 2605 498 2636 Nolui:
526 2605 690 2638 lohannes
717 2607 884 2639 Antonius
911 2609 952 2639 de
980 2608 1116 2640 Biocliis
1143 2609 1187 2649 fq.
1215 2609 1341 2640 domini
1369 2608 1522 2646 Andree
1542 2608 1744 2641 Ambrosius
1762 2610 1804 2641 de
1823 2609 2106 2642 Blassono'natus

286 2667 457 2706 quondam
485 2668 610 2698 domini
639 2668 744 2706 Petri
773 2669 939 2701 lohannes
966 2669 1085 2701 Petrus
1112 2671 1152 2702 de
1180 2670 1318 2702 Biocliis
1345 2670 1389 2710 fq.
1417 2671 1543 2701 domini
1571 2670 1714 2703 Andree.
