2347 3444
330 234 372 265 60

331 376 404 398 cum
433 366 612 399 hedisticiis
638 375 752 399 secum
780 367 1039 402 tenentibus,de
1065 375 1131 407 qua
1157 369 1187 398 et
1214 368 1311 406 prout
1337 374 1439 406 supra
1465 366 1499 397 tit
1526 366 1667 403 mencio,
1692 366 1900 397 terminatam
1927 368 1958 397 et
1983 366 2145 398 coheren-

330 430 450 460 ciatam
478 431 511 460 ut
536 437 648 470 supra.
676 429 747 461 Hoc
773 430 870 461 etiam
908 432 993 465 acto,
1020 438 1078 469 per
1104 432 1237 469 pactum
1265 428 1488 468 stipulacione
1516 428 1686 463 vallatum.
1714 428 1804 469 quod
1843 428 2014 469 sepulture
2051 429 2144 460 ante-

330 491 416 522 dicte
443 491 521 523 fiant
547 493 578 523 et
603 491 671 522 tieri
697 491 843 523 debeant
869 500 942 522 cum
970 491 1054 525 aliis,
1082 491 1122 521 de
1149 491 1274 530 quibus
1299 498 1402 530 supra
1428 490 1461 521 fit
1488 490 1630 528 mencio,
1657 493 1688 522 et
1714 490 1757 521 ita
1783 490 1857 522 illas
1883 492 1914 522 et
1939 491 2093 522 contenta
2109 489 2140 521 in

330 553 429 584 dictis
454 554 562 594 pactis
588 555 620 585 et
645 553 937 585 convencionibus
963 552 1083 588 facere,
1110 554 1141 583 et
1167 552 1318 592 predicta
1359 551 1470 583 officia
1507 552 1688 590 celebrare,
1715 561 1753 584 ac
1780 553 1903 584 missas
1943 552 1984 584 de
2020 552 2145 592 quibus

331 624 433 655 supra
458 618 489 647 et
515 615 635 653 modis,
662 615 787 650 formis,
813 615 1070 650 occaxionibus,
1096 614 1316 654 qualitatibus
1341 623 1379 645 ac
1407 615 1617 654 temporibus
1642 615 1822 646 antedictis
1847 614 2032 655 adimplere
2069 622 2147 655 pro-

332 678 462 708 mittunt
488 679 518 708 et
543 677 749 709 conveniunt
775 677 865 708 dicto
891 676 1028 707 domino
1066 675 1257 716 Augustino
1284 678 1317 707 ut
1343 685 1445 717 supra
1479 676 1652 717 stipulanti
1691 679 1722 708 et
1759 677 1941 717 recipienti.
1979 675 2018 708 Et
2055 675 2145 717 qnod

331 739 455 770 domini
483 738 587 776 Prior,
615 739 754 772 Fratres.
782 736 974 778 Capitulum
1002 740 1033 769 et
1059 736 1258 769 Conventus
1283 738 1371 770 dicte
1398 738 1542 770 ecclesie
1568 741 1600 770 et
1625 737 1826 775 Generallis,
1852 740 1883 770 et
1909 737 2145 770 Provinciallis

332 801 571 832 Heremitarum
599 803 628 832 et
654 801 756 840 aliqui
784 800 837 831 alii
866 801 1040 840 presentes
1066 802 1097 831 et
1124 799 1236 838 futuri,
1262 800 1328 831 sint
1353 801 1409 840 qui
1437 800 1564 838 vellint,
1591 810 1655 831 non
1683 801 1815 841 possint
1849 809 1909 832 ηερ
1935 800 2068 832 valeant
2105 799 2146 831 de

331 867 442 895 cetero
468 863 498 894 in
525 866 594 894 toto
621 872 680 894 nec
708 863 738 893 in
766 865 858 902 parte
885 862 1042 899 vendere,
1069 862 1214 894 alienare
1241 862 1292 893 vel
1320 863 1351 893 in
1377 862 1478 893 alium
1505 871 1564 894 seu
1590 862 1675 894 alios
1702 862 1882 894 transferre
1908 862 2147 903 quovismodo,

331 934 434 957 causa
460 928 491 957 et
517 925 650 965 ingenio
677 924 727 955 vel
755 924 947 961 occasione,
974 933 1039 964 que
1064 925 1129 956 dici
1158 924 1208 956 vel
1236 925 1421 965 excogitari
1449 925 1568 965 possit,
1606 933 1666 956 ηερ
1701 925 1830 956 titulum
1866 925 1974 965 ipsius
2008 924 2147 964 capelle,

331 989 390 1019 sed
418 997 477 1028 per
501 991 649 1018 eternum
678 987 751 1026 ipsa
778 986 907 1026 capella
935 987 964 1017 in
992 988 1108 1023 totum,
1146 995 1220 1018 cum
1259 987 1358 1018 dietis
1396 986 1580 1026 sepulturis
1607 987 1649 1017 sit
1674 989 1704 1018 et
1730 995 1806 1018 esse
1833 986 1954 1018 debeat
1983 987 2061 1018 dicti
2088 986 2149 1017 do—

332 1051 409 1081 mini
438 1050 616 1090 Augustini
643 1058 681 1080 ac
708 1048 862 1079 tilliorum
890 1057 1028 1080 suorum
1056 1052 1086 1080 et
1112 1058 1226 1080 eorum
1254 1049 1533 1081 descendentium
1560 1051 1591 1081 et
1617 1058 1835 1081 sucessorum
1863 1058 1921 1089 per
1936 1049 2055 1081 lineam
2079 1057 2149 1080 ma-

332 1113 493 1143 sculinam
520 1114 646 1142 tantum
674 1120 733 1151 per
759 1113 909 1142 eternum
936 1113 967 1142 et
992 1120 1068 1142 cum
1095 1112 1284 1151 integritate
1310 1113 1342 1143 et
1367 1112 1440 1143 sine
1466 1111 1638 1143 dubietate
1665 1113 1695 1143 et
1720 1111 1922 1152 exceptione
1947 1111 2060 1152 aliqua
2091 1119 2150 1152 per

332 1178 490 1206 eternum.
519 1173 557 1204 Εἴ
583 1173 673 1213 quod
701 1173 727 1204 si
755 1174 895 1213 predicti
922 1183 1039 1205 omnes
1065 1174 1278 1211 decederent,
1306 1174 1406 1205 nullis
1433 1174 1556 1205 relictis
1582 1174 1671 1205 filliis
1698 1174 1749 1206 vel
1769 1174 2058 1206 descendentibus
2081 1182 2151 1205 ma-

332 1237 448 1268 scullis
474 1246 513 1268 ex
541 1237 600 1272 eis,
626 1238 704 1266 tunc
731 1236 819 1267 dicta
846 1235 976 1276 capella
1002 1245 1077 1267 cum
1105 1236 1287 1276 sepulturis
1315 1237 1474 1276 predictis
1500 1239 1647 1268 transeat
1671 1237 1712 1268 ad
1739 1236 1825 1268 alios
1850 1245 1968 1268 omnes
1997 1236 2039 1267 de
2058 1234 2152 1268 Scla-

332 1299 452 1330 tenatis
479 1298 673 1335 mascullos,
699 1300 730 1329 et
757 1298 787 1328 in
814 1298 904 1329 dicto
941 1307 1022 1329 casu
1061 1299 1140 1330 dicti
1167 1299 1208 1330 de
1233 1299 1326 1338 prole
1353 1299 1394 1330 de
1420 1297 1620 1330 Selafenatis
1653 1299 1839 1330 succedant
1866 1299 1896 1329 in
1924 1299 2031 1329 locum
2069 1298 2148 1330 dicti

332 1361 456 1392 domini
496 1360 674 1401 Augustini
701 1363 732 1391 et
758 1369 973 1392 sucessorum
1001 1369 1137 1392 suorum
1165 1360 1405 1392 deificientium
1433 1363 1467 1392 ut
1493 1370 1604 1401 supra.
1633 1360 1786 1401 Et,quod
1815 1361 1878 1401 ipsi
1905 1361 2029 1392 domini
2057 1360 2151 1392 Prior

332 1426 362 1454 et
383 1422 512 1453 Fratres
538 1431 576 1453 ac
603 1420 802 1454 Conventus
840 1424 1015 1454 teneantur
1052 1422 1219 1460 videlicet,
1247 1424 1277 1454 et
1303 1423 1346 1454 ita
1373 1423 1618 1463 promisserunt
1643 1425 1675 1454 et
1701 1426 1930 1454 convenerunt
1967 1423 2058 1454 dicto
2091 1423 2152 1454 do-

336 1485 426 1515 mino
463 1484 653 1524 Augustino
680 1484 852 1525 stipulanti
879 1486 910 1516 et
937 1485 1121 1525 recipienti,
1148 1485 1270 1516 dictam
1298 1485 1411 1516 turrim
1446 1485 1587 1525 coperiri
1615 1487 1646 1516 et
1671 1486 1808 1526 ategiari
1846 1485 1956 1516 facere
1993 1485 2093 1516 modo
2119 1486 2151 1516 et

333 1546 437 1578 torma
476 1547 664 1578 antedictis.
694 1546 763 1577 Hoc
789 1547 887 1578 etiam
914 1549 999 1584 acto,
1025 1555 1085 1587 per
1110 1555 1310 1587 expressum
1330 1550 1465 1587 pactum
1485 1547 1709 1588 stipulacione
1735 1547 1905 1585 vallatum,
1925 1547 2014 1588 quod
2042 1547 2150 1587 ipsam

333 1610 468 1640 domum
495 1618 569 1640 cum
590 1609 768 1640 hedifr‘iciis
795 1619 859 1640 non
887 1610 1019 1649 possint
1046 1610 1192 1641 vendere
1234 1619 1294 1641 nee
1320 1610 1477 1647 alienare,
1504 1612 1535 1641 et
1560 1610 1650 1650 quod
1678 1610 1705 1641 si
1732 1611 1945 1650 pervenerint
1970 1610 2012 1641 ad
2039 1612 2149 1641 actum

332 1672 543 1703 vendicionis
568 1674 599 1703 ct
625 1672 887 1712 permutacionis
914 1681 978 1702 non
1006 1672 1116 1703 valeat
1157 1672 1312 1703 vendicio
1350 1681 1410 1703 nec
1441 1673 1648 1713 permutacio
1686 1673 1761 1713 ipso
1799 1673 1868 1704 iure
1894 1674 1925 1704 et
1951 1672 2050 1710 facto,
2087 1680 2149 1704 nec

332 1734 457 1774 aliquid
496 1733 586 1764 aliud
613 1743 681 1774 quo
707 1734 874 1765 mediante
900 1734 987 1765 dicta
1014 1734 1144 1774 capella
1171 1734 1358 1774 privaretur
1385 1735 1458 1775 ipsa
1484 1735 1585 1765 domo
1611 1737 1642 1766 et
1668 1734 1857 1773 hedisticiis,
1887 1735 1984 1766 salvo
2010 1742 2090 1766 casu
2117 1736 2149 1766 et

333 1795 592 1826 condicionibus
618 1796 808 1833 antedictis,
835 1805 902 1835 quo
929 1796 958 1826 in
986 1804 1065 1827 casu
1093 1796 1173 1827 fiant
1199 1798 1230 1827 et
1256 1797 1479 1828 observentur
1497 1806 1545 1833 ea,
1565 1797 1605 1828 de
1623 1797 1748 1837 quibus
1767 1797 1925 1837 superius
1951 1797 1986 1828 fit
2005 1797 2146 1828 mencio.

333 1857 371 1888 Et
405 1859 467 1889 hoc
501 1858 599 1888 etiam
634 1860 707 1888 acto
735 1858 817 1889 inter
843 1860 955 1898 partes
983 1858 1086 1898 ipsas,
1114 1867 1172 1898 per
1198 1861 1332 1899 pactum
1359 1859 1595 1899 stipullacione
1623 1859 1793 1897 vallatum,
1831 1860 1921 1900 quod
1961 1859 2092 1891 Fratres
2117 1861 2149 1891 et

333 1918 532 1952 Conventus
557 1920 645 1951 dicte
679 1921 821 1951 ecclesie
847 1923 878 1951 et
904 1929 1102 1952 sucessores
1139 1930 1264 1959 eorum,
1303 1931 1362 1953 nec
1400 1922 1523 1962 aliquis
1561 1931 1620 1962 pro
1658 1923 1706 1953 eis
1743 1931 1801 1953 seu
1835 1923 1884 1953 eis
1910 1922 2148 1959 mediantibus,

334 1992 398 2013 non
437 1983 569 2023 possint
606 1992 666 2014 nec
703 1983 836 2014 valeant
861 1983 988 2023 aliquid
1016 1983 1135 2020 facere,
1162 1992 1221 2015 seu
1248 1984 1317 2015 t'ieri
1344 1983 1452 2015 facere
1478 1986 1508 2015 et
1536 1985 1735 2024 permittere,
1762 1993 1803 2015 ex
1830 1993 1897 2024 quo
1935 1984 1986 2015 vel
2014 1986 2151 2024 propter

333 2045 435 2085 quod,
473 2054 532 2076 seu
570 2054 638 2085 quo
672 2045 850 2083 mediante,
885 2045 1071 2076 habeantur
1105 2049 1305 2086 perspectus
1340 2055 1397 2077 seu
1432 2055 1511 2086 ayer
1545 2047 1759 2087 percipiatur,
1785 2055 1845 2078 seu
1873 2047 1986 2078 haberi
2014 2049 2045 2077 et
2075 2055 2150 2086 per-

334 2109 397 2148 cipi
419 2109 527 2148 possit
546 2117 563 2139 a
583 2110 675 2148 parte
702 2116 822 2139 versus
849 2108 1018 2139 meridiem
1039 2111 1070 2140 et
1089 2117 1209 2139 versus
1235 2109 1298 2140 alia
1326 2109 1493 2140 hedift'icia
1524 2109 1602 2140 dieti
1630 2109 1755 2140 domini
1783 2108 1973 2149 Augustini,
1999 2112 2029 2140 et
2055 2108 2151 2140 aliter

335 2171 493 2211 predicta,
514 2174 547 2202 ut
565 2173 779 2211 protestatur,
798 2170 947 2202 facturus
973 2180 1038 2201 non
1065 2171 1195 2208 fuisset,
1222 2175 1253 2202 et
1279 2180 1352 2202 cum
1368 2172 1442 2203 aliis
1461 2172 1568 2212 pactis
1595 2175 1626 2203 et
1651 2172 1946 2209 conventionibus,
1965 2172 2006 2203 de
2024 2171 2149 2211 quibus

327 2236 357 2264 et
391 2237 487 2274 prout
521 2242 623 2274 supra
656 2234 690 2264 tit
725 2234 866 2264 mencio
904 2231 978 2270 Que
1015 2234 1126 2265 omnia
1153 2234 1217 2265 sibi
1245 2234 1329 2274 ipsis
1355 2237 1385 2265 et
1413 2236 1574 2274 utsupra
1611 2234 1781 2265 attendere
1818 2234 1928 2265 tacere
1965 2236 1996 2265 et
2033 2234 2151 2265 obser-

336 2305 413 2326 vare
452 2297 647 2336 promittunt
673 2299 703 2327 et
733 2296 938 2327 conveniunt
965 2296 1226 2336 precedentibus
1252 2297 1346 2327 trinis
1372 2297 1570 2328 tractatibus
1596 2296 1784 2327 antedictis.
1820 2295 1858 2327 Et
1884 2305 1921 2327 ea
1948 2296 2058 2327 omnia
2084 2295 2148 2327 sibi

337 2358 421 2397 ipsis
455 2358 495 2389 ad
536 2358 710 2393 iunvicem,
750 2358 901 2389 vicissim
939 2360 969 2389 et
995 2359 1167 2398 reciproce
1204 2358 1414 2395 dedicarunt,
1452 2359 1616 2390 dederunt
1653 2361 1682 2390 et
1719 2358 1960 2395 traddiderunt,
1993 2367 2031 2389 ac
2056 2358 2151 2389 dedi-

336 2422 420 2455 cant,
458 2420 626 2457 traddunt,
665 2421 850 2460 assignant,
887 2420 967 2451 dant
1004 2422 1034 2451 et
1071 2420 1180 2460 quasi,
1207 2420 1250 2451 ob
1277 2421 1502 2452 reverenciam
1542 2421 1765 2461 predictorum
1803 2423 1995 2452 sanctorum
2033 2422 2064 2451 et
2090 2429 2150 2460 pro

336 2482 490 2521 augenda
506 2482 686 2513 devotione
703 2483 790 2513 dicte
817 2482 960 2514 ecclesie
986 2491 1024 2513 ac
1050 2483 1114 2514 fide
1141 2481 1275 2513 Domini
1304 2484 1406 2514 nostri
1435 2483 1530 2514 lhesu
1557 2481 1682 2515 Christi
1709 2486 1740 2514 et
1767 2483 1797 2513 in
1825 2483 2055 2514 remissionem
2071 2491 2151 2523 pec-

337 2548 497 2576 catorum.
525 2547 557 2575 ut
583 2553 695 2584 supra,
722 2547 752 2575 et
779 2545 866 2575 omni
895 2545 974 2581 iure,
994 2545 1058 2582 via,
1085 2545 1194 2581 mon
1223 2554 1326 2577 causa
1353 2549 1383 2577 et
1409 2545 1514 2577 torma
1541 2545 1726 2586 premissis.
1747 2545 1785 2576 Et
1803 2554 1844 2576 ex
1864 2554 1965 2577 causa
1984 2548 2014 2577 et
2033 2545 2150 2576 merito

338 2606 562 2645 predictorum
601 2607 747 2637 omnium
782 2607 870 2638 dicte
896 2608 1008 2646 partes
1035 2608 1106 2638 suis
1132 2609 1164 2638 et
1189 2607 1288 2639 dictis
1315 2608 1518 2646 nominibus,
1545 2608 1609 2639 sibi
1637 2608 1720 2647 ipsis
1746 2608 1787 2638 ad
1820 2608 1972 2645 invicem,
1999 2608 2149 2639 vicissim

337 2672 366 2699 et
405 2668 584 2708 reciproce,
622 2669 754 2708 singula
793 2669 936 2708 singulis
973 2678 1119 2710 congrue
1146 2672 1177 2700 et
1203 2670 1314 2700 debite
1351 2669 1547 2707 refferendo,
1574 2678 1647 2700 cum
1679 2670 1777 2700 dictis
1819 2670 1955 2700 licencia
1981 2672 2011 2701 et
2037 2671 2152 2701 aucto—

338 2731 443 2765 ritate,
482 2731 713 2762 insinuacione
750 2734 780 2762 et
818 2732 963 2769 decreto,
1001 2734 1176 2763 cesserunt
1213 2734 1243 2763 et
1280 2732 1402 2763 cedunt
1439 2734 1470 2763 et
1506 2732 1619 2762 datum
1659 2732 1738 2762 iuris
1775 2731 1925 2763 fecerunt
1961 2735 1992 2763 et
2024 2732 2150 2764 faciunt

337 2793 377 2824 de
403 2793 561 2823 omnibus
587 2802 699 2824 eorum
727 2795 757 2824 et
784 2794 870 2824 dicte
896 2794 1038 2825 ecclesie
1065 2795 1205 2831 iuribus,
1232 2794 1424 2826 actionibus
1450 2796 1481 2825 et
1508 2794 1701 2825 racionibus
1720 2803 1758 2825 ac
1777 2795 1963 2826 honoribus
1990 2794 2150 2826 reallibus

337 2857 367 2886 et
393 2854 654 2895 personallibus,
693 2855 844 2886 utillibus
871 2857 901 2886 et
927 2856 1073 2891 directis,
1112 2857 1220 2887 mistis
1246 2859 1277 2888 et
1304 2856 1521 2896 ipothecariis
1547 2858 1579 2887 et
1604 2855 1679 2887 aliis
1717 2857 2001 2897 quibuscumque,
2028 2865 2093 2897 que
2119 2858 2151 2888 et

338 2926 423 2957 quas
449 2917 527 2948 dicti
555 2919 744 2948 conventus
770 2921 800 2948 et
826 2918 969 2949 ecclesia
995 2921 1026 2949 et
1052 2918 1210 2949 dominus
1249 2917 1459 2959 Augustinus
1498 2918 1667 2949 habebant
1692 2920 1723 2949 et
1750 2919 1873 2950 habent
1898 2921 1928 2950 et
1955 2919 2077 2950 habere
2103 2918 2152 2950 vi-

337 2979 512 3017 debantur,
538 2981 693 3019 possunt,
708 2979 757 3010 eis
775 2982 806 3010 et
825 2979 963 3010 cuilibet
990 2980 1139 3020 ipsorum
1160 2981 1369 3020 spectabant,
1389 2980 1600 3020 pertinebant
1625 2982 1657 3011 et
1683 2981 1920 3020 competebant
1934 2983 1965 3012 et
1983 2982 2148 3021 spectant,

337 3041 503 3081 pertinent
529 3043 560 3072 et
586 3044 790 3081 competunt,
817 3050 855 3072 ac
881 3044 1044 3081 spectare,
1072 3043 1236 3082 pertinere
1263 3045 1294 3074 et
1320 3045 1509 3082 competere
1535 3044 1698 3082 poterant,
1726 3043 1927 3082 potuissent,
1954 3045 2095 3084 possent
2119 3045 2155 3075 et,

339 3105 483 3143 possunt
510 3103 576 3134 ullo
603 3103 703 3134 modo
729 3105 760 3134 et
785 3112 878 3141 casu,
904 3106 934 3134 et
960 3104 990 3134 in
1017 3106 1048 3135 et
1075 3113 1134 3144 pro
1161 3104 1321 3144 predictis
1347 3105 1503 3144 superius
1530 3104 1705 3142 dedicatiS,
1733 3105 1898 3143 tradditis,
1935 3105 2034 3143 datis,
2060 3105 2146 3137 assi-
