2347 3444
1909 182 1944 212 81

138 313 281 354 qualiter
306 313 513 345 rehediticari
541 323 600 345 nec
627 314 704 345 alibi
731 313 811 345 fieri.
839 313 877 344 Et
902 313 993 353 quocl
1019 313 1184 344 sedimina
1211 313 1318 352 ipsius
1344 313 1522 350 cittadellc,
1549 314 1662 353 quein
1683 314 1780 344 bonis
1806 314 1949 345 alicuius

138 375 267 416 private
293 383 437 415 persone
464 384 528 406 non
556 378 643 413 sunt,
671 377 861 407 remaneant
887 373 1029 407 Comuni
1069 373 1183 414 Papie‚
1210 374 1361 405 similiter
1386 376 1416 406 et
1444 374 1573 415 lapides
1601 384 1767 406 murorum
1795 377 1945 407 eiusdem

138 436 304 473 citadelle‚
330 439 391 468 etc.

205 489 255 520 Ad
283 490 549 530 suprascriptum
576 490 757 530 capitulum
786 490 967 531 respondet
993 490 1179 530 prelibatus
1217 490 1374 521 dominus
1413 492 1526 521 noster
1551 490 1641 530 quod
1669 491 1723 521 fiat
1751 494 1783 521 ut
1811 492 1942 530 petitur,

137 552 217 592 quia
244 554 418 592 respectus
444 553 594 584 eiusdem
622 552 838 584 illustrissimi
865 553 989 584 domini
1017 553 1141 583 domini
1169 552 1272 583 nostri
1300 552 1407 593 magis
1440 552 1545 583 tendit
1570 553 1611 583 ad
1639 553 1739 584 corda
1779 553 1949 584 liominum

138 614 294 645 habenda
319 623 418 654 quam
445 613 610 652 fortilicia,
636 615 732 646 salvo
759 615 849 655 quod
877 615 917 646 ad
939 615 1000 647 lioc
1020 624 1059 646 ne
1079 615 1212 646 civibus
1231 614 1385 645 molestia
1404 614 1574 652 inferatur,
1595 618 1806 646 reserventur
1823 615 1945 646 domus

138 676 290 707 eiusdem
328 676 479 707 citadelle
517 685 577 716 pro
615 676 820 708 habitatione
856 677 1007 708 eiusdem
1045 677 1170 708 domini
1209 677 1310 707 nostri
1338 678 1368 707 et
1394 685 1553 707 suorum:
1588 676 1737 707 similiter
1763 679 1792 707 et
1820 677 1949 717 lapides

138 738 290 769 eiusdem
317 737 471 769 citadelle
497 740 709 769 reserventur
746 738 910 778 prelibato
947 739 1092 770 domino.
1130 737 1300 770 Sedimina
1338 747 1418 769 vero
1455 747 1572 776 vacua,
1602 748 1667 778 que
1694 748 1758 769 non
1786 739 1951 779 pertinent

138 800 296 831 domibus
332 800 501 840 quondam
540 799 756 831 illustrissimi
794 801 918 832 domini
954 802 1068 839 nostri,
1094 803 1125 833 et
1150 801 1248 833 etiam
1275 810 1340 841 que
1366 810 1430 832 non
1457 802 1535 832 sunt
1560 801 1591 831 in
1619 801 1717 832 bonis
1745 802 1948 841 privatarum

140 871 359 903 personarum
387 864 579 894 remaneant
604 863 833 894 communitati
860 862 985 903 Papie:
1012 863 1076 895 alia
1103 872 1182 894 vero
1208 863 1373 895 sedimina
1399 865 1592 894 remaneant
1618 862 1783 903 prelibato
1802 863 1948 894 domino.

880 1045 1212 1086 CCXXVIII.

226 1160 277 1188 La
303 1160 488 1189 Comunita
515 1161 549 1189 di
575 1161 611 1190 S.
639 1162 808 1190 Mostiola
834 1163 991 1191 delibera
1017 1163 1050 1191 di
1077 1164 1160 1192 dare
1186 1163 1395 1192 investitura
1431 1167 1598 1200 perpetua
1623 1172 1641 1191 e
1667 1163 1787 1200 quindi
1813 1163 1847 1191 di
1874 1164 1947 1191 fare

137 1213 172 1242 la
196 1213 338 1241 vendita
364 1213 398 1242 di
423 1223 467 1242 un
493 1223 617 1251 campo
643 1224 662 1243 a
688 1215 869 1244 Bertolino
895 1216 1040 1245 Zanoni.

755 1338 910 1369 1448,
939 1339 1212 1370 ge1111ai09
1242 1339 1332 1363 26.

679 1435 755 1457 (Aren.
772 1435 852 1456 Notat.
869 1435 890 1455 di
907 1434 984 1455 l'avia.
1000 1446 1024 1449 ›—
1041 1435 1088 1456 Atti
1104 1435 1125 1455 di
1142 1435 1254 1456 Giovanni
1276 1435 1410 1461 Mangano).

245 1626 291 1741 I
384 1645 406 1671 Ν
433 1642 601 1672 conventu
627 1643 658 1672 et
685 1640 858 1672 refectorio
894 1643 1081 1672 conventus
1118 1643 1232 1673 sancte
1269 1641 1430 1673 Mustiole
1456 1641 1591 1672 fratrum
1619 1641 1860 1672 Heremitarum
1888 1640 1950 1673 Or-

406 1703 494 1734 (linis
520 1703 626 1734 sancti
654 1702 877 1743 Augustini...
905 1703 959 1734 ubi
986 1703 1114 1735 similes
1140 1705 1420 1745 congregationes
1438 1707 1469 1736 et
1487 1707 1593 1743 actuS,
1613 1714 1672 1745 per
1696 1705 1806 1736 dictos
1831 1705 1949 1736 tratres

405 1767 436 1796 et
462 1766 662 1796 conventum
690 1774 750 1805 pro
776 1765 926 1806 negociis
952 1766 1024 1797 suis
1050 1766 1263 1806 peragendis,
1290 1766 1358 1797 fieri
1385 1765 1515 1797 solent:
1542 1768 1730 1797 convocato
1756 1766 1947 1806 capitulo...

137 1826 178 1857 de
206 1828 363 1858 mamiato
390 1827 594 1858 venerabilis
619 1836 714 1859 sacre
741 1828 863 1868 pagine
890 1827 1094 1867 professoris
1131 1828 1256 1859 domini
1295 1828 1405 1859 fratris
1432 1828 1602 1860 Laurencii
1630 1828 1670 1859 de
1697 1827 1835 1860 Bittis...
1869 1829 1946 1860 dicti

136 1891 368 1920 conventus...
396 1890 542 1921 vicarius
567 1891 598 1921 et
623 1889 834 1930 regulator....
861 1891 891 1920 in
918 1899 985 1930 quo
1011 1889 1189 1921 adfuerunt
1214 1892 1245 1921 et
1271 1892 1347 1921 sunt
1374 1890 1576 1922 venerabilis
1609 1899 1704 1922 sacre
1732 1891 1853 1931 pagine
1881 1900 1949 1922 ma-

135 1951 238 1990 gister
262 1951 362 1982 frater
387 1951 580 1983 Albertinus
606 1952 647 1983 de
672 1950 804 1992 Crispis
829 1955 859 1983 et
885 1953 1056 1992 predictus
1072 1953 1218 1984 vicarius
1243 1956 1273 1984 et
1299 1953 1424 1984 domini
1444 1952 1562 1985 fratres
1582 1953 1724 1985 Iacobus
1743 1954 1783 1985 de
1803 1952 1945 1994 Stropis‚

135 2012 253 2045 Petrus
278 2014 319 2045 de
345 2012 473 2052 Calvis‚
500 2013 726 2046 Heustacliius
753 2015 794 2046 de
819 2014 937 2052 Nocte,
964 2014 1129 2046 lohannes
1154 2015 1195 2046 de
1221 2014 1347 2056 Vegiis,
1380 2014 1593 2056 Gasparinus
1618 2016 1659 2047 de
1686 2014 1942 2056 Grupello‚An-

134 2075 247 2106 tonius
272 2076 313 2106 de
339 2074 458 2113 Gallis,
484 2075 649 2108 Melchior
662 2076 703 2107 de
719 2076 855 2114 Lucum,
874 2076 1085 2117 Augustinus
1103 2077 1144 2108 de
1174 2076 1345 2108 Placentia
1371 2080 1402 2108 et
1428 2076 1597 2118 Georgius
1615 2078 1656 2108 de
1676 2078 1705 2109 la
1725 2076 1876 2109 Pusterla
1894 2076 1945 2117 (1)

135 2137 279 2169 biblicus
305 2139 336 2169 et
362 2138 561 2178 predicator,
588 2138 706 2170 fratres
732 2139 920 2179 professi...
948 2138 1154 2170 facientes...
1181 2141 1285 2170 totum
1312 2141 1344 2171 et
1369 2140 1577 2180 integrunt...
1603 2140 1634 2170 si
1656 2139 1782 2171 discute
1807 2149 1841 2171 se
1867 2149 1944 2171 con-

136 2208 241 2239 venga
266 2200 344 2231 dare
368 2201 557 2232 investitura
589 2203 747 2241 perpetua
773 2210 793 2232 a
819 2201 984 2232 Bertolino
1026 2201 1169 2232 Taccom'
1192 2201 1227 2232 cii
1250 2209 1292 2232 un
1318 2209 1433 2241 campo
1460 2201 1494 2232 iii
1517 2201 1603 2232 circa
1626 2202 1694 2233 200
1720 2202 1865 2242 perticlie
1890 2202 1948 2233 clu*

134 2261 158 2293 il
181 2264 337 2293 convento
370 2263 525 2303 possiecie
560 2263 614 2294 nel
649 2264 805 2295 territorio
831 2263 865 2294 (ii
889 2262 1031 2299 Somnio,
1059 2263 1145 2294 detto
1172 2263 1195 2294 il
1218 2271 1335 2303 campo
1360 2263 1450 2303 degli
1472 2263 1619 2301 Arnola'i,
1645 2263 1785 2294 lasciato
1811 2264 1845 2294 al
1869 2272 1946 2294 cmi-

136 2326 228 2356 vento
253 2324 297 2356 da
321 2333 363 2356 1111
388 2325 516 2356 Zaniizo
544 2324 645 2358 Ouidi
668 2325 703 2357 cii
725 2326 860 2356 Novam
877 2325 930 2356 nel
957 2326 1042 2357 1416
1065 2334 1124 2356 con
1150 2326 1342 2356 testamento
1360 2327 1476 2365 rogato
1502 2326 1536 2356 ai
1558 2326 1604 2357 20
1626 2325 1796 2357 settembre
1822 2326 1864 2357 da
1883 2325 1947 2357 Sil-

136 2388 238 2418 vestro
268 2387 357 2418 Torti
378 2388 500 2419 notaio.
527 2387 553 2419 ΙΙ
575 2396 692 2428 campo
710 2387 751 2428 fu
776 2388 926 2419 investito
952 2396 972 2418 a
997 2396 1038 2418 im
1067 2386 1228 2419 Glacomo
1255 2387 1293 2419 cie
1326 2387 1438 2419 Valicic’
1458 2396 1520 2428 per
1541 2387 1683 2428 I'ciffi‘tto
1701 2388 1736 2419 cii
1752 2388 1813 2419 ciue
1832 2387 1947 2427 fiorini

136 2449 192 2480 all'
204 2458 290 2480 anno
315 2450 366 2480 sin
390 2449 448 2481 dal
475 2450 567 2488 1427,
593 2459 647 2481 ma
672 2450 799 2481 avendo
825 2452 954 2481 cessato
979 2451 990 2481 i
1010 2450 1206 2490 pagasnenti
1229 2459 1245 2481 c
1266 2450 1376 2490 percio
1402 2450 1540 2482 essendo
1567 2450 1729 2482 decaduto
1763 2450 1944 2482 dall'inve-

138 2615 236 2640 cliiamo,
252 2621 263 2636 e
279 2616 320 2636 elie
335 2615 441 2641 riguarda
457 2616 477 2637 la
492 2616 618 2641 cittadella,
634 2622 702 2637 esnsa
718 2616 738 2636 ai
756 2616 837 2636 Pavesi
853 2622 864 2636 e
881 2616 963 2641 perche
978 2621 1012 2636 nr<

139 2665 193 2680 nese
209 2660 230 2680 di
247 2660 343 2680 tirannia
359 2666 370 2681 e
386 2660 468 2686 perche
484 2661 505 2681 di
521 2661 607 2687 grande
622 2661 727 2681 ostaeolo
743 2661 786 2681 alle
802 2660 925 2686 pubbliclxe
940 2660 1012 2680 ‹linio-

139 2704 249 2724 strazioni
265 2704 286 2724 di
302 2703 354 2724 tede
369 2710 436 2725 verso
451 2704 473 2725 S.
490 2704 611 2731 Agostino,
628 2705 647 2725 le
663 2705 698 2726 cui
715 2704 810 2730 reliquie
826 2710 837 2725 e
853 2704 866 2724 il
882 2704 917 2725 cni
938 2704 1013 2724 bellis-

139 2748 198 2769 simo
214 2749 300 2774 ternpio
315 2749 447 2770 trovavansi
463 2754 528 2770 come
544 2749 675 2775 prigionieri
696 2749 728 2770 ira
745 2749 763 2770 le
784 2749 878 2770 terribili
901 2754 964 2769 mura
987 2749 1008 2769 di

139 2792 215 2817 quella
231 2791 340 2813 iortczza.
359 2792 388 2813 La
403 2798 475 2818 prova
491 2793 549 2814 delle
567 2794 674 2818 angustie
690 2793 711 2814 in
727 2793 762 2814 cui
785 2793 918 2814 trovavansi
935 2793 938 2812 i
956 2792 1012 2813 Reli-

139 2836 197 2862 giosi
212 2837 350 2861 agostiniani
366 2842 377 2858 e
392 2837 397 2858 i
413 2837 516 2859 cittadini
533 2838 611 2863 pavesi
632 2844 673 2864 per
694 2839 777 2863 queste
798 2838 942 2859 circostanze
965 2838 1011 2863 pun

138 2881 213 2901 aversi
230 2881 265 2901 dai
281 2881 332 2902 doc.
348 2880 386 2902 CV
402 2887 413 2902 e
429 2881 495 2907 CX11‚
510 2887 575 2903 corne
590 2882 627 2907 gia
642 2884 768 2903 notamnio.
786 2882 835 2903 Non
851 2882 862 2902 'c
878 2882 1010 2906 nicraviglin

139 2926 247 2950 pertanto
262 2926 303 2946 che
317 2925 338 2946 al
354 2926 427 2951 primo
443 2927 592 2951 proclamarsi
616 2927 675 2947 della
692 2926 832 2952 Repubblica
849 2927 870 2947 ili
886 2926 908 2947 S.
931 2926 981 2947 sim
1004 2926 1009 2946 i

139 2968 220 2990 Pavcsi
237 2969 405 2990 deliberassem
420 2970 440 2991 la
456 2970 608 2992 demolizione
617 2971 676 2992 della
685 2971 810 2996 cittadclla,
820 2972 834 2992 il
849 2972 890 2992 elie
899 2971 1012 2992 comincii')

139 3013 168 3034 ad
190 3014 288 3034 attuarsi
311 3014 437 3040 nell’aprile
458 3014 494 3035 del
511 3015 569 3041 1448,
591 3015 721 3036 resistendo
741 3016 820 3036 subito
842 3016 863 3036 lo
885 3015 974 3041 stotza,
997 3016 1010 3035 il

139 3058 207 3084 quale
232 3063 273 3079 con
298 3058 342 3079 due
367 3059 448 3079 lettere
470 3059 506 3080 dei
527 3060 553 3080 22
574 3060 646 3085 aprile
661 3066 672 3081 e
688 3060 724 3081 del
748 3061 761 3081 3
782 3061 873 3086 maggio
898 3060 1013 3081 insistette

1068 2621 1149 2640 presso
1173 2615 1177 2635 i
1202 2615 1283 2636 l‘nvcsi
1307 2615 1390 2641 percli'e
1412 2615 1432 2636 la
1455 2615 1607 2636 deniolizione
1629 2621 1743 2636 cessasse.
1767 2616 1822 2636 Veni
1846 2615 1862 2636 ie
1893 2616 1944 2636 ΜΑ-

1067 2663 1159 2685 lOCCHlv
1175 2660 1316 2685 Ticinensi'u,
1334 2659 1412 2685 Pavia,
1430 2660 1487 2685 nmo,
1504 2665 1556 2685 pag.
1572 2660 1605 2685 20,
1621 2665 1678 2685 seg.;
1696 2660 1824 2683 ΗΟΒΟΗΝΙ,
1842 2660 1942 2683 Notizic.

1068 2705 1113 2725 vol,
1130 2704 1166 2729 IV,
1183 2706 1242 2730 part.
1260 2704 1275 2729 1,
1291 2710 1343 2730 pag.
1359 2705 1392 2729 97,
1409 2710 1457 2730 seg.

1118 2749 1226 2769 Noiianio
1242 2749 1280 2774 qui
1296 2749 1337 2769 elie
1353 2755 1397 2769 non
1414 2750 1506 2770 estante
1523 2749 1542 2769 le
1559 2755 1678 2775 promesse
1694 2749 1751 2769 fatte
1767 2749 1795 2769 dci
1815 2749 1941 2769 insint-esci»

1066 2792 1146 2813 Siorza
1162 2793 1182 2813 ai
1198 2793 1301 2814 cittadini
1319 2793 1406 2819 pavesi,
1429 2793 1448 2814 le
1471 2793 1600 2814 condizioni
1623 2793 1682 2814 della
1705 2793 1827 2814 Cinadcnsi
1851 2800 1861 2813 e
1884 2793 1942 2813 delli

1067 2837 1164 2858 Basilica
1180 2843 1224 2858 non
1240 2837 1322 2858 turono
1345 2839 1529 2858 inenomamente
1552 2837 1692 2863 iiiodiiicate.
1714 2843 1726 2858 e
1748 2843 1812 2858 come
1835 2838 1942 2863 :ippaiira

1066 2882 1102 2902 dal
1118 2882 1169 2902 doc.
1185 2883 1197 2902 4
1212 2883 1348 2907 settembre,
1372 2883 1429 2907 1450,
1450 2888 1471 2903 n.
1488 2882 1636 2907 ccxxxvu,
1653 2883 1657 2903 i
1675 2882 1781 2907 Rcligiosi

1065 2927 1187 2947 novettcro
1210 2927 1318 2947 reiterare
1334 2927 1353 2947 le
1369 2927 1480 2952 lagnanzc
1496 2926 1532 2952 gia
1556 2928 1688 2952 prcsentate
1711 2932 1722 2947 a
1747 2926 1804 2947 omn
1827 2927 1941 2947 ‹jnlcazzw

1067 2971 1170 2992 visconti
1186 2971 1216 2992 fin
1232 2971 1269 2992 dal
1287 2972 1343 2993 1395.

1118 3016 1148 3039 (1)
1163 3016 1230 3037 Frate
1245 3016 1339 3041 Giorgio
1356 3016 1470 3041 pusterla,
1482 3016 1540 3037 della
1552 3016 1641 3037 celebre
1657 3016 1756 3041 ianiiglia
1773 3016 1890 3039 milam-se,
1902 3016 1938 3036 clu

1804 2882 1941 2906 .·=;‹»siinianz

1070 3061 1107 3086 qui
1124 3060 1237 3081 trovianio
1253 3061 1321 3086 quale
1337 3061 1420 3081 biblico
1436 3066 1448 3081 a
1464 3060 1486 3081 S.
1503 3060 1622 3085 Mostiola,
1639 3060 1709 3086 passo
1733 3061 1807 3081 alcuni
1829 3066 1880 3080 niun
1903 3065 1942 3084 ap>

1913 3114 1931 3132 ll
