<?xml version="1.0" encoding="UTF-8"?>
<!DOCTYPE html PUBLIC "-//W3C//DTD XHTML 1.0 Transitional//EN"
    "http://www.w3.org/TR/xhtml1/DTD/xhtml1-transitional.dtd">
<html xmlns="http://www.w3.org/1999/xhtml" xml:lang="en" lang="en">
 <head>
  <title>
</title>
<meta http-equiv="Content-Type" content="text/html;charset=utf-8" />
  <meta name='ocr-system' content='tesseract 3.04.00' />
  <meta name='ocr-capabilities' content='ocr_page ocr_carea ocr_par ocr_line ocrx_word'/>
</head>
<body>
  <div class='ocr_page' id='page_1' title='image "./codexdiplomaticu02maiouoft_0423.png"; bbox 0 0 2347 3444; ppageno 0'>
   <div class='ocr_carea' id='block_1_1' title="bbox 1944 209 2008 240">
    <p class='ocr_par' dir='ltr' id='par_1_1' title="bbox 1944 209 2008 240">
     <span class='ocr_line' id='line_1_1' title="bbox 1944 209 2008 240; baseline 0.016 -1"><span class='ocrx_word' id='word_1_1' title='bbox 1944 209 2008 240; x_wconf 82' lang='lat'>359</span> 
     </span>
    </p>
   </div>
   <div class='ocr_carea' id='block_1_2' title="bbox 194 339 2010 506">
    <p class='ocr_par' dir='ltr' id='par_1_2' title="bbox 194 339 2010 506">
     <span class='ocr_line' id='line_1_2' title="bbox 197 339 2008 382; baseline -0.002 -10"><span class='ocrx_word' id='word_1_2' title='bbox 197 341 241 372; x_wconf 89' lang='lat' dir='ltr'>ibi</span> <span class='ocrx_word' id='word_1_3' title='bbox 267 343 330 373; x_wconf 93' lang='lat' dir='ltr'>stet</span> <span class='ocrx_word' id='word_1_4' title='bbox 355 343 386 372; x_wconf 95' lang='lat' dir='ltr'>et</span> <span class='ocrx_word' id='word_1_5' title='bbox 412 342 604 381; x_wconf 87' lang='lat' dir='ltr'>permaneat</span> <span class='ocrx_word' id='word_1_6' title='bbox 630 349 687 381; x_wconf 90' lang='lat' dir='ltr'>per</span> <span class='ocrx_word' id='word_1_7' title='bbox 713 341 864 381; x_wconf 79' lang='lat' dir='ltr'>spacium</span> <span class='ocrx_word' id='word_1_8' title='bbox 891 341 1052 382; x_wconf 88' lang='lat' dir='ltr'>temporis</span> <span class='ocrx_word' id='word_1_9' title='bbox 1078 340 1310 381; x_wconf 80' lang='lat' dir='ltr'>suprascripti,</span> <span class='ocrx_word' id='word_1_10' title='bbox 1337 339 1407 371; x_wconf 86' lang='lat' dir='ltr'>vult</span> <span class='ocrx_word' id='word_1_11' title='bbox 1432 341 1463 370; x_wconf 90' lang='lat' dir='ltr'>et</span> <span class='ocrx_word' id='word_1_12' title='bbox 1488 339 1620 370; x_wconf 90' lang='lat' dir='ltr'>ordinat</span> <span class='ocrx_word' id='word_1_13' title='bbox 1658 340 1730 379; x_wconf 87' lang='lat' dir='ltr'>ipse</span> <span class='ocrx_word' id='word_1_14' title='bbox 1756 340 1887 370; x_wconf 87' lang='lat' dir='ltr'>donans</span> <span class='ocrx_word' id='word_1_15' title='bbox 1917 339 2008 379; x_wconf 80' lang='lat' dir='ltr'>quod</span> 
     </span>
     <span class='ocr_line' id='line_1_3' title="bbox 194 401 2010 444; baseline -0.002 -9"><span class='ocrx_word' id='word_1_16' title='bbox 194 403 312 444; x_wconf 87' lang='lat' dir='ltr'>elapso</span> <span class='ocrx_word' id='word_1_17' title='bbox 337 403 426 434; x_wconf 90' lang='lat' dir='ltr'>dicto</span> <span class='ocrx_word' id='word_1_18' title='bbox 452 404 601 443; x_wconf 88' lang='lat' dir='ltr'>tempore</span> <span class='ocrx_word' id='word_1_19' title='bbox 627 403 718 442; x_wconf 86' lang='lat' dir='ltr'>quod</span> <span class='ocrx_word' id='word_1_20' title='bbox 746 403 871 434; x_wconf 89' lang='lat' dir='ltr'>domini</span> <span class='ocrx_word' id='word_1_21' title='bbox 900 403 1030 435; x_wconf 83' lang='lat' dir='ltr'>Fratres</span> <span class='ocrx_word' id='word_1_22' title='bbox 1056 403 1275 443; x_wconf 82' lang='lat' dir='ltr'>suprascripti</span> <span class='ocrx_word' id='word_1_23' title='bbox 1310 402 1526 440; x_wconf 82' lang='lat' dir='ltr'>monasterii,</span> <span class='ocrx_word' id='word_1_24' title='bbox 1564 402 1603 432; x_wconf 91' lang='lat' dir='ltr'>de</span> <span class='ocrx_word' id='word_1_25' title='bbox 1641 401 1753 432; x_wconf 88' lang='lat' dir='ltr'>veluto</span> <span class='ocrx_word' id='word_1_26' title='bbox 1791 402 2010 442; x_wconf 74' lang='lat' dir='ltr'>suprascripti</span> 
     </span>
     <span class='ocr_line' id='line_1_4' title="bbox 194 464 1900 506; baseline -0.001 -9"><span class='ocrx_word' id='word_1_27' title='bbox 194 466 284 506; x_wconf 88' lang='lat' dir='ltr'>pallii</span> <span class='ocrx_word' id='word_1_28' title='bbox 311 465 435 497; x_wconf 85' lang='lat' dir='ltr'>faciant</span> <span class='ocrx_word' id='word_1_29' title='bbox 460 474 518 496; x_wconf 89' lang='lat' dir='ltr'>seu</span> <span class='ocrx_word' id='word_1_30' title='bbox 545 465 613 496; x_wconf 84' lang='lat' dir='ltr'>fieri</span> <span class='ocrx_word' id='word_1_31' title='bbox 641 464 764 496; x_wconf 83' lang='lat' dir='ltr'>faciant</span> <span class='ocrx_word' id='word_1_32' title='bbox 791 475 888 496; x_wconf 92' lang='lat' dir='ltr'>unam</span> <span class='ocrx_word' id='word_1_33' title='bbox 916 466 1082 506; x_wconf 79' lang='lat' dir='ltr'>planetam</span> <span class='ocrx_word' id='word_1_34' title='bbox 1111 474 1170 505; x_wconf 92' lang='lat' dir='ltr'>pro</span> <span class='ocrx_word' id='word_1_35' title='bbox 1197 474 1258 496; x_wconf 91' lang='lat' dir='ltr'>usu</span> <span class='ocrx_word' id='word_1_36' title='bbox 1284 465 1424 496; x_wconf 79' lang='lat' dir='ltr'>ecclesie</span> <span class='ocrx_word' id='word_1_37' title='bbox 1450 465 1669 505; x_wconf 78' lang='lat' dir='ltr'>suprascripti</span> <span class='ocrx_word' id='word_1_38' title='bbox 1697 466 1900 496; x_wconf 86' lang='lat' dir='ltr'>monasterii.</span> 
     </span>
    </p>
   </div>
   <div class='ocr_carea' id='block_1_3' title="bbox 936 639 1275 680">
    <p class='ocr_par' dir='ltr' id='par_1_3' title="bbox 936 639 1275 680">
     <span class='ocr_line' id='line_1_5' title="bbox 936 639 1275 680; baseline 0 -2"><span class='ocrx_word' id='word_1_39' title='bbox 936 639 1275 680; x_wconf 83' lang='lat' dir='ltr'>DCXXXIV.</span> 
     </span>
    </p>
   </div>
   <div class='ocr_carea' id='block_1_4' title="bbox 285 746 1755 784">
    <p class='ocr_par' dir='ltr' id='par_1_4' title="bbox 285 746 1755 784">
     <span class='ocr_line' id='line_1_6' title="bbox 285 746 1755 784; baseline 0.001 -10"><span class='ocrx_word' id='word_1_40' title='bbox 285 748 386 775; x_wconf 81' lang='lat' dir='ltr'>Frate</span> <span class='ocrx_word' id='word_1_41' title='bbox 411 746 577 775; x_wconf 85' lang='lat' dir='ltr'>Giovanni</span> <span class='ocrx_word' id='word_1_42' title='bbox 602 747 644 775; x_wconf 90' lang='lat' dir='ltr'>da</span> <span class='ocrx_word' id='word_1_43' title='bbox 667 746 759 775; x_wconf 79' lang='lat' dir='ltr'>Sant&#39;</span> <span class='ocrx_word' id='word_1_44' title='bbox 775 747 905 783; x_wconf 81' lang='lat' dir='ltr'>Angelo</span> <span class='ocrx_word' id='word_1_45' title='bbox 931 748 1133 784; x_wconf 85' lang='lat' dir='ltr'>Cappellano</span> <span class='ocrx_word' id='word_1_46' title='bbox 1159 747 1212 776; x_wconf 90' lang='lat' dir='ltr'>dei</span> <span class='ocrx_word' id='word_1_47' title='bbox 1236 747 1449 784; x_wconf 84' lang='lat' dir='ltr'>Disciplinati</span> <span class='ocrx_word' id='word_1_48' title='bbox 1474 747 1507 776; x_wconf 89' lang='lat' dir='ltr'>di</span> <span class='ocrx_word' id='word_1_49' title='bbox 1531 748 1565 776; x_wconf 91' lang='lat' dir='ltr'>S.</span> <span class='ocrx_word' id='word_1_50' title='bbox 1593 747 1755 776; x_wconf 87' lang='lat' dir='ltr'>Gervaso.</span> 
     </span>
    </p>
   </div>
   <div class='ocr_carea' id='block_1_5' title="bbox 802 853 1404 883">
    <p class='ocr_par' dir='ltr' id='par_1_5' title="bbox 802 853 1404 883">
     <span class='ocr_line' id='line_1_7' title="bbox 802 853 1404 883; baseline 0.003 -7"><span class='ocrx_word' id='word_1_51' title='bbox 802 853 950 882; x_wconf 53' lang='lat'>1498),</span> <span class='ocrx_word' id='word_1_52' title='bbox 983 853 1300 883; x_wconf 69' lang='lat' dir='ltr'>‹liee111l›re,</span> <span class='ocrx_word' id='word_1_53' title='bbox 1328 853 1404 878; x_wconf 79' lang='lat'>13.</span> 
     </span>
    </p>
   </div>
   <div class='ocr_carea' id='block_1_6' title="bbox 722 940 1494 966">
    <p class='ocr_par' dir='ltr' id='par_1_6' title="bbox 722 940 1494 966">
     <span class='ocr_line' id='line_1_8' title="bbox 722 940 1494 966; baseline 0 -6"><span class='ocrx_word' id='word_1_54' title='bbox 722 941 796 960; x_wconf 59' lang='lat' dir='ltr'>*Arcu</span> <span class='ocrx_word' id='word_1_55' title='bbox 815 940 894 960; x_wconf 83' lang='lat' dir='ltr'>Notar.</span> <span class='ocrx_word' id='word_1_56' title='bbox 912 940 933 960; x_wconf 84' lang='lat' dir='ltr'>di</span> <span class='ocrx_word' id='word_1_57' title='bbox 952 940 1020 961; x_wconf 80' lang='lat' dir='ltr'>Pavia</span> <span class='ocrx_word' id='word_1_58' title='bbox 1046 952 1070 953; x_wconf 33' lang='lat' dir='ltr'><em>j</em></span> <span class='ocrx_word' id='word_1_59' title='bbox 1087 941 1134 961; x_wconf 75' lang='lat' dir='ltr'>Atti</span> <span class='ocrx_word' id='word_1_60' title='bbox 1151 941 1172 961; x_wconf 89' lang='lat' dir='ltr'>di</span> <span class='ocrx_word' id='word_1_61' title='bbox 1189 941 1246 962; x_wconf 86' lang='lat' dir='ltr'>Gian</span> <span class='ocrx_word' id='word_1_62' title='bbox 1264 941 1340 961; x_wconf 80' lang='lat' dir='ltr'>Pietro</span> <span class='ocrx_word' id='word_1_63' title='bbox 1357 941 1474 966; x_wconf 67' lang='lat' dir='ltr'>Mangano</span> <span class='ocrx_word' id='word_1_64' title='bbox 1492 957 1494 960; x_wconf 93' lang='lat'>.</span> 
     </span>
    </p>
   </div>
   <div class='ocr_carea' id='block_1_7' title="bbox 339 1072 442 1106">
    <p class='ocr_par' dir='ltr' id='par_1_7' title="bbox 339 1072 442 1106">
     <span class='ocr_line' id='line_1_9' title="bbox 339 1072 442 1106; baseline 0 0"><span class='ocrx_word' id='word_1_65' title='bbox 339 1072 442 1106; x_wconf 30' lang='lat' dir='ltr'>&#39;le</span> 
     </span>
    </p>
   </div>
   <div class='ocr_carea' id='block_1_8' title="bbox 218 1125 2022 1241">
    <p class='ocr_par' dir='ltr' id='par_1_8' title="bbox 218 1125 2022 1241">
     <span class='ocr_line' id='line_1_10' title="bbox 218 1125 2020 1241; baseline 0 -72"><span class='ocrx_word' id='word_1_66' title='bbox 218 1125 220 1145; x_wconf 32' lang='grc' dir='ltr'><strong>ἶ</strong></span> <span class='ocrx_word' id='word_1_67' title='bbox 270 1126 393 1241; x_wconf 87' lang='lat' dir='ltr'>N</span> <span class='ocrx_word' id='word_1_68' title='bbox 441 1133 537 1184; x_wconf 57' lang='lat' dir='ltr'>iELLA</span> <span class='ocrx_word' id='word_1_69' title='bbox 563 1138 697 1177; x_wconf 76' lang='lat' dir='ltr'>bottega</span> <span class='ocrx_word' id='word_1_70' title='bbox 722 1138 756 1169; x_wconf 90' lang='lat' dir='ltr'>a&#39;i</span> <span class='ocrx_word' id='word_1_71' title='bbox 785 1138 960 1169; x_wconf 80' lang='lat' dir='ltr'>Tommaso</span> <span class='ocrx_word' id='word_1_72' title='bbox 989 1137 1120 1173; x_wconf 76' lang='lat' dir='ltr'>Oualla,</span> <span class='ocrx_word' id='word_1_73' title='bbox 1139 1139 1171 1169; x_wconf 85' lang='lat' dir='ltr'>in</span> <span class='ocrx_word' id='word_1_74' title='bbox 1190 1138 1388 1169; x_wconf 77' lang='lat' dir='ltr'>Parroccln&#39;a</span> <span class='ocrx_word' id='word_1_75' title='bbox 1413 1139 1467 1170; x_wconf 78' lang='lat' dir='ltr'>dei</span> <span class='ocrx_word' id='word_1_76' title='bbox 1492 1138 1550 1171; x_wconf 84' lang='lat' dir='ltr'>SS.</span> <span class='ocrx_word' id='word_1_77' title='bbox 1569 1139 1771 1170; x_wconf 82' lang='lat' dir='ltr'>Damianino</span> <span class='ocrx_word' id='word_1_78' title='bbox 1790 1148 1806 1169; x_wconf 85' lang='lat' dir='ltr'>e</span> <span class='ocrx_word' id='word_1_79' title='bbox 1824 1138 2020 1172; x_wconf 77' lang='lat' dir='ltr'>Romanina.</span> 
     </span>
     <span class='ocr_line' id='line_1_11' title="bbox 219 1185 2022 1241; baseline -0.001 -9"><span class='ocrx_word' id='word_1_80' title='bbox 219 1185 220 1211; x_wconf 46' lang='lat'>³</span> <span class='ocrx_word' id='word_1_81' title='bbox 470 1200 687 1234; x_wconf 79' lang='lat' dir='ltr'>Reverendus</span> <span class='ocrx_word' id='word_1_82' title='bbox 713 1202 743 1231; x_wconf 85' lang='lat' dir='ltr'>et</span> <span class='ocrx_word' id='word_1_83' title='bbox 770 1201 907 1240; x_wconf 85' lang='lat' dir='ltr'>sapiens</span> <span class='ocrx_word' id='word_1_84' title='bbox 933 1210 1025 1231; x_wconf 82' lang='lat' dir='ltr'>sacre</span> <span class='ocrx_word' id='word_1_85' title='bbox 1051 1201 1220 1241; x_wconf 73' lang='lat' dir='ltr'>theologie</span> <span class='ocrx_word' id='word_1_86' title='bbox 1247 1201 1404 1241; x_wconf 78' lang='lat' dir='ltr'>magister</span> <span class='ocrx_word' id='word_1_87' title='bbox 1430 1201 1588 1232; x_wconf 87' lang='lat' dir='ltr'>dominus</span> <span class='ocrx_word' id='word_1_88' title='bbox 1615 1201 1773 1241; x_wconf 79' lang='lat' dir='ltr'>magister</span> <span class='ocrx_word' id='word_1_89' title='bbox 1799 1201 1963 1232; x_wconf 83' lang='lat' dir='ltr'>lohannes</span> <span class='ocrx_word' id='word_1_90' title='bbox 1982 1202 2022 1231; x_wconf 91' lang='lat' dir='ltr'>de</span> 
     </span>
    </p>
   </div>
   <div class='ocr_carea' id='block_1_9' title="bbox 441 1186 442 1295">
    <p class='ocr_par' dir='ltr' id='par_1_9' title="bbox 441 1186 442 1295">
     <span class='ocr_line' id='line_1_12' title="bbox 441 1186 442 1295; baseline 0 0"><span class='ocrx_word' id='word_1_91' title='bbox 441 1186 442 1295; x_wconf 95' lang='lat' dir='ltr'> </span> 
     </span>
    </p>
   </div>
   <div class='ocr_carea' id='block_1_10' title="bbox 202 1262 2026 1553">
    <p class='ocr_par' dir='ltr' id='par_1_10' title="bbox 202 1262 2026 1553">
     <span class='ocr_line' id='line_1_13' title="bbox 364 1262 2024 1304; baseline -0.001 -9"><span class='ocrx_word' id='word_1_92' title='bbox 364 1300 438 1301; x_wconf 23' lang='lat' dir='ltr'>fij</span> <span class='ocrx_word' id='word_1_93' title='bbox 470 1265 587 1296; x_wconf 90' lang='lat' dir='ltr'>sancto</span> <span class='ocrx_word' id='word_1_94' title='bbox 614 1262 754 1303; x_wconf 69' lang='lat' dir='ltr'>Angelo,</span> <span class='ocrx_word' id='word_1_95' title='bbox 780 1262 880 1294; x_wconf 83' lang='lat' dir='ltr'>frater</span> <span class='ocrx_word' id='word_1_96' title='bbox 905 1262 1043 1294; x_wconf 82' lang='lat' dir='ltr'>Ordinis</span> <span class='ocrx_word' id='word_1_97' title='bbox 1070 1264 1174 1294; x_wconf 85' lang='lat' dir='ltr'>sancti</span> <span class='ocrx_word' id='word_1_98' title='bbox 1211 1263 1389 1304; x_wconf 80' lang='lat' dir='ltr'>Augustini</span> <span class='ocrx_word' id='word_1_99' title='bbox 1426 1262 1540 1303; x_wconf 75' lang='lat' dir='ltr'>papie,</span> <span class='ocrx_word' id='word_1_100' title='bbox 1566 1272 1603 1294; x_wconf 87' lang='lat' dir='ltr'>ac</span> <span class='ocrx_word' id='word_1_101' title='bbox 1629 1263 1825 1303; x_wconf 83' lang='lat' dir='ltr'>capellanus</span> <span class='ocrx_word' id='word_1_102' title='bbox 1862 1263 2024 1294; x_wconf 89' lang='lat' dir='ltr'>Verbera-</span> 
     </span>
     <span class='ocr_line' id='line_1_14' title="bbox 203 1324 2023 1366; baseline -0.001 -8"><span class='ocrx_word' id='word_1_103' title='bbox 203 1329 310 1358; x_wconf 90' lang='lat' dir='ltr'>torum</span> <span class='ocrx_word' id='word_1_104' title='bbox 337 1329 451 1358; x_wconf 84' lang='lat' dir='ltr'>sancte</span> <span class='ocrx_word' id='word_1_105' title='bbox 479 1327 585 1357; x_wconf 84' lang='lat' dir='ltr'>Marie</span> <span class='ocrx_word' id='word_1_106' title='bbox 612 1334 716 1366; x_wconf 78' lang='lat' dir='ltr'>prope</span> <span class='ocrx_word' id='word_1_107' title='bbox 743 1327 894 1356; x_wconf 90' lang='lat' dir='ltr'>sanctum</span> <span class='ocrx_word' id='word_1_108' title='bbox 923 1324 1129 1357; x_wconf 84' lang='lat' dir='ltr'>Gervaxium</span> <span class='ocrx_word' id='word_1_109' title='bbox 1158 1325 1272 1365; x_wconf 78' lang='lat' dir='ltr'>Papie,</span> <span class='ocrx_word' id='word_1_110' title='bbox 1298 1326 1400 1356; x_wconf 68' lang='lat' dir='ltr'>risere</span> <span class='ocrx_word' id='word_1_111' title='bbox 1425 1325 1483 1356; x_wconf 79' lang='lat' dir='ltr'>dal</span> <span class='ocrx_word' id='word_1_112' title='bbox 1506 1328 1667 1356; x_wconf 78' lang='lat' dir='ltr'>mercante</span> <span class='ocrx_word' id='word_1_113' title='bbox 1698 1326 1872 1356; x_wconf 84' lang='lat' dir='ltr'>Tammaso</span> <span class='ocrx_word' id='word_1_114' title='bbox 1901 1325 2023 1357; x_wconf 86' lang='lat' dir='ltr'>Gaalla</span> 
     </span>
     <span class='ocr_line' id='line_1_15' title="bbox 202 1386 2026 1430; baseline -0.001 -10"><span class='ocrx_word' id='word_1_115' title='bbox 202 1389 340 1421; x_wconf 71' lang='lat' dir='ltr'>sinciaco</span> <span class='ocrx_word' id='word_1_116' title='bbox 365 1399 381 1421; x_wconf 86' lang='lat' dir='ltr'>e</span> <span class='ocrx_word' id='word_1_117' title='bbox 402 1391 613 1430; x_wconf 75' lang='lat' dir='ltr'>procuratore</span> <span class='ocrx_word' id='word_1_118' title='bbox 639 1389 747 1419; x_wconf 82' lang='lat' dir='ltr'>tocius</span> <span class='ocrx_word' id='word_1_119' title='bbox 773 1386 1058 1429; x_wconf 82' lang='lat' dir='ltr'>Congregationis</span> <span class='ocrx_word' id='word_1_120' title='bbox 1084 1388 1341 1419; x_wconf 86' lang='lat' dir='ltr'>Verberatorum</span> <span class='ocrx_word' id='word_1_121' title='bbox 1369 1390 1482 1419; x_wconf 80' lang='lat' dir='ltr'>sancte</span> <span class='ocrx_word' id='word_1_122' title='bbox 1509 1388 1615 1419; x_wconf 85' lang='lat' dir='ltr'>Marie</span> <span class='ocrx_word' id='word_1_123' title='bbox 1641 1397 1746 1428; x_wconf 83' lang='lat' dir='ltr'>prope</span> <span class='ocrx_word' id='word_1_124' title='bbox 1772 1390 1923 1419; x_wconf 82' lang='lat' dir='ltr'>sanctum</span> <span class='ocrx_word' id='word_1_125' title='bbox 1943 1387 2026 1419; x_wconf 87' lang='lat' dir='ltr'>Ger-</span> 
     </span>
     <span class='ocr_line' id='line_1_16' title="bbox 206 1450 2023 1492; baseline -0.001 -9"><span class='ocrx_word' id='word_1_126' title='bbox 206 1453 344 1483; x_wconf 83' lang='lat' dir='ltr'>vaxium</span> <span class='ocrx_word' id='word_1_127' title='bbox 372 1451 486 1492; x_wconf 82' lang='lat' dir='ltr'>Papie,</span> <span class='ocrx_word' id='word_1_128' title='bbox 512 1451 568 1482; x_wconf 60' lang='grc' dir='ltr'>[ἱνα</span> <span class='ocrx_word' id='word_1_129' title='bbox 597 1451 666 1486; x_wconf 86' lang='grc' dir='ltr'><em>ΙΙΙ,</em></span> <span class='ocrx_word' id='word_1_130' title='bbox 695 1460 755 1491; x_wconf 89' lang='lat' dir='ltr'>pro</span> <span class='ocrx_word' id='word_1_131' title='bbox 783 1451 909 1491; x_wconf 75' lang='lat' dir='ltr'>integra</span> <span class='ocrx_word' id='word_1_132' title='bbox 937 1451 1110 1481; x_wconf 78' lang='lat' dir='ltr'>solucione</span> <span class='ocrx_word' id='word_1_133' title='bbox 1136 1452 1166 1481; x_wconf 88' lang='lat' dir='ltr'>et</span> <span class='ocrx_word' id='word_1_134' title='bbox 1193 1450 1411 1481; x_wconf 81' lang='lat' dir='ltr'>satisfacionc</span> <span class='ocrx_word' id='word_1_135' title='bbox 1444 1451 1494 1481; x_wconf 81' lang='lat' dir='ltr'>sui</span> <span class='ocrx_word' id='word_1_136' title='bbox 1523 1450 1634 1481; x_wconf 86' lang='lat' dir='ltr'>salarii</span> <span class='ocrx_word' id='word_1_137' title='bbox 1662 1450 1725 1481; x_wconf 84' lang='lat' dir='ltr'>sibi</span> <span class='ocrx_word' id='word_1_138' title='bbox 1764 1451 1922 1490; x_wconf 84' lang='lat' dir='ltr'>promissi</span> <span class='ocrx_word' id='word_1_139' title='bbox 1965 1459 2023 1490; x_wconf 85' lang='lat' dir='ltr'>per</span> 
     </span>
     <span class='ocr_line' id='line_1_17' title="bbox 205 1512 2022 1553; baseline -0.001 -8"><span class='ocrx_word' id='word_1_140' title='bbox 205 1515 315 1546; x_wconf 89' lang='lat' dir='ltr'>dictos</span> <span class='ocrx_word' id='word_1_141' title='bbox 341 1514 499 1545; x_wconf 88' lang='lat' dir='ltr'>dominos</span> <span class='ocrx_word' id='word_1_142' title='bbox 526 1513 791 1544; x_wconf 84' lang='lat' dir='ltr'>verberatores...</span> <span class='ocrx_word' id='word_1_143' title='bbox 819 1522 878 1553; x_wconf 85' lang='lat' dir='ltr'>pro</span> <span class='ocrx_word' id='word_1_144' title='bbox 905 1513 1020 1544; x_wconf 88' lang='lat' dir='ltr'>missis</span> <span class='ocrx_word' id='word_1_145' title='bbox 1045 1515 1075 1543; x_wconf 86' lang='lat' dir='ltr'>et</span> <span class='ocrx_word' id='word_1_146' title='bbox 1093 1512 1215 1544; x_wconf 77' lang='lat' dir='ltr'>officiis</span> <span class='ocrx_word' id='word_1_147' title='bbox 1233 1513 1410 1543; x_wconf 84' lang='lat' dir='ltr'>celebratis</span> <span class='ocrx_word' id='word_1_148' title='bbox 1429 1522 1486 1552; x_wconf 85' lang='lat' dir='ltr'>per</span> <span class='ocrx_word' id='word_1_149' title='bbox 1506 1513 1614 1552; x_wconf 88' lang='lat' dir='ltr'>ipsum</span> <span class='ocrx_word' id='word_1_150' title='bbox 1635 1513 1807 1543; x_wconf 89' lang='lat' dir='ltr'>dominum</span> <span class='ocrx_word' id='word_1_151' title='bbox 1828 1513 2022 1553; x_wconf 80' lang='lat' dir='ltr'>magistrum</span> 
     </span>
    </p>
   </div>
   <div class='ocr_carea' id='block_1_11' title="bbox 205 1574 1919 1617">
    <p class='ocr_par' dir='ltr' id='par_1_11' title="bbox 205 1574 1919 1617">
     <span class='ocr_line' id='line_1_18' title="bbox 205 1574 1919 1617; baseline -0.002 -9"><span class='ocrx_word' id='word_1_152' title='bbox 205 1576 418 1608; x_wconf 77' lang='lat' dir='ltr'>iohannem...</span> <span class='ocrx_word' id='word_1_153' title='bbox 445 1585 505 1617; x_wconf 87' lang='lat' dir='ltr'>pro</span> <span class='ocrx_word' id='word_1_154' title='bbox 533 1585 599 1607; x_wconf 88' lang='lat' dir='ltr'>uno</span> <span class='ocrx_word' id='word_1_155' title='bbox 626 1585 715 1607; x_wconf 90' lang='lat' dir='ltr'>anno</span> <span class='ocrx_word' id='word_1_156' title='bbox 742 1576 876 1606; x_wconf 64' lang='lat' dir='ltr'>{inituro</span> <span class='ocrx_word' id='word_1_157' title='bbox 902 1578 932 1606; x_wconf 88' lang='lat' dir='ltr'>et</span> <span class='ocrx_word' id='word_1_158' title='bbox 958 1575 1167 1615; x_wconf 85' lang='lat' dir='ltr'>completuro</span> <span class='ocrx_word' id='word_1_159' title='bbox 1194 1575 1224 1605; x_wconf 90' lang='lat' dir='ltr'>in</span> <span class='ocrx_word' id='word_1_160' title='bbox 1251 1575 1414 1606; x_wconf 86' lang='lat' dir='ltr'>callendis</span> <span class='ocrx_word' id='word_1_161' title='bbox 1441 1574 1581 1606; x_wconf 82' lang='lat' dir='ltr'>Ianuarii</span> <span class='ocrx_word' id='word_1_162' title='bbox 1610 1575 1762 1615; x_wconf 82' lang='lat' dir='ltr'>proxime</span> <span class='ocrx_word' id='word_1_163' title='bbox 1788 1574 1919 1606; x_wconf 76' lang='lat' dir='ltr'>futuris.</span> 
     </span>
    </p>
   </div>
   <div class='ocr_carea' id='block_1_12' title="bbox 959 1750 1272 1791">
    <p class='ocr_par' dir='ltr' id='par_1_12' title="bbox 959 1750 1272 1791">
     <span class='ocr_line' id='line_1_19' title="bbox 959 1750 1272 1791; baseline 0 -2"><span class='ocrx_word' id='word_1_164' title='bbox 959 1750 1272 1791; x_wconf 90' lang='lat' dir='ltr'>DCXXXV.</span> 
     </span>
    </p>
   </div>
   <div class='ocr_carea' id='block_1_13' title="bbox 296 1855 1409 1895">
    <p class='ocr_par' dir='ltr' id='par_1_13' title="bbox 296 1855 1409 1895">
     <span class='ocr_line' id='line_1_20' title="bbox 296 1855 1409 1895; baseline -0.002 -6"><span class='ocrx_word' id='word_1_165' title='bbox 296 1860 490 1889; x_wconf 73' lang='lat' dir='ltr'>Donazione</span> <span class='ocrx_word' id='word_1_166' title='bbox 515 1860 548 1888; x_wconf 92' lang='lat' dir='ltr'>di</span> <span class='ocrx_word' id='word_1_167' title='bbox 573 1861 681 1888; x_wconf 86' lang='lat' dir='ltr'>Borso</span> <span class='ocrx_word' id='word_1_168' title='bbox 706 1859 890 1895; x_wconf 74' lang='lat' dir='ltr'>Serovegni</span> <span class='ocrx_word' id='word_1_169' title='bbox 914 1859 946 1888; x_wconf 83' lang='lat' dir='ltr'>al</span> <span class='ocrx_word' id='word_1_170' title='bbox 972 1855 1151 1890; x_wconf 87' lang='lat' dir='ltr'>Convento</span> <span class='ocrx_word' id='word_1_171' title='bbox 1176 1858 1209 1887; x_wconf 92' lang='lat' dir='ltr'>di</span> <span class='ocrx_word' id='word_1_172' title='bbox 1234 1859 1267 1887; x_wconf 89' lang='lat' dir='ltr'>S.</span> <span class='ocrx_word' id='word_1_173' title='bbox 1292 1859 1409 1887; x_wconf 85' lang='lat' dir='ltr'>Paolo.</span> 
     </span>
    </p>
   </div>
   <div class='ocr_carea' id='block_1_14' title="bbox 852 1963 1405 1994">
    <p class='ocr_par' dir='ltr' id='par_1_14' title="bbox 852 1963 1405 1994">
     <span class='ocr_line' id='line_1_21' title="bbox 852 1963 1405 1994; baseline 0 -6"><span class='ocrx_word' id='word_1_174' title='bbox 852 1964 1012 1994; x_wconf 73' lang='lat'>1500,</span> <span class='ocrx_word' id='word_1_175' title='bbox 1042 1964 1324 1994; x_wconf 60' lang='lat' dir='ltr'>genunio,</span> <span class='ocrx_word' id='word_1_176' title='bbox 1353 1963 1405 1988; x_wconf 78' lang='lat'>¹7.</span> 
     </span>
    </p>
   </div>
   <div class='ocr_carea' id='block_1_15' title="bbox 763 2051 1465 2077">
    <p class='ocr_par' dir='ltr' id='par_1_15' title="bbox 763 2051 1465 2077">
     <span class='ocr_line' id='line_1_22' title="bbox 763 2051 1465 2077; baseline 0 -4"><span class='ocrx_word' id='word_1_177' title='bbox 763 2052 840 2075; x_wconf 46' lang='lat' dir='ltr'>(Arch.</span> <span class='ocrx_word' id='word_1_178' title='bbox 857 2052 937 2072; x_wconf 59' lang='lat' dir='ltr'>Notas.</span> <span class='ocrx_word' id='word_1_179' title='bbox 955 2051 976 2072; x_wconf 91' lang='lat' dir='ltr'>di</span> <span class='ocrx_word' id='word_1_180' title='bbox 994 2051 1063 2072; x_wconf 79' lang='lat' dir='ltr'>Pavia</span> <span class='ocrx_word' id='word_1_181' title='bbox 1079 2063 1103 2065; x_wconf 77' lang='lat'>—</span> <span class='ocrx_word' id='word_1_182' title='bbox 1120 2051 1167 2072; x_wconf 78' lang='lat' dir='ltr'>Atti·</span> <span class='ocrx_word' id='word_1_183' title='bbox 1184 2051 1205 2071; x_wconf 90' lang='lat' dir='ltr'>di</span> <span class='ocrx_word' id='word_1_184' title='bbox 1221 2051 1326 2077; x_wconf 82' lang='lat' dir='ltr'>Gaspare</span> <span class='ocrx_word' id='word_1_185' title='bbox 1342 2051 1465 2073; x_wconf 54' lang='lat' dir='ltr'>Tacconin</span> 
     </span>
    </p>
   </div>
   <div class='ocr_carea' id='block_1_16' title="bbox 210 2291 2029 2476">
    <p class='ocr_par' dir='ltr' id='par_1_16' title="bbox 210 2291 2029 2476">
     <span class='ocr_line' id='line_1_23' title="bbox 447 2291 2027 2375; baseline -0.002 -30"><span class='ocrx_word' id='word_1_186' title='bbox 447 2291 606 2375; x_wconf 47' lang='lat' dir='ltr'>{console</span> <span class='ocrx_word' id='word_1_187' title='bbox 631 2313 666 2344; x_wconf 81' lang='lat' dir='ltr'>di</span> <span class='ocrx_word' id='word_1_188' title='bbox 685 2313 845 2353; x_wconf 72' lang='lat' dir='ltr'>giustizia</span> <span class='ocrx_word' id='word_1_189' title='bbox 870 2312 904 2343; x_wconf 80' lang='lat' dir='ltr'>di</span> <span class='ocrx_word' id='word_1_190' title='bbox 935 2311 1063 2349; x_wconf 69' lang='lat' dir='ltr'>pavia,</span> <span class='ocrx_word' id='word_1_191' title='bbox 1104 2311 1212 2343; x_wconf 80' lang='lat' dir='ltr'>nobile</span> <span class='ocrx_word' id='word_1_192' title='bbox 1251 2310 1337 2343; x_wconf 82' lang='lat' dir='ltr'>Gian</span> <span class='ocrx_word' id='word_1_193' title='bbox 1379 2312 1554 2343; x_wconf 86' lang='lat' dir='ltr'>Tommaso</span> <span class='ocrx_word' id='word_1_194' title='bbox 1592 2311 1747 2349; x_wconf 83' lang='lat' dir='ltr'>Pescari,</span> <span class='ocrx_word' id='word_1_195' title='bbox 1787 2311 1818 2342; x_wconf 91' lang='lat' dir='ltr'>Io</span> <span class='ocrx_word' id='word_1_196' title='bbox 1855 2311 2027 2352; x_wconf 80' lang='lat' dir='ltr'>spettabile</span> 
     </span>
     <span class='ocr_line' id='line_1_24' title="bbox 329 2373 2029 2415; baseline -0.001 -9"><span class='ocrx_word' id='word_1_197' title='bbox 329 2411 332 2412; x_wconf 19' lang='lat'><em>⁷</em></span> <span class='ocrx_word' id='word_1_198' title='bbox 474 2376 592 2415; x_wconf 84' lang='lat' dir='ltr'>signor</span> <span class='ocrx_word' id='word_1_199' title='bbox 613 2374 719 2406; x_wconf 78' lang='lat' dir='ltr'>Barsa</span> <span class='ocrx_word' id='word_1_200' title='bbox 745 2373 934 2413; x_wconf 75' lang='lat' dir='ltr'>Scrovegnr‚</span> <span class='ocrx_word' id='word_1_201' title='bbox 960 2374 1013 2405; x_wconf 81' lang='lat' dir='ltr'>del</span> <span class='ocrx_word' id='word_1_202' title='bbox 1030 2373 1071 2414; x_wconf 86' lang='lat' dir='ltr'>fa</span> <span class='ocrx_word' id='word_1_203' title='bbox 1096 2375 1157 2414; x_wconf 80' lang='lat' dir='ltr'>sig.</span> <span class='ocrx_word' id='word_1_204' title='bbox 1187 2373 1359 2409; x_wconf 74' lang='lat' dir='ltr'>Glacomo,</span> <span class='ocrx_word' id='word_1_205' title='bbox 1380 2373 1421 2414; x_wconf 90' lang='lat' dir='ltr'>fa</span> <span class='ocrx_word' id='word_1_206' title='bbox 1447 2374 1632 2405; x_wconf 77' lang='lat' dir='ltr'>a&#39;onaziorze</span> <span class='ocrx_word' id='word_1_207' title='bbox 1650 2373 1860 2405; x_wconf 82' lang='lat' dir='ltr'>irrevocabile</span> <span class='ocrx_word' id='word_1_208' title='bbox 1878 2373 1912 2404; x_wconf 91' lang='lat' dir='ltr'>al</span> <span class='ocrx_word' id='word_1_209' title='bbox 1930 2382 2029 2404; x_wconf 90' lang='lat' dir='ltr'>vene-</span> 
     </span>
     <span class='ocr_line' id='line_1_25' title="bbox 210 2435 2027 2476; baseline -0.001 -8"><span class='ocrx_word' id='word_1_210' title='bbox 210 2438 306 2469; x_wconf 87' lang='lat' dir='ltr'>rabili</span> <span class='ocrx_word' id='word_1_211' title='bbox 334 2438 472 2469; x_wconf 91' lang='lat' dir='ltr'>domino</span> <span class='ocrx_word' id='word_1_212' title='bbox 491 2437 582 2468; x_wconf 81' lang='lat' dir='ltr'>fratri</span> <span class='ocrx_word' id='word_1_213' title='bbox 603 2436 740 2468; x_wconf 85' lang='lat' dir='ltr'>Iohanni</span> <span class='ocrx_word' id='word_1_214' title='bbox 761 2435 859 2467; x_wconf 78' lang='lat' dir='ltr'>Petro</span> <span class='ocrx_word' id='word_1_215' title='bbox 878 2436 918 2467; x_wconf 87' lang='lat' dir='ltr'>de</span> <span class='ocrx_word' id='word_1_216' title='bbox 938 2435 1042 2476; x_wconf 75' lang='lat' dir='ltr'>Papia</span> <span class='ocrx_word' id='word_1_217' title='bbox 1061 2436 1192 2467; x_wconf 89' lang='lat' dir='ltr'>sindico</span> <span class='ocrx_word' id='word_1_218' title='bbox 1211 2438 1241 2467; x_wconf 88' lang='lat' dir='ltr'>et</span> <span class='ocrx_word' id='word_1_219' title='bbox 1260 2436 1500 2476; x_wconf 84' lang='lat' dir='ltr'>procuratori...</span> <span class='ocrx_word' id='word_1_220' title='bbox 1521 2437 1712 2467; x_wconf 89' lang='lat' dir='ltr'>monasterii</span> <span class='ocrx_word' id='word_1_221' title='bbox 1733 2436 1837 2467; x_wconf 86' lang='lat' dir='ltr'>sancti</span> <span class='ocrx_word' id='word_1_222' title='bbox 1854 2435 1948 2467; x_wconf 82' lang='lat' dir='ltr'>Pauli</span> <span class='ocrx_word' id='word_1_223' title='bbox 1975 2436 2027 2467; x_wconf 88' lang='lat' dir='ltr'>siti</span> 
     </span>
    </p>
   </div>
   <div class='ocr_carea' id='block_1_17' title="bbox 226 2223 2028 2391">
    <p class='ocr_par' dir='ltr' id='par_1_17' title="bbox 226 2223 2028 2391">
     <span class='ocr_line' id='line_1_26' title="bbox 226 2223 2028 2353; baseline -0.001 -71"><span class='ocrx_word' id='word_1_224' title='bbox 226 2223 228 2310; x_wconf 49' lang='grc' dir='ltr'>ἰ</span> <span class='ocrx_word' id='word_1_225' title='bbox 278 2236 400 2353; x_wconf 88' lang='lat' dir='ltr'>N</span> <span class='ocrx_word' id='word_1_226' title='bbox 447 2255 544 2281; x_wconf 45' lang='grc' dir='ltr'>ῚΕΜΔ</span> <span class='ocrx_word' id='word_1_227' title='bbox 569 2259 649 2281; x_wconf 88' lang='lat' dir='ltr'>casa</span> <span class='ocrx_word' id='word_1_228' title='bbox 674 2249 728 2281; x_wconf 80' lang='lat' dir='ltr'>del</span> <span class='ocrx_word' id='word_1_229' title='bbox 763 2249 928 2285; x_wconf 69' lang='lat' dir='ltr'>donatore,</span> <span class='ocrx_word' id='word_1_230' title='bbox 956 2250 987 2280; x_wconf 84' lang='lat' dir='ltr'>in</span> <span class='ocrx_word' id='word_1_231' title='bbox 1021 2248 1221 2280; x_wconf 83' lang='lat' dir='ltr'>Parroccln&#39;a</span> <span class='ocrx_word' id='word_1_232' title='bbox 1245 2249 1280 2280; x_wconf 80' lang='lat' dir='ltr'>di</span> <span class='ocrx_word' id='word_1_233' title='bbox 1304 2248 1336 2280; x_wconf 85' lang='lat' dir='ltr'>S.</span> <span class='ocrx_word' id='word_1_234' title='bbox 1363 2249 1406 2280; x_wconf 92' lang='lat' dir='ltr'>M.</span> <span class='ocrx_word' id='word_1_235' title='bbox 1433 2250 1464 2280; x_wconf 87' lang='lat' dir='ltr'>in</span> <span class='ocrx_word' id='word_1_236' title='bbox 1490 2248 1629 2280; x_wconf 81' lang='lat' dir='ltr'>Pertica.</span> <span class='ocrx_word' id='word_1_237' title='bbox 1667 2248 1743 2280; x_wconf 86' lang='lat' dir='ltr'>Alla</span> <span class='ocrx_word' id='word_1_238' title='bbox 1777 2257 1939 2289; x_wconf 77' lang='lat' dir='ltr'>presenza</span> <span class='ocrx_word' id='word_1_239' title='bbox 1975 2248 2028 2280; x_wconf 80' lang='lat' dir='ltr'>del</span> 
     </span>
     <span class='ocr_line' id='line_1_27' title="bbox 226 2348 228 2391; baseline 0 0"><span class='ocrx_word' id='word_1_240' title='bbox 226 2348 228 2391; x_wconf 83' lang='lat' dir='ltr'>l</span> 
     </span>
    </p>
   </div>
   <div class='ocr_carea' id='block_1_18' title="bbox 210 2497 2032 3038">
    <p class='ocr_par' dir='ltr' id='par_1_18' title="bbox 210 2497 2031 2914">
     <span class='ocr_line' id='line_1_28' title="bbox 210 2497 2031 2540; baseline -0.001 -9"><span class='ocrx_word' id='word_1_241' title='bbox 210 2501 305 2531; x_wconf 84' lang='lat' dir='ltr'>extra</span> <span class='ocrx_word' id='word_1_242' title='bbox 331 2501 361 2530; x_wconf 93' lang='lat' dir='ltr'>et</span> <span class='ocrx_word' id='word_1_243' title='bbox 387 2508 492 2540; x_wconf 89' lang='lat' dir='ltr'>prope</span> <span class='ocrx_word' id='word_1_244' title='bbox 520 2498 671 2539; x_wconf 83' lang='lat' dir='ltr'>Papiam,</span> <span class='ocrx_word' id='word_1_245' title='bbox 697 2498 836 2530; x_wconf 83' lang='lat' dir='ltr'>Ordinis</span> <span class='ocrx_word' id='word_1_246' title='bbox 862 2497 1087 2529; x_wconf 85' lang='lat' dir='ltr'>Observantie</span> <span class='ocrx_word' id='word_1_247' title='bbox 1114 2498 1355 2529; x_wconf 83' lang='lat' dir='ltr'>Heremitarum</span> <span class='ocrx_word' id='word_1_248' title='bbox 1383 2498 1488 2529; x_wconf 86' lang='lat' dir='ltr'>sancti</span> <span class='ocrx_word' id='word_1_249' title='bbox 1516 2497 1706 2538; x_wconf 78' lang='lat' dir='ltr'>Augustini,</span> <span class='ocrx_word' id='word_1_250' title='bbox 1732 2498 1767 2529; x_wconf 79' lang='lat' dir='ltr'>di</span> <span class='ocrx_word' id='word_1_251' title='bbox 1791 2507 1832 2529; x_wconf 82' lang='lat' dir='ltr'>zm</span> <span class='ocrx_word' id='word_1_252' title='bbox 1858 2506 1955 2529; x_wconf 85' lang='lat' dir='ltr'>censo</span> <span class='ocrx_word' id='word_1_253' title='bbox 1996 2498 2031 2529; x_wconf 77' lang='lat' dir='ltr'>ai</span> 
     </span>
     <span class='ocr_line' id='line_1_29' title="bbox 215 2560 2031 2602; baseline -0.001 -9"><span class='ocrx_word' id='word_1_254' title='bbox 215 2563 256 2593; x_wconf 83' lang='lat'>12</span> <span class='ocrx_word' id='word_1_255' title='bbox 279 2562 387 2593; x_wconf 82' lang='lat' dir='ltr'>brente</span> <span class='ocrx_word' id='word_1_256' title='bbox 411 2562 446 2593; x_wconf 83' lang='lat' dir='ltr'>di</span> <span class='ocrx_word' id='word_1_257' title='bbox 471 2562 561 2600; x_wconf 82' lang='lat' dir='ltr'>vino,</span> <span class='ocrx_word' id='word_1_258' title='bbox 588 2562 646 2593; x_wconf 84' lang='lat' dir='ltr'>clze</span> <span class='ocrx_word' id='word_1_259' title='bbox 671 2562 701 2593; x_wconf 86' lang='lat' dir='ltr'>si</span> <span class='ocrx_word' id='word_1_260' title='bbox 720 2570 813 2602; x_wconf 80' lang='lat' dir='ltr'>paga</span> <span class='ocrx_word' id='word_1_261' title='bbox 850 2560 1081 2592; x_wconf 83' lang='lat' dir='ltr'>annaalmente</span> <span class='ocrx_word' id='word_1_262' title='bbox 1106 2560 1140 2591; x_wconf 91' lang='lat' dir='ltr'>al</span> <span class='ocrx_word' id='word_1_263' title='bbox 1164 2560 1321 2592; x_wconf 77' lang='lat' dir='ltr'>donatore</span> <span class='ocrx_word' id='word_1_264' title='bbox 1357 2561 1400 2592; x_wconf 78' lang='lat' dir='ltr'>da</span> <span class='ocrx_word' id='word_1_265' title='bbox 1437 2560 1578 2592; x_wconf 78' lang='lat' dir='ltr'>Antonio</span> <span class='ocrx_word' id='word_1_266' title='bbox 1605 2569 1620 2592; x_wconf 83' lang='lat' dir='ltr'>e</span> <span class='ocrx_word' id='word_1_267' title='bbox 1639 2560 1767 2601; x_wconf 83' lang='lat' dir='ltr'>fratelli</span> <span class='ocrx_word' id='word_1_268' title='bbox 1790 2560 1830 2591; x_wconf 82' lang='lat' dir='ltr'>cie</span> <span class='ocrx_word' id='word_1_269' title='bbox 1855 2560 1959 2591; x_wconf 76' lang='lat' dir='ltr'>Puteo</span> <span class='ocrx_word' id='word_1_270' title='bbox 1996 2560 2031 2591; x_wconf 76' lang='lat' dir='ltr'>ali</span> 
     </span>
     <span class='ocr_line' id='line_1_30' title="bbox 211 2621 2027 2663; baseline -0.001 -7"><span class='ocrx_word' id='word_1_271' title='bbox 211 2624 436 2662; x_wconf 80' lang='lat' dir='ltr'>Alessandria,</span> <span class='ocrx_word' id='word_1_272' title='bbox 463 2624 604 2655; x_wconf 83' lang='lat' dir='ltr'>abitanti</span> <span class='ocrx_word' id='word_1_273' title='bbox 627 2623 681 2655; x_wconf 79' lang='lat' dir='ltr'>del</span> <span class='ocrx_word' id='word_1_274' title='bbox 705 2623 804 2663; x_wconf 76' lang='lat' dir='ltr'>luogo</span> <span class='ocrx_word' id='word_1_275' title='bbox 847 2623 974 2654; x_wconf 86' lang='lat' dir='ltr'>Montis</span> <span class='ocrx_word' id='word_1_276' title='bbox 1012 2621 1121 2654; x_wconf 89' lang='lat' dir='ltr'>Castri</span> <span class='ocrx_word' id='word_1_277' title='bbox 1148 2622 1235 2653; x_wconf 77' lang='lat' dir='ltr'>dello</span> <span class='ocrx_word' id='word_1_278' title='bbox 1260 2623 1385 2654; x_wconf 75' lang='lat' dir='ltr'>diocesi</span> <span class='ocrx_word' id='word_1_279' title='bbox 1408 2623 1442 2654; x_wconf 78' lang='lat' dir='ltr'>di</span> <span class='ocrx_word' id='word_1_280' title='bbox 1465 2622 1588 2659; x_wconf 83' lang='lat' dir='ltr'>Pavia,</span> <span class='ocrx_word' id='word_1_281' title='bbox 1623 2632 1662 2654; x_wconf 84' lang='lat' dir='ltr'>sa</span> <span class='ocrx_word' id='word_1_282' title='bbox 1687 2625 1766 2654; x_wconf 81' lang='lat' dir='ltr'>terre</span> <span class='ocrx_word' id='word_1_283' title='bbox 1802 2623 1959 2663; x_wconf 79' lang='lat' dir='ltr'>avignate</span> <span class='ocrx_word' id='word_1_284' title='bbox 1996 2623 2027 2653; x_wconf 86' lang='lat' dir='ltr'>in</span> 
     </span>
     <span class='ocr_line' id='line_1_31' title="bbox 213 2684 2028 2726; baseline -0.001 -9"><span class='ocrx_word' id='word_1_285' title='bbox 213 2686 329 2718; x_wconf 86' lang='lat' dir='ltr'>Monte</span> <span class='ocrx_word' id='word_1_286' title='bbox 355 2685 465 2719; x_wconf 87' lang='lat' dir='ltr'>Castri</span> <span class='ocrx_word' id='word_1_287' title='bbox 493 2686 548 2718; x_wconf 89' lang='lat' dir='ltr'>ubi</span> <span class='ocrx_word' id='word_1_288' title='bbox 575 2686 695 2717; x_wconf 89' lang='lat' dir='ltr'>dicitur</span> <span class='ocrx_word' id='word_1_289' title='bbox 722 2687 752 2717; x_wconf 91' lang='lat' dir='ltr'>in</span> <span class='ocrx_word' id='word_1_290' title='bbox 780 2684 986 2717; x_wconf 86' lang='lat' dir='ltr'>Scaldasole.</span> <span class='ocrx_word' id='word_1_291' title='bbox 1013 2685 1042 2716; x_wconf 93' lang='grc' dir='ltr'>ΙΙ</span> <span class='ocrx_word' id='word_1_292' title='bbox 1065 2685 1222 2716; x_wconf 77' lang='lat' dir='ltr'>donatore</span> <span class='ocrx_word' id='word_1_293' title='bbox 1246 2686 1276 2716; x_wconf 89' lang='lat' dir='ltr'>si</span> <span class='ocrx_word' id='word_1_294' title='bbox 1298 2686 1419 2717; x_wconf 78' lang='lat' dir='ltr'>riserva</span> <span class='ocrx_word' id='word_1_295' title='bbox 1440 2685 1519 2726; x_wconf 66' lang='lat' dir='ltr'>pero*</span> <span class='ocrx_word' id='word_1_296' title='bbox 1537 2685 1558 2716; x_wconf 81' lang='lat' dir='ltr'>l&#39;</span> <span class='ocrx_word' id='word_1_297' title='bbox 1571 2685 1732 2726; x_wconf 85' lang='lat' dir='ltr'>asafratto</span> <span class='ocrx_word' id='word_1_298' title='bbox 1746 2694 1807 2725; x_wconf 82' lang='lat' dir='ltr'>per</span> <span class='ocrx_word' id='word_1_299' title='bbox 1822 2687 1903 2716; x_wconf 85' lang='lat' dir='ltr'>tatta</span> <span class='ocrx_word' id='word_1_300' title='bbox 1921 2685 1953 2716; x_wconf 92' lang='lat' dir='ltr'>la</span> <span class='ocrx_word' id='word_1_301' title='bbox 1967 2694 2028 2716; x_wconf 86' lang='lat' dir='ltr'>saa</span> 
     </span>
     <span class='ocr_line' id='line_1_32' title="bbox 215 2747 2030 2789; baseline -0.001 -9"><span class='ocrx_word' id='word_1_302' title='bbox 215 2749 280 2780; x_wconf 84' lang='lat' dir='ltr'>vita</span> <span class='ocrx_word' id='word_1_303' title='bbox 305 2757 321 2780; x_wconf 91' lang='lat' dir='ltr'>e</span> <span class='ocrx_word' id='word_1_304' title='bbox 343 2757 429 2789; x_wconf 82' lang='lat' dir='ltr'>pone</span> <span class='ocrx_word' id='word_1_305' title='bbox 454 2748 522 2780; x_wconf 88' lang='lat' dir='ltr'>alla</span> <span class='ocrx_word' id='word_1_306' title='bbox 546 2757 608 2780; x_wconf 82' lang='lat' dir='ltr'>sua</span> <span class='ocrx_word' id='word_1_307' title='bbox 633 2748 818 2780; x_wconf 80' lang='lat' dir='ltr'>donazione</span> <span class='ocrx_word' id='word_1_308' title='bbox 843 2747 875 2779; x_wconf 91' lang='lat' dir='ltr'>Ia</span> <span class='ocrx_word' id='word_1_309' title='bbox 901 2747 1094 2778; x_wconf 77' lang='lat' dir='ltr'>condizione</span> <span class='ocrx_word' id='word_1_310' title='bbox 1119 2747 1177 2778; x_wconf 81' lang='lat' dir='ltr'>clze</span> <span class='ocrx_word' id='word_1_311' title='bbox 1202 2747 1226 2778; x_wconf 85' lang='lat' dir='ltr'>il</span> <span class='ocrx_word' id='word_1_312' title='bbox 1249 2749 1406 2778; x_wconf 80' lang='lat' dir='ltr'>convento</span> <span class='ocrx_word' id='word_1_313' title='bbox 1431 2748 1482 2779; x_wconf 81' lang='lat' dir='ltr'>sia</span> <span class='ocrx_word' id='word_1_314' title='bbox 1508 2750 1616 2779; x_wconf 81' lang='lat' dir='ltr'>tenuta</span> <span class='ocrx_word' id='word_1_315' title='bbox 1642 2748 1684 2779; x_wconf 88' lang='lat' dir='ltr'>ad</span> <span class='ocrx_word' id='word_1_316' title='bbox 1710 2748 1869 2779; x_wconf 88' lang='lat' dir='ltr'>celebrari</span> <span class='ocrx_word' id='word_1_317' title='bbox 1906 2747 2030 2778; x_wconf 84' lang='lat' dir='ltr'>facien-</span> 
     </span>
     <span class='ocr_line' id='line_1_33' title="bbox 213 2808 2029 2852; baseline -0.001 -10"><span class='ocrx_word' id='word_1_318' title='bbox 213 2811 292 2842; x_wconf 89' lang='lat' dir='ltr'>dum</span> <span class='ocrx_word' id='word_1_319' title='bbox 320 2812 350 2842; x_wconf 92' lang='lat' dir='ltr'>in</span> <span class='ocrx_word' id='word_1_320' title='bbox 378 2813 586 2852; x_wconf 88' lang='lat' dir='ltr'>perpetuum,</span> <span class='ocrx_word' id='word_1_321' title='bbox 614 2811 644 2842; x_wconf 92' lang='lat' dir='ltr'>in</span> <span class='ocrx_word' id='word_1_322' title='bbox 671 2811 758 2842; x_wconf 88' lang='lat' dir='ltr'>dicta</span> <span class='ocrx_word' id='word_1_323' title='bbox 785 2810 926 2841; x_wconf 85' lang='lat' dir='ltr'>ecclesia</span> <span class='ocrx_word' id='word_1_324' title='bbox 952 2810 1057 2841; x_wconf 87' lang='lat' dir='ltr'>sancti</span> <span class='ocrx_word' id='word_1_325' title='bbox 1093 2808 1206 2847; x_wconf 79' lang='lat' dir='ltr'>Pauli,</span> <span class='ocrx_word' id='word_1_326' title='bbox 1232 2812 1310 2850; x_wconf 91' lang='lat' dir='ltr'>post</span> <span class='ocrx_word' id='word_1_327' title='bbox 1346 2810 1419 2841; x_wconf 89' lang='lat' dir='ltr'>eius</span> <span class='ocrx_word' id='word_1_328' title='bbox 1456 2810 1581 2841; x_wconf 90' lang='lat' dir='ltr'>domini</span> <span class='ocrx_word' id='word_1_329' title='bbox 1620 2810 1794 2841; x_wconf 87' lang='lat' dir='ltr'>donatoris</span> <span class='ocrx_word' id='word_1_330' title='bbox 1831 2810 2029 2844; x_wconf 81' lang='lat' dir='ltr'>decessum.</span> 
     </span>
     <span class='ocr_line' id='line_1_34' title="bbox 214 2872 1556 2914; baseline 0 -10"><span class='ocrx_word' id='word_1_331' title='bbox 214 2874 338 2905; x_wconf 87' lang='lat' dir='ltr'>missas</span> <span class='ocrx_word' id='word_1_332' title='bbox 363 2873 449 2905; x_wconf 92' lang='lat' dir='ltr'>duas</span> <span class='ocrx_word' id='word_1_333' title='bbox 474 2873 608 2914; x_wconf 86' lang='lat' dir='ltr'>singula</span> <span class='ocrx_word' id='word_1_334' title='bbox 633 2873 835 2910; x_wconf 84' lang='lat' dir='ltr'>ebdomada,</span> <span class='ocrx_word' id='word_1_335' title='bbox 861 2881 922 2913; x_wconf 89' lang='lat' dir='ltr'>pro</span> <span class='ocrx_word' id='word_1_336' title='bbox 947 2873 1058 2903; x_wconf 85' lang='lat' dir='ltr'>anima</span> <span class='ocrx_word' id='word_1_337' title='bbox 1085 2872 1193 2912; x_wconf 90' lang='lat' dir='ltr'>ipsius</span> <span class='ocrx_word' id='word_1_338' title='bbox 1218 2872 1344 2903; x_wconf 89' lang='lat' dir='ltr'>domini</span> <span class='ocrx_word' id='word_1_339' title='bbox 1372 2872 1556 2904; x_wconf 88' lang='lat' dir='ltr'>donatoris.</span> 
     </span>
    </p>

    <p class='ocr_par' dir='ltr' id='par_1_19' title="bbox 215 2933 2032 3038">
     <span class='ocr_line' id='line_1_35' title="bbox 302 2933 2032 2976; baseline -0.001 -10"><span class='ocrx_word' id='word_1_340' title='bbox 302 2934 398 2966; x_wconf 87' lang='lat' dir='ltr'>Nello</span> <span class='ocrx_word' id='word_1_341' title='bbox 424 2937 529 2966; x_wconf 86' lang='lat' dir='ltr'>stesso</span> <span class='ocrx_word' id='word_1_342' title='bbox 554 2937 670 2976; x_wconf 83' lang='lat' dir='ltr'>tempo,</span> <span class='ocrx_word' id='word_1_343' title='bbox 698 2935 729 2966; x_wconf 88' lang='grc' dir='ltr'><em>ιή</em></span> <span class='ocrx_word' id='word_1_344' title='bbox 756 2935 839 2966; x_wconf 84' lang='lat' dir='ltr'>vista</span> <span class='ocrx_word' id='word_1_345' title='bbox 865 2934 952 2965; x_wconf 79' lang='lat' dir='ltr'>della</span> <span class='ocrx_word' id='word_1_346' title='bbox 970 2933 1061 2974; x_wconf 86' lang='lat' dir='ltr'>satta</span> <span class='ocrx_word' id='word_1_347' title='bbox 1086 2934 1281 2970; x_wconf 80' lang='lat' dir='ltr'>donazione,</span> <span class='ocrx_word' id='word_1_348' title='bbox 1308 2942 1424 2965; x_wconf 85' lang='lat' dir='ltr'>revoca</span> <span class='ocrx_word' id='word_1_349' title='bbox 1449 2934 1472 2965; x_wconf 86' lang='lat' dir='ltr'>il</span> <span class='ocrx_word' id='word_1_350' title='bbox 1495 2934 1605 2973; x_wconf 76' lang='lat' dir='ltr'>legato</span> <span class='ocrx_word' id='word_1_351' title='bbox 1624 2934 1714 2974; x_wconf 83' lang='lat' dir='ltr'>fatto</span> <span class='ocrx_word' id='word_1_352' title='bbox 1739 2934 1773 2965; x_wconf 91' lang='lat' dir='ltr'>al</span> <span class='ocrx_word' id='word_1_353' title='bbox 1804 2936 1961 2965; x_wconf 74' lang='lat' dir='ltr'>convento</span> <span class='ocrx_word' id='word_1_354' title='bbox 1997 2934 2032 2965; x_wconf 80' lang='lat' dir='ltr'>di</span> 
     </span>
     <span class='ocr_line' id='line_1_36' title="bbox 215 2996 1382 3038; baseline -0.002 -9"><span class='ocrx_word' id='word_1_355' title='bbox 215 2996 248 3030; x_wconf 84' lang='lat' dir='ltr'>S.</span> <span class='ocrx_word' id='word_1_356' title='bbox 276 2996 383 3029; x_wconf 89' lang='grc' dir='ltr'><em>ΡαοΙο</em></span> <span class='ocrx_word' id='word_1_357' title='bbox 408 2996 443 3028; x_wconf 82' lang='lat' dir='ltr'>di</span> <span class='ocrx_word' id='word_1_358' title='bbox 469 2997 533 3029; x_wconf 88' lang='grc'>100</span> <span class='ocrx_word' id='word_1_359' title='bbox 547 2996 671 3038; x_wconf 73' lang='lat' dir='ltr'>florini,</span> <span class='ocrx_word' id='word_1_360' title='bbox 697 2996 751 3028; x_wconf 83' lang='lat' dir='ltr'>nel</span> <span class='ocrx_word' id='word_1_361' title='bbox 773 3005 834 3028; x_wconf 86' lang='lat' dir='ltr'>sao</span> <span class='ocrx_word' id='word_1_362' title='bbox 860 2998 1054 3028; x_wconf 79' lang='lat' dir='ltr'>testamento</span> <span class='ocrx_word' id='word_1_363' title='bbox 1078 2996 1101 3028; x_wconf 88' lang='grc'><em>8</em></span> <span class='ocrx_word' id='word_1_364' title='bbox 1123 2997 1261 3036; x_wconf 82' lang='lat' dir='ltr'>maggio</span> <span class='ocrx_word' id='word_1_365' title='bbox 1289 2996 1382 3028; x_wconf 79' lang='lat'>1495.</span> 
     </span>
    </p>
   </div>
  </div>
 </body>
</html>
