2347 3444
1903 204 1963 234 157

153 342 240 378 sunt,
266 340 384 372 fatiunt
409 342 439 371 et
466 340 701 379 reprexentant
727 340 830 370 totum
858 339 888 369 et
914 338 1077 378 integrum
1104 335 1298 376 Capitulum
1324 336 1403 367 dicti
1430 334 1640 374 Conventus,
1666 338 1801 368 eumad
1822 347 1962 377 presens

154 403 233 434 nulli
259 403 313 434 alii
339 402 451 434 adsint
487 401 606 433 iratres
644 400 786 441 professi
815 401 845 431 in
871 400 961 431 dicto
998 399 1200 431 monasterio
1205 424 1255 430 .....
1294 397 1470 429 predictus
1496 398 1655 430 dominus
1693 398 1788 430 Prior
1824 401 1908 432 dixit
1913 426 1963 432 .....

154 465 243 505 quod
249 490 299 496 .....
327 465 563 495 monasterium
591 463 690 494 habet
695 488 744 494 .....
772 462 908 493 domum
935 470 1033 493 unam
1061 463 1234 498 muratam,
1260 462 1429 500 cupatam,
1466 469 1541 492 cum
1580 470 1709 501 canepa
1735 463 1765 493 et
1792 462 1865 493 aliis
1892 463 1964 494 suis

154 526 319 557 eddit‘iciis
345 526 441 557 sitam
470 526 500 556 in
527 524 632 565 Papia
659 526 689 556 in
717 524 815 556 Porta
842 524 1003 562 Pertuxii‚
1030 524 1061 554 in
1088 522 1251 554 Parocliia
1278 523 1384 554 sancti
1412 521 1548 563 Georgii
1570 524 1600 553 iu
1621 522 1813 561 Fornarolo,
1833 525 1863 555 iu
1884 534 1964 556 con-

155 590 237 619 trata
264 587 440 625 Rualeche‚
466 587 517 618 cui
544 587 678 618 colieret
703 587 745 618 ab
772 595 837 617 una
864 587 956 626 parte
982 587 1095 623 strata,
1121 585 1163 616 ab
1189 584 1253 616 alia
1279 584 1437 615 dominus
1457 584 1621 616 lohannes
1641 584 1808 616 Antonius
1826 586 1867 617 de
1887 586 1967 617 Fur-

156 649 268 682 uariis,
293 649 336 680 ab
361 649 424 680 alia
452 649 593 680 heredes
631 648 800 689 quondam
839 648 964 679 domini
1003 647 1136 679 Antonii
1165 647 1206 678 de
1233 646 1412 687 Folipertis
1438 648 1468 678 et
1494 647 1536 678 ab
1562 647 1626 678 alia
1653 647 1799 687 plateola
1837 648 1968 680 Nlerza-

156 711 321 742 riorum...
348 713 378 742 et
404 711 494 751 quod
521 720 562 742 ex
589 711 677 742 dicta
704 711 814 748 domo,
841 711 883 742 ab
911 710 1009 741 hodie
1035 711 1120 741 retro
1145 710 1270 741 dictum
1297 709 1535 740 monasterium
1563 718 1744 749 numquam
1772 710 1887 742 habuit
1906 720 1966 742 nec

156 773 314 812 percepit,
351 773 497 803 t'ictando
523 775 553 803 et
580 773 722 804 locando
758 773 881 804 dictam
919 772 1054 803 domurn
1081 772 1121 803 ad
1150 772 1353 803 novennium
1381 773 1412 802 et
1437 771 1478 802 ad
1506 774 1650 811 tempus,
1687 772 1728 803 de
1766 772 1843 803 ficto
1882 773 1964 804 ultra

157 834 300 865 florenos
325 834 440 865 decem
446 859 496 865 .....
523 834 565 865 ad
594 834 680 874 plus,
707 834 873 866 solvendo
898 834 1023 865 dictum
1052 834 1290 865 monasterium
1318 842 1435 865 omues
1473 843 1644 874 expensas
1671 835 1881 866 necessarias
1908 845 1968 875 pro

157 896 366 936 reparatione
403 896 491 927 dicte
527 896 648 927 domus
685 906 750 937 que
789 897 901 928 imiuet
939 905 1089 938 ruynam,
1115 898 1146 928 et
1172 897 1262 936 quod
1289 896 1423 937 singulo
1460 905 1549 928 anno
1577 897 1606 927 iu
1635 898 1843 937 reparatione
1881 898 1969 930 dicte

156 958 278 989 domus
303 959 399 998 quasi
429 959 548 998 pensio
575 968 633 989 seu
660 959 771 990 fictum
799 959 906 999 ipsius
933 960 1054 990 domus
1080 960 1298 990 consumatur
1315 967 1355 990 ex
1376 968 1444 998 quo
1478 959 1591 990 dictus
1617 957 1816 991 Conventus
1854 969 1970 1001 parum

158 1020 209 1052 vel
236 1021 335 1052 nichil
363 1021 505 1061 percipit
531 1021 571 1052 de
599 1021 672 1060 ipsa
699 1021 843 1053 domo...
887 1021 924 1053 Et
950 1022 1040 1062 quod
1069 1021 1209 1053 lacobus
1235 1021 1276 1053 de
1303 1020 1529 1056 Ronzonibus,
1569 1022 1679 1053 dictus
1717 1022 1887 1063 Magatus,
1915 1023 1973 1054 lta-

159 1083 280 1114 bitator
304 1082 418 1123 Papie,
445 1083 566 1114 obtulit
592 1085 622 1114 et
648 1083 742 1114 offert
769 1084 799 1114 in
827 1084 1063 1124 emphiteosim
1101 1086 1296 1124 perpetuam
1334 1084 1488 1124 accipere
1526 1084 1648 1115 dictam
1675 1084 1811 1116 domum
1838 1094 1856 1116 a
1881 1086 1972 1117 dicto

158 1143 348 1181 Conventu,
375 1154 434 1185 pro
460 1145 548 1176 dicta
576 1154 687 1176 annua
713 1146 778 1176 ficti
806 1146 1018 1185 prestacione
1043 1146 1245 1177 florenorum
1271 1146 1386 1177 decem
1392 1172 1442 1177 .....
1470 1156 1543 1177 cum
1572 1147 1679 1187 pactis
1705 1147 1971 1187 infrascriptis...

158 1207 334 1238 videlicet:
362 1206 473 1238 Primo
500 1207 590 1247 quod
619 1207 730 1238 dictus
758 1207 900 1239 lacobus
926 1208 977 1239 vel
1004 1209 1076 1239 eius
1104 1208 1245 1239 heredes
1271 1210 1446 1240 teneantur
1471 1210 1503 1240 et
1528 1209 1690 1249 obbligati
1717 1211 1783 1241 sint
1801 1211 1842 1241 ad
1862 1211 1972 1242 minus

159 1269 351 1308 expendere
378 1271 408 1300 et
433 1277 492 1300 seu
520 1269 666 1307 expendi
693 1269 802 1300 tacere
829 1270 860 1301 in
888 1271 1098 1310 reparatione
1124 1270 1212 1301 dicte
1237 1270 1358 1301 domus
1396 1270 1541 1302 florenos
1560 1271 1805 1311 quinquaginta
1813 1298 1862 1303 .....
1890 1273 1975 1304 intra

159 1332 308 1371 quinque
335 1340 441 1362 annos
469 1332 620 1371 proxime
647 1331 788 1366 futuros,
815 1334 846 1363 et
873 1333 903 1363 in
931 1332 1038 1372 primo
1064 1341 1153 1363 anno
1178 1332 1341 1364 dictorum
1380 1333 1529 1373 quinque
1557 1342 1717 1364 annorum
1752 1334 1899 1365 florenos
1928 1336 1976 1366 vi-

160 1394 395 1434 gintiquinque
421 1402 462 1424 ex
489 1393 588 1424 dictis
615 1394 870 1435 quinquaginta.
898 1394 976 1426 ltem
1003 1395 1094 1434 quod
1121 1395 1147 1425 si
1176 1395 1248 1435 ipse
1275 1395 1417 1426 Iacobus
1437 1395 1488 1426 vel
1504 1396 1578 1427 eius
1605 1397 1746 1427 heredes
1751 1422 1800 1428 .....
1829 1398 1975 1429 vendere

161 1458 191 1487 et
217 1456 361 1487 alienare
388 1455 552 1487 volueriut
581 1456 831 1487 melioramenta
858 1465 918 1488 seu
945 1459 1179 1497 emponemata
1207 1457 1295 1488 dicte
1321 1458 1456 1495 domus,
1473 1458 1638 1498 perprius
1664 1460 1838 1490 teneantur
1864 1462 1893 1491 et
1919 1460 1976 1491 de·-

161 1520 260 1550 'oeant
286 1518 425 1558 prelatis
451 1519 598 1549 dominis
626 1518 729 1549 Priori
757 1521 788 1550 et
814 1519 972 1550 tratribus
977 1545 1027 1550 .....
1056 1520 1227 1560 legiptime
1252 1520 1458 1551 denunciare
1477 1521 1557 1551 etin
1577 1520 1838 1553 denunciatione
1864 1524 1978 1563 expri-

162 1590 249 1612 mere
275 1589 453 1621 personam
480 1584 601 1612 certam
629 1584 659 1612 et
687 1590 799 1612 verum
827 1582 986 1621 precium,
1013 1582 1065 1612 cui
1092 1583 1123 1612 et
1149 1591 1210 1621 pro
1236 1591 1303 1622 quo
1329 1582 1383 1613 illa
1403 1582 1548 1614 vendere
1575 1584 1606 1614 et
1633 1583 1779 1614 alienare
1798 1586 1973 1621 volueriut,

161 1646 191 1675 et
217 1644 291 1684 ipsa
316 1643 575 1674 denunciatione
601 1643 650 1674 sic
676 1643 763 1674 facta
791 1644 885 1683 ipsos
912 1645 1092 1683 expectare
1120 1653 1178 1683 per
1203 1644 1393 1684 quindecim
1420 1645 1493 1675 (lies
1520 1645 1642 1676 exinde
1662 1647 1815 1685 proxime
1835 1647 1972 1677 futures.

164 1705 202 1736 Et
227 1706 254 1736 si
282 1705 357 1745 ipsi.
384 1705 517 1736 nomine
544 1705 622 1736 dicti
650 1703 848 1736 Conventus
886 1707 958 1745 ipsa
997 1706 1245 1737 melioramenta
1274 1708 1305 1737 et
1330 1709 1562 1746 emponemata
1601 1716 1660 1747 pro
1698 1709 1773 1748 ipso
1811 1712 1976 1740 conventu

164 1777 271 1799 emere
297 1769 328 1799 et
354 1767 476 1799 habere
503 1768 681 1803 voluerint,
708 1770 884 1799 teneantur
909 1770 938 1799 et
964 1768 1110 1799 debeant
1136 1769 1246 1799 dictus
1284 1768 1426 1800 lacobus
1452 1770 1483 1800 et
1508 1769 1582 1801 eius
1608 1770 1748 1802 heredes
1753 1797 1803 1802 .....
1838 1772 1891 1802 illa
1929 1773 1978 1803 eis

162 1830 242 1861 dare
268 1831 298 1861 et
324 1830 471 1860 vendere
498 1830 616 1861 minori
644 1830 750 1870 pretio
777 1830 948 1861 soldorum
976 1830 1116 1861 duorum
1146 1839 1205 1870 pro
1231 1831 1380 1870 qualibet
1407 1830 1488 1862 libra
1516 1832 1610 1871 pretii
1637 1833 1751 1863 extimi
1783 1834 1833 1865 vel
1854 1835 1978 1864 mim-3<

165 1893 326 1932 ipsorum,
364 1901 462 1932 quam
501 1892 543 1923 ab
581 1892 644 1923 alia
683 1901 827 1932 persona
854 1901 912 1923 seu
939 1893 1013 1923 aliis
1046 1892 1167 1924 habere
1194 1893 1372 1932 potuerint,
1399 1893 1485 1923 bona
1512 1894 1576 1925 ride
1603 1898 1633 1925 et
1660 1896 1731 1926 sine
1759 1895 1872 1927 fraude
1878 1922 1927 1927 .....
1955 1898 1981 1927 ,Ἰ

164 1954 274 1986 Priore
310 1954 477 1986 domanda
513 1954 571 1985 elle
607 1954 727 1985 seniori
751 1955 785 1985 ai
808 1955 1001 1993 caligregati
1035 1954 1089 1985 (tel
1124 1956 1282 1986 contratto
1308 1955 1342 1986 cli
1365 1956 1419 1986 cui
1442 1956 1509 1995 egli
1532 1956 1574 1986 lia
1597 1959 1753 1996 proposto
1779 1957 1809 1989 Io
1836 1958 1976 1993 scin-airu.

166 2017 225 2052 cui,
254 2016 340 2048 facta
367 2017 459 2053 prius
486 2025 544 2056 per
569 2018 599 2048 et
627 2017 710 2047 inter
746 2026 804 2048 eos
843 2017 1069 2053 ventilatione,
1096 2019 1235 2048 tractatu
1261 2019 1292 2048 ct
1317 2017 1488 2057 colloquio
1515 2027 1573 2057 per
1599 2019 1781 2050 maximum
1819 2022 1979 2060 temporis

165 2079 322 2119 spatium,
347 2079 413 2109 essi
437 2087 675 2119 approi’arono.
701 2079 731 2110 Ε
754 2079 803 2110 cia
825 2088 886 2119 per
907 2079 930 2110 il
951 2080 1056 2119 primo
1083 2081 1224 2110 trattato.

253 2140 299 2172 La
323 2140 468 2172 secondo
493 2141 672 2172 adunanza
697 2141 750 2172 (tel
777 2140 928 2181 Capitoto
950 2150 1011 2181 per
1034 2141 1065 2172 la
1091 2141 1295 2172 discussione
1321 2141 1406 2173 dello
1432 2144 1537 2173 stesso
1571 2145 1705 2183 oggetto
1730 2144 1760 2174 si
1784 2144 1868 2175 tlene
1892 2145 1979 2176 nella

164 2205 269 2234 stesso
295 2202 394 2243 luogo
419 2212 435 2234 e
460 2203 554 2243 dagli
588 2204 686 2234 stessi
721 2203 880 2235 individui
904 2203 927 2234 il
948 2204 1064 2241 giorno
1101 2205 1255 2243 seguente
1284 2204 1325 2234 12
1347 2204 1448 2243 luglio
1466 2214 1475 2240 ,·
1500 2204 1524 2235 il
1547 2207 1634 2236 terzo
1660 2207 1792 2236 trattato
1818 2206 1841 2237 il
1862 2207 1979 2245 giorno

166 2265 284 2300 trectici,
312 2274 328 2296 e
353 2265 386 2296 Ia
411 2266 600 2297 investitura
625 2266 654 2297 si
671 2265 713 2306 fa
738 2274 798 2296 con
823 2266 1009 2297 istromento
1036 2265 1088 2296 del
1109 2266 1227 2305 giorno
1254 2268 1356 2296 trenta
1382 2266 1467 2297 dello
1493 2269 1597 2297 stesso
1616 2276 1703 2298 mese
1720 2267 1779 2305 (3),
1806 2268 1882 2299 nell'
1897 2268 1980 2300 culn-

165 2336 275 2358 nanza
300 2327 385 2358 dello
410 2329 516 2359 stesso
545 2327 706 2368 Capitolo‚
734 2337 750 2359 e
776 2336 835 2359 con
861 2328 959 2366 rogiti
983 2327 1068 2358 (lello
1093 2330 1199 2359 stesso
1223 2329 1335 2359 notaio
1362 2327 1473 2359 Pietro
1499 2329 1690 2361 Mombreto.

224 2483 254 2506 i3)
270 2482 440 2504 [investitura
456 2483 477 2504 fu
495 2484 606 2504 riturdnta
622 2484 947 2509 sinualgioruossrlmluunt),
966 2484 1048 2509 percli'e
1105 2485 1185 2507 tratto,
1201 2489 1312 2504 concessa
1328 2490 1370 2504 con
1387 2484 1468 2505 lettera
1485 2485 1520 2505 del
1540 2485 1564 2505 27
1590 2485 1668 2511 luglio,
1693 2486 1733 2506 cire
1759 2487 1796 2512 qui
1822 2489 1886 2507 sotto
1907 2487 1978 2513 ripor-

172 2527 206 2547 nel
222 2526 348 2553 trattempo
363 2527 487 2548 dovettcro
503 2528 627 2553 impetrare
643 2529 841 2554 l'approvazirme
858 2528 938 2549 ducale
951 2528 986 2548 del
998 2534 1050 2548 con<
1106 2528 1184 2548 tiamo,
