2347 3444
1878 215 1943 246 279

132 345 247 386 Papia,
273 346 372 378 frater
398 346 562 377 lohannes
588 344 808 386 Grixogonus
834 345 874 376 de
901 345 1108 383 Mediolano,
1134 345 1233 377 frater
1259 345 1449 376 Bernardus
1476 345 1516 376 de
1543 344 1658 386 Papia,
1688 346 1787 377 frater
1814 346 1945 377 lnlumi-

132 411 229 439 natus
256 409 295 439 de
321 408 482 449 Septimo,
508 408 607 439 frater
634 408 776 439 Lazarus
803 408 843 439 de
869 409 985 439 sancto
1011 406 1169 448 Georgio,
1196 407 1295 439 frater
1321 406 1447 438 Paulus
1465 408 1505 438 de
1526 406 1640 448 Papia,
1659 407 1758 439 frater
1777 407 1944 449 Georgius

132 470 172 501 de
199 469 313 510 Papia,
340 470 438 502 frater
464 470 634 501 Amadeus
660 470 700 501 de
726 469 856 507 Crema,
883 469 981 501 frater
1008 469 1157 511 Angelus
1183 470 1223 501 de
1249 469 1419 507 Vercellis,
1446 469 1545 500 frater
1572 469 1736 501 lohannes
1763 470 1878 501 Bonus
1904 471 1944 501 de

132 530 306 572 Pergamo,
332 532 431 563 frater
457 532 658 563 Benedictus
684 532 724 563 de
751 531 911 572 iporegia,
938 531 1037 563 frater
1055 531 1205 563 Teofilus
1224 531 1264 562 de
1282 530 1412 569 Crema,
1432 531 1530 562 frater
1549 531 1751 563 Theodorus
1770 532 1810 562 de
1830 531 1943 572 Papia,

131 593 230 624 frater
256 593 422 625 Antonius
449 594 488 625 de
517 593 681 631 Rodobi0‚
707 593 806 625 frater
831 592 1053 625 Sebastianus
1078 594 1118 625 de
1145 593 1312 630 Terdona,
1349 593 1448 624 frater
1486 593 1683 624 Franciscus
1709 594 1748 624 de
1775 594 1944 630 Vercellis,

130 654 229 686 frater
255 655 450 687 Hobediens
476 656 516 686 de
543 655 746 687 Alexandria
752 681 802 687 .....
828 655 989 687 facientes
1014 658 1117 687 totum
1144 658 1175 686 et
1200 656 1363 696 integrum
1389 655 1572 695 capitulum
1590 653 1684 694 (l)....
1713 656 1858 686 vendoilo
1887 664 1948 696 per

130 719 221 748 cento
239 716 355 756 fiorini
378 717 411 748 al
434 718 543 748 nobile
568 718 732 758 Filippino
758 718 973 757 Mastousia...
1001 718 1080 749 illud
1109 718 1252 759 legatum
1278 718 1480 749 florenorum
1506 720 1683 749 centum...
1710 718 1795 749 alias
1820 717 1942 749 factum

131 780 220 810 dicto
246 780 449 810 monasterio
476 788 533 819 per
559 780 728 819 quondam
757 779 978 821 Augustinam
1005 780 1045 811 de
1072 780 1240 811 Furnariis
1266 780 1343 811 olim
1371 789 1509 811 uxorem
1529 780 1699 820 quondam
1727 780 1851 811 domini
1880 780 1946 811 Αυ-

130 841 254 882 gustini
281 841 321 872 de
348 840 561 877 Placentinis,
589 842 619 872 in
646 842 718 873 eius
744 844 942 873 testamento
962 844 1078 883 rogato
1096 851 1184 873 anno
1203 851 1301 873 curso
1322 840 1631 874 MCCCCLXXXV
1649 840 1743 881 (2)....
1771 852 1828 882 per
1847 842 1947 873 Fran-

131 904 256 935 ciscum
282 903 323 934 de
349 901 564 943 Strazapatis.

916 1078 1160 1118 DXXVI.

221 1196 344 1232 Legati
369 1195 628 1223 testamentarii
655 1196 710 1223 del
737 1196 939 1231 professore
965 1196 1094 1224 Cosma
1121 1195 1277 1224 Colesini
1303 1204 1323 1224 a
1348 1196 1469 1224 favore
1495 1195 1530 1224 di
1557 1196 1591 1224 S.
1612 1196 1722 1224 Paolo
1747 1205 1764 1224 e
1790 1204 1851 1232 per
1875 1204 1942 1224 una

134 1249 255 1277 Messa
282 1249 430 1277 annuale
457 1248 511 1276 sul
538 1249 700 1284 sepolcro
727 1249 760 1277 di
787 1249 822 1278 S.
850 1249 1035 1285 Agostino.

733 1362 894 1391 1487,
924 1362 1248 1392 (lioex1211re9
1277 1362 1351 1386 10.

682 1450 758 1473 (Arcu.
776 1450 854 1471 Nufar.
872 1450 892 1470 ili
911 1450 987 1471 l’avia.
1004 1462 1027 1463 j
1044 1451 1088 1471 Atti
1104 1451 1125 1471 di
1144 1451 1262 1471 Leonardo
1279 1451 1389 1475 Buscati).

196 1634 318 1751 N
378 1653 467 1679 ELLA
493 1657 572 1679 casu
598 1648 651 1679 del
674 1650 826 1679 testatore
851 1649 881 1679 in
908 1648 1105 1680 Purrocclzia
1131 1649 1165 1680 cti
1189 1648 1221 1680 S.
1248 1648 1347 1679 Zeno.
1390 1648 1596 1679 Testomento
1633 1648 1706 1680 dell’
1722 1649 1876 1689 egregius
1912 1651 1942 1679 et

400 1711 537 1750 sapiens
563 1711 741 1751 gramatice
768 1710 939 1750 professor
965 1711 1121 1742 dominus
1148 1712 1305 1751 magister
1330 1709 1478 1743 Cosmus
1504 1711 1544 1742 de
1570 1709 1757 1747 Colexinis,
1777 1711 1865 1742 filius
1892 1720 1944 1742 se—

402 1774 538 1813 paratus
564 1773 689 1803 domini
722 1773 881 1804 Matliei...
908 1773 959 1804 col
982 1773 1079 1813 quale
1104 1773 1195 1814 eligit
1232 1774 1295 1804 sibi
1323 1773 1528 1814 sepulturam
1554 1773 1596 1804 ad
1624 1773 1799 1804 ecclesiam
1837 1774 1941 1804 sancti

132 1833 237 1873 Pauli,
252 1835 349 1866 sitam
376 1836 469 1866 extra
494 1837 525 1866 et
552 1844 655 1875 prope
682 1836 789 1866 menia
815 1836 960 1866 civitatis
987 1834 1089 1876 Papie
1107 1837 1137 1866 et
1155 1836 1196 1867 ad
1216 1844 1315 1876 quam
1341 1836 1527 1873 ecclesiam,
1554 1836 1837 1876 quandocumque
1863 1845 1942 1867 con-

129 1897 261 1937 tingerit
288 1897 398 1937 ipsum
424 1897 597 1928 dominum
623 1899 815 1928 testatorem
841 1897 884 1928 ab
911 1898 972 1928 lioc
998 1897 1111 1928 seculo
1137 1898 1296 1928 decedere
1322 1899 1352 1928 et
1370 1898 1442 1929 eius
1468 1898 1611 1928 animam
1630 1906 1648 1928 a
1666 1906 1805 1938 corpore
1831 1907 1943 1939 segre-

128 1959 209 1999 gari,
237 1959 316 1996 vult,
344 1959 443 1997 iubet,
471 1959 616 1996 mandat,
643 1959 774 1990 ordinat
800 1962 830 1990 et
856 1960 1005 1999 disponit
1032 1959 1117 1990 idem
1156 1960 1312 1990 dominus
1350 1961 1487 1990 testator
1524 1960 1646 1991 dictum
1685 1960 1757 1991 eius
1794 1960 1937 1991 cadaver

129 2021 251 2061 portari
277 2024 308 2052 et
334 2022 365 2052 in
391 2022 532 2053 ecclesia
559 2022 631 2062 ipsa
658 2022 790 2062 sepeliri
818 2022 948 2052 debere.
975 2020 1037 2053 Cui
1065 2021 1199 2061 quidem
1226 2021 1365 2052 ecclesie
1406 2022 1546 2061 eiusque
1585 2022 1787 2053 monasterio
1813 2031 1850 2053 ac
1880 2022 1940 2052 do-

129 2084 227 2114 minis
254 2082 369 2121 Priori,
397 2084 567 2115 Fratribus
592 2086 622 2115 et
649 2083 839 2116 Conventui
866 2084 1015 2115 eiusdem
1042 2084 1181 2115 ecclesie
1208 2084 1293 2114 idem
1321 2084 1478 2115 dominus
1497 2086 1634 2115 testator
1660 2084 1750 2115 dedit
1769 2086 1799 2115 et
1818 2084 1940 2125 legavit

128 2154 165 2176 ac
192 2146 248 2176 dat
273 2149 303 2177 et
329 2146 416 2187 legat
441 2146 588 2178 florenos
614 2149 713 2177 tres...
740 2147 871 2177 dandos
897 2148 927 2177 et
953 2147 1138 2177 solvendos
1164 2146 1298 2187 singulo
1324 2155 1423 2183 anm,
1451 2148 1622 2186 perpetim,
1650 2147 1838 2177 immediate
1865 2149 1942 2186 post

128 2207 237 2247 ipsius
263 2208 388 2239 domini
416 2209 585 2240 testatoris
611 2209 820 2240 decessum...
847 2209 944 2239 dictis
971 2208 1116 2239 dominis
1143 2207 1258 2244 Priori,
1286 2207 1456 2239 Fratribus
1481 2209 1511 2239 et
1537 2206 1726 2240 Conventui
1766 2208 1842 2239 dicti
1871 2217 1940 2238 mo-

127 2271 261 2301 nasterii
288 2271 392 2302 sancti
420 2270 526 2309 Pauli,
552 2271 702 2302 eiusdem
730 2271 921 2302 monasterii
949 2271 1092 2308 nomine,
1120 2271 1149 2301 in
1178 2270 1233 2301 illo
1260 2270 1312 2301 die
1331 2279 1398 2310 quo
1418 2279 1474 2310 per
1493 2271 1588 2310 ipsos
1606 2270 1763 2301 dominos
1790 2269 1935 2301 Priorem

126 2334 157 2363 et
183 2332 312 2364 Fratres
337 2333 558 2364 celebrabitur
584 2333 730 2364 officium
758 2333 797 2364 de
825 2342 891 2373 quo
917 2335 947 2363 et
974 2335 1071 2373 prout
1097 2332 1180 2363 infra
1206 2333 1342 2363 dicetur.
1370 2332 1408 2363 Et
1434 2333 1477 2363 ita
1502 2332 1543 2363 ad
1571 2333 1665 2372 ipsos
1694 2332 1840 2363 florenos
1873 2334 1938 2363 tres

127 2394 327 2425 solvendum
355 2396 388 2426 ut
414 2403 516 2435 supra
542 2396 676 2436 singulo
702 2404 801 2433 anno,
829 2397 1000 2435 perpetuo,
1017 2395 1101 2425 idem
1118 2395 1275 2425 dominus
1301 2396 1438 2425 testator
1463 2395 1617 2435 gravavit
1635 2396 1665 2426 et
1683 2396 1799 2435 gravat
1826 2394 1935 2434 ipsum

126 2456 372 2497 infrascriptum
398 2458 471 2489 eius
497 2458 649 2489 heredem
678 2457 933 2488 universalem...
968 2465 1054 2497 quos
1084 2457 1218 2496 quidem
1249 2457 1405 2488 dominos
1443 2455 1600 2494 Priorem,
1639 2456 1767 2488 Fratres
1793 2458 1823 2487 et
1849 2455 1939 2488 Con-

126 2521 259 2550 ventum
286 2520 363 2551 dicti
390 2521 581 2551 monasterii
609 2521 695 2551 idem
723 2521 880 2551 dominus
921 2521 1057 2550 testator
1094 2519 1247 2559 gravavit
1272 2520 1301 2549 et
1327 2520 1443 2559 gravat
1469 2519 1511 2550 ad
1537 2519 1772 2550 celebrandum
1799 2520 1829 2549 et
1854 2518 1938 2549 cele-

125 2581 218 2612 brare
245 2582 434 2613 debendum
461 2583 492 2613 in
519 2583 592 2622 ipsa
618 2582 758 2613 ecclesia
785 2582 889 2613 sancti
918 2580 1010 2612 Pauli
1038 2581 1175 2621 predicti
1203 2580 1348 2611 officium
1376 2589 1476 2611 unum
1495 2589 1513 2612 a
1532 2581 1671 2612 mortuis
1685 2590 1758 2612 cum
1775 2581 1877 2611 missa
1904 2581 1934 2611 in

180 2738 210 2762 (1)
226 2738 320 2759 Avendo
336 2738 374 2764 qui
390 2739 480 2759 l'intera
495 2739 548 2759 lista
559 2738 595 2759 dei
608 2738 674 2759 Paclri
691 2738 817 2764 Capitolari
833 2738 868 2758 dci
884 2737 906 2758 S.
920 2737 998 2761 Pnolo,

127 2788 138 2803 e
154 2788 198 2803 non
214 2783 319 2803 veclendo
334 2783 367 2803 fra
383 2783 428 2804 essi
445 2783 561 2804 ricordato
576 2783 634 2804 frate
651 2783 799 2804 Bartolonieo
811 2783 838 2803 da
851 2782 998 2806 l’alazzuolo,

126 2828 167 2848 elie
177 2833 219 2853 pur
229 2832 267 2848 era
276 2827 335 2848 della
347 2827 535 2853 congregazione
546 2828 673 2851 lombarda.
686 2834 697 2848 e
709 2828 729 2848 di
742 2828 776 2848 cui
789 2833 834 2848 non
845 2827 914 2847 fanno
925 2832 998 2847 cenni»

128 2872 133 2892 i
149 2871 280 2892 documenti
295 2871 450 2897 antecedenti,
472 2878 517 2893 non
542 2872 661 2898 possiam«)
684 2872 805 2893 atiel-mare
821 2872 861 2892 clic
877 2871 919 2896 egli
936 2870 998 2891 losse

126 2916 307 2937 ellettivamente
322 2922 335 2936 a
352 2916 420 2937 Pavia
436 2917 471 2937 nel
489 2917 553 2943 1487,
576 2917 677 2938 sebbene
693 2917 728 2937 cre)
752 2917 770 2937 si
791 2921 861 2941 possa
878 2921 919 2936 con
936 2917 996 2935 tutta

126 2960 265 2986 probabilita
281 2960 372 2985 arguite
387 2960 423 2981 dal
439 2960 498 2981 fatto
513 2961 554 2982 che
570 2961 591 2981 in
607 2961 677 2987 quell'
688 2967 748 2982 anno
770 2962 884 2986 appnnlu,
907 2960 927 2979 in
953 2965 997 2980 una

125 3004 217 3025 officina
232 3004 369 3030 tipografica
385 3010 478 3030 pavese,
494 3005 512 3025 si
528 3006 650 3031 stampava
666 3005 679 3026 il
695 3011 738 3026 suo
753 3005 833 3025 lavoro
845 3004 880 3025 sul
892 3004 999 3024 Martii-o-

125 3049 187 3074 logio
202 3049 223 3069 di
240 3048 354 3070 Usuardo.
371 3049 394 3069 L'
406 3049 510 3070 edizione
533 3055 547 3070 a
571 3049 606 3070 cui
630 3050 755 3070 alludiamo
779 3049 833 3073 (una
855 3048 922 3074 copia
938 3048 996 3068 della

125 3093 193 3118 quale
208 3093 295 3114 trovasi
310 3093 354 3114 alla
370 3092 528 3114 Casanatense
543 3094 565 3114 di
581 3093 652 3116 Roma
668 3100 688 3115 n⁴
704 3094 753 3117 592)
769 3099 820 3114 reca
836 3094 856 3114 in
868 3093 912 3113 tine
928 3092 948 3112 la
964 3097 998 3112 sc-

1054 2738 1138 2762 guente
1154 2737 1248 2757 cliiusa:
1265 2745 1274 2752 α
1291 2737 1458 2763 Martylogrum
1473 2737 1524 2761 (sie)
1540 2743 1612 2763 nuper
1623 2738 1683 2763 impr
1693 2738 1783 2758 essioni
1798 2738 1929 2758 adhibitum

1055 2781 1163 2806 cuiusque
1179 2781 1303 2806 religionis
1324 2780 1326 2804 Ι
1346 2782 1428 2806 patres
1445 2781 1592 2806 integerrimi
1607 2781 1671 2801 vobis
1694 2782 1717 2801 in
1740 2782 1812 2802 lucem
1825 2782 1929 2802 delutum

1053 2826 1095 2846 est.
1114 2825 1160 2845 Nec
1174 2825 1268 2845 dubium
1291 2824 1293 2849 Ι
1315 2831 1329 2845 α
1345 2824 1371 2845 R.
1386 2824 1464 2850 fratre
1480 2824 1648 2846 Bartholomeo
1664 2826 1692 2846 de
1708 2825 1823 2846 Palazolo
1834 2826 1926 2846 ordinis

1054 2870 1204 2890 cremitarum
1220 2869 1244 2889 di
1266 2870 1268 2893 Ι
1291 2869 1311 2889 vi
1327 2868 1452 2895 Augustini
1468 2870 1642 2890 observantium
1659 2870 1839 2890 accuratissime
1855 2875 1929 2890 einen-

1052 2914 1140 2934 uatum
1158 2913 1237 2939 ltaque
1258 2913 1261 2937 l
1283 2913 1422 2939 impressum
1438 2919 1492 2934 cnm
1513 2915 1535 2934 e!
1560 2914 1673 2940 impensis
1695 2914 1808 2934 nobilium
1831 2914 1928 2934 loannis

1053 2958 1151 2978 Antonii
1166 2957 1193 2978 de
1209 2957 1245 2978 bit·
1266 2957 1268 2981 Ι
1291 2957 1349 2978 retis
1364 2963 1392 2978 ac
1416 2958 1536 2978 francisci
1556 2958 1584 2979 ile
1604 2958 1789 2983 ghirardenglzrs
1810 2958 1926 2979 sociorum

1063 3002 1066 3026 Ι
1089 3001 1169 3027 Papio,
1185 3002 1214 3022 M.
1234 3001 1319 3023 CCCC.
1337 3002 1471 3023 LXXXVII.
1489 3002 1568 3023 Idibus
1584 3002 1686 3023 Martiis.

1105 3047 1134 3070 (2)
1149 3045 1206 3066 Vcdi
1221 3046 1241 3066 la
1258 3047 1312 3066 nota
1327 3045 1348 3066 al
1364 3045 1504 3067 documento
1519 3046 1555 3067 dcl
1571 3047 1582 3066 4
1597 3047 1691 3067 ottobrc
1709 3046 1764 3067 1⁴³5.
