2347 3444
283 239 344 248 nes»-

281 260 345 271 ιιι-υ

281 372 391 404 Item...
418 371 541 412 legavit
567 373 597 401 et
624 370 711 410 legat
738 368 920 400 venerabili
948 367 1085 397 domino
1112 364 1201 395 fratri
1230 363 1272 394 lo.
1300 362 1406 393 Marie
1433 362 1472 392 de
1500 360 1615 392 Balbis
1641 358 1780 391 Ordinis
1798 356 2017 398 suprascripti
2033 364 2103 386 mo-

283 434 418 466 nasterii
446 433 552 465 sancti
581 431 687 468 Pauli,
715 431 823 471 ipsius
849 430 975 460 domini
1003 428 1214 459 testatricis...
1241 426 1309 456 filio
1336 424 1508 465 legiptime
1534 426 1564 454 et
1592 421 1744 458 naturali,
1769 423 1800 451 et
1825 419 1960 461 egregio
1982 419 2101 449 artium

280 501 310 528 et
337 496 499 527 medicine
526 495 653 526 doctori
682 494 819 524 domino
847 492 1005 531 magistro
1033 490 1224 530 Augustino
1250 488 1290 518 de
1318 487 1433 518 Balbis
1460 486 1569 526 ipsius
1606 484 1740 515 domine
1766 482 1944 514 testatricis
1978 481 2102 521 nepoti,

283 560 386 590 libras
412 560 592 589 tercentum
622 557 736 597 imper.
763 554 894 585 dandas
920 557 949 584 et
976 552 1193 583 solvendas...
1221 559 1309 590 per...
1338 548 1477 580 heredes
1515 546 1756 578 universales...
1783 554 1847 586 que
1874 545 1956 576 libre
1981 546 2106 575 tercen-

282 625 349 652 tum
378 621 492 660 imper.
520 619 617 650 iussit
643 621 673 649 et
700 617 789 648 iubet
816 625 872 656 per
900 616 994 655 ipsos
1031 613 1221 653 dispensari
1248 611 1369 642 debere
1395 618 1507 641 amore
1544 608 1604 640 Dei
1632 609 1662 639 In
1695 608 1759 639 hiis
1785 607 1825 638 de
1852 607 1976 647 quibus
2001 605 2106 637 conti-

283 687 377 714 netur
415 683 445 713 in
483 681 628 722 quadam
657 681 730 710 lista
758 688 821 718 que
848 681 897 708 est
935 685 1043 716 penex
1071 676 1165 715 ipsos
1203 674 1374 705 dominum
1412 671 1545 703 fratrem
1584 670 1763 702 Iohannem
1802 669 1943 700 Mariam
1980 671 2011 699 et
2037 667 2105 699 Ioh.

284 745 509 785 Augustinum
536 743 576 774 de
604 742 751 773 Balbis...
790 740 866 771 Item
905 739 996 769 dedit
1022 741 1052 768 et
1079 737 1235 777 legavit...
1274 735 1424 776 predicto
1462 734 1600 765 domino
1636 733 1726 764 fratri
1766 732 1902 763 Iohanni
1934 731 2039 762 Marie
2065 730 2106 761 de

286 807 412 843 Balbis‚
439 806 528 836 omni
556 814 645 835 anno
671 807 740 834 toto
767 807 916 841 tempore
943 801 1009 831 vite
1035 808 1105 837 sue,
1133 799 1236 829 libras
1254 798 1367 828 decern
1391 796 1615 837 imperiales...
1634 795 1711 826 Item
1732 795 1837 826 voluit
1855 796 1885 825 et
1903 793 2106 834 disposuit...

285 869 375 909 quod
410 868 676 908 suprascriptum
716 863 960 895 Monasterium
999 862 1104 893 sancti
1144 860 1238 892 Pauli
1264 858 1524 899 (decedentibus
1550 858 1732 889 heredibus
1757 857 1829 889 suis
1855 855 2105 887 universalibus

285 932 415 971 absque
443 930 531 965 filiis,
559 930 702 969 ipsoque
729 926 929 958 succedente
956 925 986 956 in
1014 924 1194 955 testatricis
1220 922 1319 953 bonis
1345 918 1520 960 omnibus)
1544 923 1695 952 teneatur
1715 920 1863 951 construi
1882 918 1990 950 facere
2008 926 2106 949 unam

284 993 448 1034 capellam
476 992 540 1023 sub
567 990 734 1021 vocabulo
761 991 874 1020 sancte
902 987 1047 1025 Monice,
1074 987 1105 1017 in
1133 986 1220 1016 dicta
1246 985 1387 1016 ecclesia
1414 984 1519 1015 sancti
1555 982 1661 1020 Pauli,
1686 985 1717 1013 et
1743 983 1783 1013 de
1808 991 1848 1013 eo
1874 981 1965 1021 quod
1991 989 2108 1021 super-

286 1056 383 1086 fuerit
410 1055 450 1085 de
478 1054 576 1084 bonis
604 1052 712 1092 ipsius
738 1050 918 1082 testatricis
944 1049 1146 1080 ferventuris
1173 1048 1203 1078 in
1230 1047 1354 1078 dictum
1382 1046 1621 1077 monasterium
1649 1047 1682 1076 ut
1707 1052 1820 1085 supra,
1854 1043 1924 1075 vult
1951 1043 2024 1083 ipsa
2051 1042 2110 1074 do-

287 1119 374 1149 mina
401 1117 552 1148 testatrix
581 1115 672 1155 quod
700 1114 848 1154 predicta
874 1112 1003 1152 capella
1030 1112 1161 1142 dotetur
1187 1112 1217 1141 et
1243 1110 1285 1141 sit
1304 1110 1418 1140 dotata
1438 1117 1497 1149 pro
1515 1108 1626 1139 anima
1649 1108 1758 1148 ipsius
1777 1107 1910 1137 domine
1929 1105 2108 1137 testatricis

287 1183 316 1211 et
343 1179 575 1210 defunctorum
603 1185 752 1208 suorum.

1030 1267 1373 1308 DLXXXIV.

376 1383 404 1411 Il
430 1381 582 1418 Capitolo
608 1380 641 1409 di
665 1380 697 1411 S,
724 1379 826 1408 Paolo
852 1377 1049 1407 costituisce
1074 1377 1084 1405 i
1108 1376 1183 1405 suoi
1207 1375 1420 1405 Procuratori
1452 1384 1513 1412 per
1536 1375 1568 1403 la
1603 1373 1768 1402 divisione
1804 1374 1891 1402 della
1927 1372 2053 1401 eredita
2078 1371 2111 1400 di

291 1446 457 1474 Galeazzo
482 1442 679 1473 Fiamberti.

954 1500 1110 1532 1494,
1132 1506 1354 1531 marzo,
1381 1498 1458 1524 17.

828 1590 906 1614 (Aren.
925 1590 1005 1610 Notar.
1023 1589 1044 1609 di
1062 1588 1132 1610 Pavia
1148 1599 1173 1602 —
1189 1588 1236 1609 Atti
1253 1588 1274 1608 di
1291 1588 1405 1613 Agostino
1420 1587 1575 1613 Gravanago).

400 1710 448 1826 Ι
540 1742 563 1768 Ν
589 1737 742 1768 sacristia
769 1744 857 1767 nova
883 1744 942 1766 seu
970 1735 1043 1766 loco
1069 1734 1206 1774 capituli
1227 1733 1420 1764 monasterii
1448 1733 1553 1764 sancti
1581 1731 1675 1763 Pauli
1702 1734 1796 1763 extra
1822 1734 1852 1762 et
1878 1739 1983 1771 prope
2001 1738 2115 1761 muros

561 1799 708 1830 civitatis
735 1797 872 1839 Papie...
898 1796 1130 1830 Convocato...
1157 1795 1349 1836 Capitulo...
1369 1796 1409 1826 de
1428 1795 1620 1826 mandato...
1640 1794 1842 1826 venerabilis
1861 1793 1987 1824 domini
2006 1792 2117 1824 fratris

470 1898 495 1899 W
513 1897 526 1899 c
562 1862 720 1893 Iohannis
747 1861 854 1892 Marie
881 1861 921 1891 de
948 1859 1053 1900 Papia
1079 1859 1194 1890 vicarii
1221 1859 1297 1890 dicti
1337 1858 1530 1889 monasterii
1566 1854 1628 1897 (l),
1655 1857 1686 1888 in
1713 1866 1780 1897 quo
1807 1857 1942 1897 quidem
1968 1855 2115 1896 capitulo

294 1923 428 1955 fuerunt
452 1927 483 1955 et
509 1927 586 1956 sunt
613 1923 763 1965 prefatus
790 1923 948 1954 dominus
974 1922 1127 1954 Vicarius
1152 1923 1184 1952 et
1209 1930 1318 1962 penex
1344 1929 1419 1952 eum
1446 1920 1657 1951 venerabiles
1694 1919 1820 1951 domini
1846 1918 1975 1956 fratres,
2012 1918 2119 1949 dorni—

295 1995 358 2017 nus
384 1986 483 2018 frater
510 1986 650 2018 Perinus
676 1984 725 2025 (P)
750 1986 791 2016 de
817 1984 947 2023 Cumis,
974 1984 1073 2016 frater
1110 1982 1290 2016 Cornelius
1326 1983 1367 2014 de
1405 1982 1568 2024 Bugiella,
1595 1982 1694 2013 frater
1731 1981 1896 2013 Iohannes
1934 1980 2052 2012 Petrus
2077 1980 2118 2011 de

297 2048 402 2090 Papia
420 2047 482 2088 (2),
508 2049 609 2080 frater
634 2047 757 2081 Celsus
783 2048 823 2079 de
862 2046 977 2088 Papia,
1015 2047 1114 2078 frater
1140 2045 1363 2079 Sebastianus
1400 2046 1440 2077 de
1478 2045 1662 2082 Vincentia,
1695 2044 1795 2076 frater
1831 2043 2045 2084 Theophilus
2077 2043 2118 2074 de

296 2109 427 2149 Crema,
465 2111 564 2142 frater
590 2111 823 2151 Archangelus
849 2111 889 2141 de
916 2109 1027 2147 Ianua,
1065 2109 1164 2140 frater
1190 2108 1308 2140 Petrus
1335 2107 1461 2139 Paulus
1487 2108 1528 2139 de
1555 2106 1670 2148 Papia,
1707 2107 1806 2139 frater
1843 2106 2046 2138 Theodorus
2079 2106 2119 2137 de

301 2172 416 2213 Fama,
442 2173 542 2204 frater
568 2172 764 2204 Defendens
790 2172 830 2203 de
857 2172 1032 2209 MortariO,
1057 2171 1158 2202 frater
1184 2171 1349 2202 Iohannes
1375 2170 1528 2211 Baptista
1554 2170 1594 2201 de
1613 2169 1762 2201 Taurino
1779 2172 1810 2200 et
1828 2168 1927 2200 frater
1954 2168 2121 2200 Antonius

298 2236 338 2266 de
367 2235 533 2273 Rodobio,
559 2235 720 2267 facientes
747 2235 905 2266 maiorem
932 2237 962 2265 et
1000 2235 1167 2265 saniorem
1195 2236 1320 2274 partem
1359 2233 1437 2264 dicti
1475 2231 1657 2273 Capituli...
1694 2231 1821 2263 faciunt
1853 2234 1883 2263 et
1912 2231 2120 2262 constituunt

301 2297 450 2338 prefatos
476 2299 635 2329 dominos
660 2297 793 2329 fratrem
820 2296 1014 2329 Cornelium
1041 2299 1071 2328 et
1096 2296 1229 2328 fratrem
1257 2296 1437 2327 Iohannem
1457 2294 1623 2326 Petrum...
1649 2303 1762 2326 eorum
1781 2297 1813 2325 et
1831 2294 1908 2325 dicti
1928 2293 2120 2325 monasterii

300 2362 452 2392 sindicos
477 2364 507 2392 et
534 2363 802 2401 procuratores...
828 2359 1018 2400 specialiter
1043 2359 1096 2396 ad,
1123 2359 1257 2390 nomine
1284 2358 1361 2389 dicti
1389 2357 1593 2394 monasterii,
1619 2357 1839 2388 dividendum
1865 2359 1896 2387 et
1929 2356 2124 2387 divixiones

302 2423 491 2454 faciendum
519 2432 578 2463 pro
605 2423 699 2454 tertia
727 2425 818 2462 parte
845 2422 943 2453 tercie
970 2422 1074 2462 partis
1100 2422 1249 2452 omnium
1277 2421 1440 2451 bonorum
1469 2419 1689 2451 immobilium
1728 2419 1922 2450 hereditatis
1952 2418 2123 2458 quondam

304 2486 469 2525 magnifici
496 2485 644 2516 doctoris
670 2488 700 2515 et
727 2485 842 2515 militis
868 2484 994 2515 domini
1022 2482 1146 2515 Galeaz
1161 2483 1202 2514 de
1218 2482 1426 2519 ffiambertis,
1452 2491 1525 2513 cum
1549 2481 1683 2512 fillabus
1701 2483 1731 2512 et
1749 2481 1824 2512 aliis
1843 2481 2024 2512 heredibus
2041 2478 2124 2520 (3)...

305 2548 427 2578 relictis
453 2548 561 2578 dictos
588 2547 792 2578 monasterio
820 2547 849 2577 in
879 2546 994 2577 ultimo
1032 2548 1242 2583 testamento,
1269 2547 1386 2586 rogato
1412 2553 1469 2585 per
1495 2543 1562 2575 Ioh.
1596 2543 1751 2575 Iacobum
1778 2544 1818 2574 de
1844 2542 2043 2575 Canevariis
2069 2551 2126 2573 no-

306 2610 423 2640 tarium
453 2610 660 2649 papiensem,
687 2611 747 2640 etc.

377 2767 382 2785 1
412 2759 427 2785 E
443 2764 501 2785 irate
513 2765 625 2785 vaanni
638 2765 711 2784 Marta
727 2764 799 2787 Bulbi,
813 2765 853 2784 elie
866 2764 987 2784 vedenirno
999 2764 1033 2784 nel
1050 2764 1191 2784 documento
1247 2769 1317 2784 ancor
1333 2763 1424 2783 novizio
1440 2768 1451 2783 e
1467 2762 1495 2783 da
1511 2762 1553 2783 soli
1569 2763 1582 2783 8
1598 2762 1653 2782 mesi
1669 2764 1762 2783 entrato
1782 2763 1816 2783 nel
1833 2762 1954 2783 Convento
1970 2762 1991 2782 di
2008 2761 2030 2783 S.
2044 2762 2124 2787 Paulo,

313 2809 473 2830 antecedente.
492 2809 538 2834 Egli
556 2811 637 2829 tcncva
654 2809 667 2828 il
679 2809 749 2832 luogo
761 2808 796 2828 del
814 2808 892 2828 I'riore
903 2808 961 2828 frate
973 2808 1114 2828 Alessandro
1126 2808 1190 2829 Torti
1247 2808 1320 2829 vende
1337 2814 1380 2828 una
1396 2813 1450 2828 casa
1465 2807 1485 2828 al
1502 2807 1588 2832 pittore
1604 2806 1661 2827 Gian
1685 2806 1762 2827 I‘ietro
1786 2807 1900 2832 Bigarelli.
1923 2807 2020 2828 Sembra
2035 2806 2125 2828 facesse

314 2854 335 2874 di
354 2853 422 2874 I’nvin
438 2856 531 2873 asserite
548 2855 788 2873 momentaneamente
811 2852 846 2872 dal
870 2852 1000 2877 Convento,
1016 2853 1029 2872 il
1046 2853 1114 2878 quale
1129 2853 1148 2873 ci
1165 2852 1192 2873 ri-
1247 2852 1267 2872 la
1283 2857 1325 2872 sua
1348 2851 1493 2877 professione
1516 2856 1575 2876 poco
1591 2851 1653 2876 dopo
1676 2851 1689 2871 il
1707 2852 1730 2871 14
1752 2852 1844 2876 niaggio
1868 2852 1926 2876 1⁴92,
1946 2851 2039 2877 giacche
2061 2853 2126 2872 sotio

315 2899 376 2918 sulta
392 2904 470 2918 essere
486 2900 549 2917 statu
566 2897 644 2917 Priore
660 2897 688 2917 dn
705 2902 734 2917 un
750 2899 800 2917 atto
816 2896 884 2916 dell'⁸
899 2897 1024 2917 novembre
1042 2897 1099 2922 1⁴93,
1111 2899 1194 2922 rogato
1250 2899 1334 2922 questa
1349 2896 1404 2917 data
1419 2896 1478 2921 negli
1494 2896 1536 2916 atti
1553 2896 1574 2916 di
1597 2895 1702 2916 Nicoliiio
1724 2895 1803 2916 Sicleri
1828 2896 1846 2916 si
1863 2898 1930 2917 trova
1946 2896 1959 2916 il
1975 2898 2126 2922 testamento,

315 2942 343 2962 da
360 2942 472 2962 Giovanni
496 2941 610 2966 Agostino
634 2940 745 2964 Buthroti,
761 2946 803 2960 con
826 2941 861 2960 cui
877 2940 891 2960 il
907 2940 972 2960 detto
989 2940 1068 2961 Priore
1084 2940 1148 2961 Torti
1165 2941 1192 2961 ri-
1247 2944 1288 2962 che
1304 2941 1347 2966 egli
1363 2940 1420 2966 fece,
1436 2946 1501 2961 corne
1512 2946 1550 2961 era
1562 2946 1605 2961 uso
1616 2941 1730 2965 generale.
1743 2946 1803 2965 poco
1814 2941 1887 2966 prima
1898 2940 1957 2961 della
1971 2940 2125 2961 Protessionc.

316 2992 371 3007 ceve
388 2992 416 3006 un
432 2985 509 3006 aflitto
526 2991 566 3010 per
581 2986 601 3005 la
618 2987 681 3006 terza
698 2986 764 3010 parte
787 2985 808 3004 di
825 2990 854 3004 un
871 2985 956 3005 molino
972 2985 1007 3005 sul
1024 2984 1093 3005 fiume
1109 2984 1194 3005 Verna-
1250 2985 1298 3010 Egli
1314 2990 1352 3005 era
1367 2984 1452 3009 cugino
1467 2984 1503 3004 dei
1519 2984 1564 3004 due
1579 2983 1662 3004 famosi
1679 2984 1758 3009 pittori
1783 2984 1886 3005 Lorenzo
1901 2990 1914 3005 e
1930 2984 2072 3005 Bernardino
2088 2984 2129 3005 Fa-

319 3031 370 3051 vola
387 3036 469 3056 presso
485 3029 507 3051 S.
524 3030 635 3051 Giacomo
651 3029 679 3049 da
696 3035 726 3050 un
742 3029 854 3050 Giovanni
872 3029 919 3050 Elia
940 3029 1038 3049 Tintori.
1255 3029 1298 3050 soli
1314 3029 1336 3049 di
1353 3028 1432 3054 Pavia,
1443 3029 1562 3049 cheinnin
1578 3028 1729 3049 illustrarono
1745 3029 1811 3049 l'arte
1821 3029 1880 3050 della
1892 3029 1980 3055 pittura
1991 3029 2013 3050 in
2024 3028 2128 3050 Genova.

372 3075 401 3097 (2¹
418 3068 434 3095 Ε
449 3073 508 3095 frate
525 3073 602 3094 pietro
619 3073 690 3094 Paulo
706 3073 791 3098 Fas-oli,
807 3073 842 3094 del
859 3073 881 3093 Iu
898 3072 1003 3098 Gaspare
1018 3072 1040 3093 di
1057 3072 1136 3098 Pavia,
1155 3074 1197 3094 che
1305 3073 1336 3097 (3)
1350 3072 1407 3094 Vedi
1423 3073 1437 3093 il
1452 3072 1594 3093 documento
1610 3072 1646 3093 del
1661 3073 1687 3093 30
1702 3073 1788 3098 giugno
1805 3074 1862 3095 1489.

319 3124 362 3140 con
378 3121 428 3139 atto
444 3118 521 3139 dell'll
539 3118 638 3144 gennaiu
656 3118 713 3142 1492,
726 3119 808 3143 rogato
819 3117 848 3138 da
859 3117 964 3142 Gaspare
976 3117 1085 3142 Taceoni,
1096 3117 1197 3138 essendo
