2347 3444
1909 179 1947 211 13

967 385 1114 426 CXL.

226 494 352 530 Elogio
377 495 520 523 funebre
546 495 580 523 di
606 495 697 523 Gian
723 495 902 524 Galeazzo
928 494 1104 529 Visconti,
1142 494 1291 523 recitato
1316 494 1372 522 nel
1398 494 1554 523 Palazzo
1591 495 1716 523 ducale
1742 495 1777 524 di
1803 496 1948 531 Milano,

139 547 183 576 da
209 547 297 576 frate
323 547 442 576 Pietro
468 548 511 577 da
538 547 748 576 Castelletto
773 548 967 577 eremitano
992 547 1027 576 di
1053 547 1165 576 Pavia
1190 545 1249 587 (1).

769 671 921 700 1402,
949 670 1107 694 ottol)
1113 675 1186 700 re,
1219 669 1309 694 2()0

736 759 890 784 rMURATORl,
907 758 960 780 ker.
978 759 1029 780 ital.
1046 759 1125 784 scrip„
1142 758 1198 783 XVl,
1217 758 1282 779 1038-
1293 758 1358 782 1050).

229 893 342 926 Sermo
360 893 483 934 factuS,
503 895 534 925 et
549 894 703 925 recitatus
715 902 778 934 per
800 894 996 933 Magistrum
1022 892 1153 924 Petrum
1172 893 1211 924 ale
1233 892 1422 925 castelletto
1450 892 1585 925 Ordinis
1610 893 1824 925 Eremitaram
1843 893 1958 926 Sancti

140 956 319 997 Augustini
341 957 373 988 in
399 956 565 997 exsequiis
589 956 755 995 quona'am
789 955 1004 987 lllustrissimi
1038 955 1174 987 Domini
1197 955 1302 986 Ducis
1337 955 1527 991 Mediolani,
1565 954 1703 996 Papiae,
1737 956 1956 997 Virtutumque

145 1018 290 1054 Comitis,
317 1027 357 1049 ac
381 1017 562 1054 Bononiae,
590 1017 750 1053 pisarum,
778 1017 936 1050 Senarum
954 1020 986 1049 et
1002 1017 1130 1049 Perusii
1146 1017 1288 1053 Domini,
1309 1017 1464 1049 Iohannis
1484 1016 1620 1050 Galeaz.
1641 1017 1836 1056 MCCCCII,
1862 1019 1957 1059 Vige—

143 1081 226 1112 simo
246 1079 405 1116 Octobris,
433 1079 616 1111 Mediolani
638 1080 669 1111 ln
695 1080 765 1120 ejus
789 1079 931 1116 Palatio,
959 1079 1039 1111 tzora
1065 1079 1155 1110 XXI.

226 1251 245 1366 Ι
302 1250 320 1366 Ι
390 1269 437 1296 Ευ
463 1264 638 1305 Principes
664 1267 695 1296 et
721 1265 960 1306 Magistratus!
989 1266 1051 1297 lieu
1079 1264 1259 1297 Praesules
1285 1268 1314 1297 et
1341 1267 1459 1306 ingens
1478 1264 1640 1298 Senatus!
1672 1267 1736 1298 heu
1763 1267 1903 1299 Nobiles
1929 1270 1960 1299 et

412 1325 544 1359 Civium
570 1327 772 1368 apparatus!
799 1328 878 1368 quid
905 1328 946 1359 ad
973 1337 1093 1368 aegros
1116 1328 1278 1359 solandos
1305 1329 1435 1369 aegrior
1461 1329 1585 1360 missus
1612 1329 1716 1360 sum?
1747 1330 1828 1370 quid
1855 1331 1959 1361 crudo

308 1424 339 1425 j
412 1389 541 1420 vulneri
568 1390 756 1420 cicatricem
783 1389 1010 1430 superducere
1037 1390 1171 1421 conor?
1196 1390 1276 1430 quid
1296 1392 1387 1421 tanto
1406 1391 1564 1422 virtutum
1585 1391 1766 1431 splendore
1787 1392 1859 1423 heic
1878 1392 1962 1423 adu-

146 1454 234 1489 nato,
261 1451 389 1482 inscius
415 1453 445 1482 et
472 1451 608 1491 ignarus
635 1460 746 1482 coram
775 1451 937 1483 blaterare
964 1452 1174 1492 praesumo?
1202 1452 1291 1484 Haec
1319 1462 1370 1484 me
1396 1456 1519 1491 arcent,
1546 1462 1586 1484 ne
1613 1454 1751 1494 loquar:
1783 1455 1864 1486 haec
1891 1464 1963 1485 mu-

146 1516 214 1545 tum
241 1513 398 1545 efficiunt.
425 1512 491 1545 Sed
519 1514 838 1553 praepotentissimi,
876 1513 1092 1545 illustrissimi
1119 1516 1151 1545 et
1176 1515 1498 1555 magnificentissimi
1526 1514 1632 1547 Ducis
1657 1516 1760 1547 nostri
1787 1525 1962 1548 commune

147 1576 363 1616 dispendium
391 1577 485 1616 urget
510 1584 549 1606 ne
568 1575 706 1606 sileam:
734 1577 891 1613 coarctat,
918 1577 951 1607 ut
977 1576 1049 1607 eius
1076 1575 1194 1607 laudes
1220 1577 1277 1607 toti
1306 1577 1431 1607 mundo
1451 1577 1549 1608 vobis
1567 1577 1735 1618 fulgentes
1754 1578 1961 1618 depromam,

148 1638 239 1679 quod
266 1638 345 1669 mini
371 1640 437 1669 tarn
465 1637 562 1669 facile
588 1637 682 1675 foret,
709 1647 808 1678 quam
836 1640 976 1669 noctuae
995 1638 1078 1669 solis
1104 1639 1217 1670 radios
1243 1638 1332 1670 clara
1359 1639 1431 1670 luce
1459 1639 1587 1671 intueri.
1615 1639 1732 1672 Dicam
1759 1643 1880 1678 tamen,
1897 1651 1961 1672 non

146 1709 188 1732 ex
214 1700 339 1731 fiducia
366 1700 502 1741 ingenii,
528 1709 566 1731 ac
592 1700 708 1731 divino
735 1700 892 1740 pertusus
918 1701 1063 1738 numine,
1089 1701 1148 1732 sed
1175 1701 1266 1741 quod
1294 1710 1353 1741 pro
1386 1701 1522 1732 modulo
1548 1711 1641 1733 meae
1679 1703 1855 1742 parvitatis
1893 1703 1963 1734 suf-

144 1763 243 1801 ficiet,
270 1771 466 1803 proponens
492 1762 614 1793 vestris
641 1762 875 1802 majestatibus
901 1763 942 1793 ad
970 1763 1129 1794 honorem
1149 1763 1252 1794 nostri
1272 1762 1379 1794 Ducis
1397 1764 1547 1802 verbum,
1566 1765 1656 1804 quod
1676 1765 1833 1796 scribitur
1851 1764 1962 1796 Primo

144 1824 439 1860 Machabaeorum,
468 1823 548 1861 Xlll,
575 1824 606 1855 in
632 1824 696 1855 fine
722 1822 890 1864 Capituli:
917 1824 1035 1856 Posuit
1058 1833 1130 1856 eum
1155 1825 1280 1856 Ducem
1308 1826 1456 1857 virtutum
1482 1826 1713 1857 universarum.

234 1886 262 1919 O
290 1887 477 1918 mortalium
505 1887 696 1918 miseranda
722 1887 882 1925 conditio,
909 1896 994 1927 quae
1033 1896 1166 1927 semper
1203 1887 1234 1918 in
1272 1888 1412 1918 arduum
1451 1887 1632 1919 labentium
1674 1898 1781 1920 rerum
1824 1889 1964 1920 inaniter

145 1949 265 1987 tendis,
293 1951 326 1980 ut
353 1949 449 1989 lapsu
477 1949 631 1989 graviore
660 1949 754 1980 ruas!
774 1948 918 1986 Quaeris
938 1950 1010 1980 heic
1029 1949 1189 1990 fulgentia
1209 1950 1409 1987 diademata,
1429 1951 1575 1982 honores
1594 1951 1749 1989 eximios,
1774 1951 1962 1992 longosque

145 2013 347 2052 potentatus,
376 2012 431 2042 ubi
459 2011 549 2042 nulla
576 2012 724 2052 potentia
751 2014 872 2051 potens
898 2013 958 2049 est,
986 2011 1110 2042 nullum
1138 2020 1237 2043 verus
1265 2012 1384 2049 honos,
1412 2012 1537 2043 nullum
1565 2014 1757 2044 consistens
1783 2014 1960 2051 diadema;

147 2074 205 2105 sed
224 2074 335 2104 omnia
354 2082 455 2105 casus
476 2074 619 2104 humana
647 2075 740 2111 rotat,
767 2075 797 2104 et
823 2073 988 2113 quidquid
1017 2074 1047 2103 in
1073 2073 1174 2104 altum
1201 2073 1332 2105 fortuna
1358 2073 1431 2105 tulit
1457 2075 1581 2105 ruitura
1608 2074 1705 2106 levat.
1733 2074 1875 2115 Respice
1902 2074 1964 2108 Re-

145 2144 205 2176 ges
231 2137 261 2167 et
287 2134 402 2176 Regna
428 2135 610 2175 quondam,
638 2137 738 2175 atque
766 2136 904 2175 imperia
931 2136 1014 2166 inter
1040 2135 1245 2166 laudantium
1272 2145 1329 2167 ora
1355 2137 1454 2176 atque
1489 2136 1677 2167 mirantium
1717 2139 1852 2177 repente
1890 2146 1963 2168 cor-

147 2199 266 2235 ruisse,
293 2200 327 2229 ut
352 2198 448 2229 detur
474 2198 623 2238 intelligi,
650 2198 705 2237 qui
733 2198 814 2228 haec
841 2199 1021 2234 sectantur,
1047 2206 1111 2228 non
1139 2197 1180 2228 ad
1212 2198 1242 2228 id
1262 2207 1329 2237 quo
1348 2198 1499 2236 tendunt,
1518 2198 1663 2236 evolant,
1683 2199 1741 2230 sed
1762 2199 1802 2230 ad
1823 2199 1887 2230 ima
1905 2200 1963 2230 de-

148 2260 311 2291 decorose
330 2260 533 2300 saepissime
558 2259 762 2297 dilabuntur,
790 2260 882 2290 iuxta
902 2259 1140 2299 Evangelicum
1160 2260 1285 2290 dictum
1301 2270 1307 2291 :
1323 2261 1430 2299 quise
1448 2260 1582 2291 exaltat.
1601 2260 1832 2297 humiliabitur,
1854 2261 1962 2293 Lucae

145 2322 228 2354 XlV.
254 2321 419 2363 Quisquis
446 2331 525 2363 ergo
552 2321 629 2352 Dux
657 2324 687 2353 et
713 2320 837 2353 Comes
864 2321 1028 2352 Virtutum
1054 2330 1130 2353 esse
1157 2322 1378 2362 concupiscit,
1405 2323 1515 2353 stabili
1536 2323 1672 2362 fixoque
1691 2323 1796 2364 gradu
1816 2332 1959 2361 manere,

149 2489 264 2508 stnmente
280 2488 292 2508 il
310 2488 416 2509 LANTERl
432 2488 485 2511 (vol⁴
499 2488 513 2513 1,
527 2493 548 2513 p.
560 2488 620 2508 231‘12
637 2496 645 2501 ⁴<
658 2487 680 2508 Si
697 2493 769 2512 genus
785 2488 902 2512 inspicias,
919 2487 1027 2512 patritius
1084 2487 1162 2512 Ducis,
1179 2488 1303 2507 nominatis
1318 2488 1437 2513 gradibus,
1459 2488 1479 2508 in
1499 2494 1572 2513 usque
1597 2488 1696 2508 Aeneam
1721 2488 1861 2513 produxerat
1921 2489 1964 2509 Na-

150 2534 198 2553 emt
217 2532 409 2557 mediolaitensis;
429 2533 446 2553 si
464 2532 617 2553 eruditionem
638 2533 810 2557 contempleris,
827 2532 847 2552 in
863 2533 912 2552 arte
928 2532 1029 2552 oratoria

151 2577 234 2601 Tullio,
247 2577 268 2597 in
285 2577 430 2602 philosophia
447 2577 574 2601 Aristoteli,
587 2577 607 2596 in
619 2576 720 2601 teologia
733 2576 862 2601 Augustino
874 2578 1030 2601 comparatum

151 2621 169 2641 si
186 2621 277 2641 demum
293 2626 306 2641 a
322 2621 474 2641 sanctimonia
499 2621 560 2641 illum
584 2621 678 2641 laudare
703 2621 777 2646 cupis,
794 2621 849 2640 haec
866 2621 926 2640 beati
949 2626 1031 2640 nornen

152 2665 194 2690 ipsi
207 2665 338 2685 conciliavit
354 2673 372 2685 »⁴
390 2665 419 2685 Le
435 2670 477 2686 sue
493 2671 571 2690 opere,
588 2665 654 2691 quasi
666 2666 726 2685 tutte
743 2665 836 2689 inedito,
853 2665 870 2685 si
887 2670 1030 2684 conservano

153 2710 172 2729 in
189 2710 265 2729 buona
281 2711 346 2735 parte
362 2709 554 2730 all'Arnbrosiana
571 2709 591 2729 di
609 2709 703 2734 Milano,
716 2715 726 2729 e
739 2709 759 2729 di
772 2715 824 2729 esse
840 2709 903 2734 parla
920 2708 932 2728 il
950 2708 1034 2729 MURA—

152 2757 210 2774 Tum
226 2759 262 2779 ορ,
279 2754 317 2774 cit.
334 2753 392 2773 nella
411 2753 551 2778 prelazione.

204 2797 234 2821 (ll
250 2798 316 2818 Frate
333 2797 409 2818 Pictro
425 2797 453 2818 da
470 2797 616 2823 Castellettn,
633 2803 697 2818 come
720 2797 827 2823 ripparira'i
844 2797 880 2817 dai
897 2798 968 2817 nostri
992 2797 1031 2817 do-

152 2842 260 2866 cumenti,
276 2843 419 2867 appartenne
434 2842 478 2862 alla
494 2841 616 2862 Comnnitr‘i
633 2842 653 2862 di
670 2842 692 2862 St
714 2842 827 2867 Agostino
849 2842 870 2861 di
895 2841 963 2862 Pru-ia
980 2847 990 2861 e
1006 2841 1029 2861 iu

152 2885 283 2911 professore
300 2885 320 2905 di
337 2886 447 2911 Teologia
464 2886 659 2907 nell'Universita.
677 2887 743 2906 Frate
766 2886 856 2906 Andrea
878 2886 941 2906 Billia
958 2886 1030 2908 (Hist.

153 2930 247 2950 Mrdiol.
264 2930 285 2950 in
302 2930 354 2950 Rer.
371 2931 422 2951 ital.
440 2931 509 2956 scrip,
526 2930 581 2955 XlX,
599 2932 631 2954 11)
646 2931 730 2951 scrisse
746 2931 786 2950 che
804 2940 811 2945 --
830 2929 930 2950 defuncti
942 2930 977 2952 (G.
990 2930 1033 2950 Ga-

152 2974 241 2997 lcazzo)
265 2974 429 3000 laudationem,
455 2981 498 2995 non
522 2975 613 2995 minime
638 2981 679 3000 pro
695 2975 732 2995 illo
749 2977 853 3000 tempore
876 2974 1029 2999 inlacundam,

153 3018 232 3038 babuit
249 3018 331 3038 Petrus
348 3018 475 3044 Papicusis,
492 3019 560 3039 homo
576 3019 648 3039 nostri
664 3018 757 3039 Ordinis
768 3018 845 3043 trater,
858 3019 955 3039 cacteris
971 3018 1031 3041 (nam

154 3062 217 3082 multi
242 3062 360 3083 orationes
384 3062 504 3083 dederant»
529 3068 556 3083 eo
581 3063 678 3083 maxime
703 3063 830 3088 praelatus,
855 3063 908 3088 quin
933 3063 1028 3088 stirpem

781 3110 789 3131 l

1085 2531 1156 2552 tinmo
1172 2532 1212 2552 clie
1228 2531 1286 2552 frate
1307 2532 1397 2552 Andrea
1421 2532 1485 2553 Billia
1508 2532 1593 2553 scrisse
1609 2538 1620 2553 e
1637 2533 1820 2558 prnbabilmente
1844 2533 1961 2557 presente,

1087 2576 1107 2596 in
1124 2576 1245 2596 occasione
1261 2576 1296 2596 dei
1313 2576 1407 2596 lunerali
1424 2576 1445 2596 di
1462 2576 1519 2597 (Εἰ-1η
1536 2576 1659 2600 Galeazzo,
1677 2582 1721 2597 nna
1739 2577 1847 2597 orazione
1868 2576 1963 2597 tunt-lire

1087 2621 1108 2640 in
1124 2620 1176 2641 lude
1191 2620 1226 2641 del
1244 2621 1315 2645 Duca,
1332 2621 1372 2641 elie
1389 2626 1428 2641 ora
1444 2621 1462 2641 si
1479 2626 1590 2641 conserva
1607 2621 1639 2641 ira
1656 2621 1660 2641 i
1677 2627 1732 2641 mss
1750 2621 1801 2641 dell'
1812 2621 1962 2641 Ambrosiana

1085 2665 1106 2685 di
1124 2665 1218 2685 Milano.
1244 2665 1299 2686 Vedi
1317 2665 1358 2685 ΡΗ.
1382 2665 1516 2691 ARGELATI,
1543 2665 1655 2686 Bibliotn.
1683 2665 1796 2691 Scriprnr.
1820 2665 1962 2690 Mediolon„

1089 2709 1183 2734 Milano,
1202 2710 1259 2733 1745;
1277 2709 1310 2729 lo.
1328 2710 1380 2729 FEL.
1397 2713 1525 2734 OSSlNGER,
1542 2709 1655 2730 Bihliath.
1672 2709 1805 2734 Angustia,
1823 2709 1959 2735 lngnlstatlt,

1087 2753 1144 2777 1768,
1161 2759 1212 2779 pag.
1232 2754 1274 2774 132.
1292 2754 1358 2774 Frate
1376 2754 1453 2774 pietro
1469 2754 1497 2774 da
1514 2754 1651 2774 Castelletto
1668 2754 1769 2774 secondo
1785 2754 1804 2774 le
1815 2754 1962 2773 annotationi

1086 2798 1106 2817 di
1126 2798 1250 2819 (ierolamo
1267 2798 1339 2819 Bassi
1360 2798 1462 2823 (Studio,
1488 2799 1532 2818 vnl⁴
1551 2804 1591 2819 ms.
1609 2798 1741 2819 dell'Univ.1
1757 2797 1779 2818 fu
1795 2803 1912 2818 ammesso
1928 2798 1962 2818 nel

1085 2842 1188 2867 Collegit)
1213 2842 1248 2862 dci
1271 2843 1357 2863 tlottori
1382 2843 1466 2867 teologi
1490 2842 1676 2863 dcll'Univcrsitii
1693 2842 1727 2862 nel
1746 2842 1802 2866 1307,
1819 2848 1832 2861 0
1849 2842 1882 2862 nel
1902 2842 1962 2867 1398,

1087 2886 1107 2906 al
1124 2886 1192 2911 quale
1208 2886 1318 2911 Collegio,
1335 2886 1394 2911 dagli
1417 2886 1489 2906 ultimi
1505 2886 1556 2906 anni
1574 2886 1609 2905 dcl
1625 2886 1703 2905 secolo
1720 2885 1767 2905 xlv
1778 2885 1799 2905 nl
1818 2886 1873 2907 1407,
1887 2886 1963 2905 sarcli-

1088 2930 1142 2950 bcro
1154 2930 1208 2950 stati
1220 2930 1317 2950 inscritti
1328 2931 1400 2950 anche
1411 2930 1440 2955 gli
1454 2930 1575 2950 Eremitani
1589 2929 1714 2950 Domenicn
1726 2929 1753 2949 da
1767 2929 1962 2953 Forli,l3ertn1in‹=

1087 2974 1178 2995 Bcccari
1201 2974 1382 2999 d'Alessandria,
1405 2974 1516 2995 Criovanni
1537 2974 1718 2999 d'Alcssandrin,
1741 2973 1852 2993 (iiovanni
1869 2973 1890 2993 di
1914 2973 1963 2993 Ale-

1088 3023 1169 3043 magna
1184 3017 1254 3040 (tursc
1270 3017 1327 3038 irate
1343 3018 1454 3038 Giovanni
1471 3018 1492 3038 di
1510 3017 1585 3040 Reczi,
1612 3017 1724 3041 Agostinn
1740 3017 1767 3037 xla
1784 3016 1874 3040 Casale,
1892 3016 1962 3036 l'anlo

1085 3062 1219 3087 Cambiago,
