2347 3444
1911 208 1969 239 167

927 387 1205 429 CCCLXII.

252 497 357 526 Frate
382 498 557 526 Ereolano
583 498 627 526 da
653 497 814 533 Perugia,
842 497 986 526 Vicario
1013 497 1068 525 del
1094 497 1277 530 Generale‚
1298 496 1480 525 autorizza
1499 497 1522 524 il
1549 497 1730 526 Convento
1756 498 1790 526 di
1818 498 1852 526 S.
1880 498 1972 534 Ago-

165 550 257 579 stino
283 559 302 578 a
328 551 412 580 dare
437 551 447 579 i
473 551 551 580 beni
578 551 612 580 di
639 552 840 579 Parasaceo
866 550 900 578 in
925 550 1135 579 investitura
1159 554 1338 586 perpetua.

810 672 964 701 1472,
994 672 1248 703 1‘1lnggi‹›‚
1268 673 1320 697 4.

731 761 808 784 (Arch.
826 761 905 781 Notas.
923 761 944 781 di
962 760 1031 781 Pavia
1048 772 1071 774 —
1088 760 1135 781 Atti
1151 760 1173 781 di
1190 761 1317 781 Francesco
1333 760 1405 785 Sisti)⁴

181 880 183 928 ff
249 898 336 1015 F
410 916 530 945 RATER
557 912 779 944 Herculianus
805 914 845 945 de
872 912 1024 950 Perusio,
1050 922 1144 945 sacre
1171 914 1292 954 pagine
1319 913 1492 954 professor
1509 923 1547 945 ac
1567 913 1720 945 Vicarius
1735 912 1911 945 Generalis
1929 912 1980 954 (l)

182 933 183 1026 γ
433 973 571 1005 Ordinis
597 974 731 1005 fratrum
760 975 1002 1007 Hcremitarum
1029 976 1134 1007 sancti
1162 975 1340 1016 Augustini
1379 976 1455 1007 licet
1493 977 1688 1013 immeritus,
1716 976 1980 1007 venerabillibus

177 1027 286 1075 “jj
315 1072 331 1074 ,
377 1072 385 1073 7
433 1037 600 1077 religiosis
638 1037 741 1068 Priori
780 1039 968 1079 ceterisque
1005 1039 1157 1078 patribus
1183 1047 1220 1069 ac
1246 1038 1405 1069 fratribus
1443 1038 1635 1069 monasterii
1663 1039 1769 1070 sancti
1797 1037 1977 1079 Augustini

168 1100 352 1140 papiensis,
390 1099 531 1130 salutem
559 1100 589 1130 in
616 1099 761 1130 Domino
798 1101 1044 1140 sempiternam.
1083 1100 1315 1141 Supplicatum
1354 1102 1404 1132 est
1438 1101 1536 1131 nobis
1562 1109 1603 1131 ex
1630 1102 1722 1140 parte
1749 1103 1860 1132 vestra
1886 1101 1977 1141 quod

168 1165 355 1194 conventus
383 1166 493 1192 vester
520 1162 618 1192 habet
644 1163 786 1201 quedam
815 1172 960 1200 nemora,
987 1166 1089 1194 terras
1115 1172 1152 1193 ac
1179 1164 1282 1202 prata,
1321 1162 1376 1193 ubi
1402 1163 1523 1194 dicitur
1548 1162 1589 1194 ad
1617 1162 1746 1193 Vadum
1774 1162 1925 1195 Rubeum
1952 1164 1983 1194 et

169 1225 200 1256 in
226 1224 434 1260 Marciliana,
461 1233 534 1255 cum
562 1224 765 1263 quibusdam
792 1226 898 1261 terris,
925 1235 989 1265 quc
1017 1225 1171 1256 solebant
1189 1226 1292 1256 teneri
1312 1234 1371 1265 per
1389 1225 1559 1265 quondam
1580 1224 1736 1256 Iacobum
1753 1224 1983 1265 Portalupum,

169 1286 391 1327 quadraginta
422 1286 656 1325 pertieharum,
690 1296 763 1317 cum
803 1288 1009 1318 coherenciis
1036 1290 1068 1318 ut
1094 1288 1283 1318 continetur
1309 1288 1338 1317 in
1367 1287 1596 1318 instrumentis
1635 1288 1766 1325 vestris,
1792 1288 1833 1318 de
1859 1287 1984 1327 quibus

169 1349 326 1380 omnibus
352 1348 409 1379 vix
436 1350 466 1379 et
492 1357 566 1379 cum
595 1349 740 1379 maximo
760 1349 872 1379 labore
899 1350 1051 1380 habenis
1078 1350 1322 1389 quinquaginta
1349 1351 1477 1388 septem
1505 1348 1608 1379 libras
1635 1349 1825 1389 imperiales
1852 1351 1984 1380 monete

170 1413 290 1443 vestre.
317 1410 356 1442 Et
380 1411 471 1450 quod
498 1411 640 1450 potestis
666 1411 745 1442 <lare
771 1412 812 1441 ad
840 1412 950 1442 fictum
978 1413 1175 1451 perpetuum
1202 1412 1371 1451 predictas
1397 1412 1502 1442 terras
1529 1413 1562 1442 ut
1588 1420 1701 1451 supra,
1728 1420 1787 1451 pro
1814 1411 1907 1443 libris
1933 1420 1986 1442 se-

171 1474 308 1514 xaginta
345 1472 587 1513 imperialibus,
614 1475 643 1503 et
673 1476 706 1503 ut
731 1474 957 1512 dignaremur,
984 1483 1043 1513 pro
1070 1474 1222 1505 utillitate
1249 1474 1447 1511 conventus,
1465 1476 1616 1504 nostrum
1636 1474 1776 1513 prebere
1794 1482 1984 1505 assensum.

170 1535 241 1567 Nos
266 1536 374 1567 autern
410 1534 561 1566 volentes
589 1535 687 1565 vobis
720 1536 940 1575 complacere,
966 1536 1043 1575 quia
1072 1545 1137 1566 rem
1166 1536 1289 1567 utillem
1316 1536 1495 1566 conventui
1524 1536 1675 1575 predicto
1713 1536 1837 1575 petitis,
1871 1537 1984 1567 tenore

171 1597 388 1638 presentium,
415 1598 445 1627 in
473 1597 536 1627 hiis
563 1598 707 1637 scriptis,
735 1598 833 1628 vobis
860 1597 1025 1628 licentiam
1053 1598 1172 1628 damus
1199 1599 1232 1628 ut
1259 1598 1399 1638 possitis
1437 1597 1545 1628 locare
1582 1598 1778 1638 supradicta
1804 1598 1844 1629 ad
1872 1598 1984 1628 fictum

171 1662 371 1700 perpetuum
397 1660 449 1691 cui
478 1659 650 1699 placuerit,
689 1660 941 1699 interponentes
980 1669 1066 1691 nunc
1105 1662 1203 1699 prout
1240 1669 1280 1691 ex
1318 1662 1406 1697 tunc,
1432 1662 1463 1691 et
1489 1669 1530 1691 ex
1557 1662 1634 1691 tunc
1672 1662 1770 1700 prout
1806 1669 1848 1691 ex
1886 1669 1985 1697 nunc,

172 1723 402 1754 auctoritatem
430 1724 588 1759 nostram,
616 1722 646 1752 in
674 1722 815 1753 Nomine
853 1721 960 1753 Patris
988 1724 1018 1753 et
1045 1722 1115 1752 Filii
1143 1724 1173 1753 et
1199 1721 1344 1762 Spiritus
1381 1720 1506 1759 Sancti,
1543 1731 1650 1753 amen.
1688 1721 1810 1754 Datum
1838 1723 1869 1753 in
1896 1720 1986 1754 Con-

173 1786 272 1816 ventu
311 1786 425 1815 nostro
451 1784 617 1824 papiensi,
655 1785 708 1815 die
746 1787 864 1824 quarto
891 1782 1291 1825 Maji,NlCCCCLXXlJ.
1319 1784 1351 1815 ln
1378 1784 1474 1815 cuius
1500 1784 1543 1815 rei
1577 1784 1675 1816 fidem
1715 1785 1775 1816 has
1812 1785 1879 1816 fieri
1918 1785 1987 1815 ius-

173 1848 279 1878 simus
312 1846 481 1887 sigillique
518 1847 621 1878 nostri
650 1847 831 1878 munimine
859 1847 1016 1878 roborari.
1045 1847 1076 1878 F.
1105 1847 1142 1878 H.
1171 1846 1206 1878 V.
1234 1845 1273 1878 G.
1292 1844 1353 1885 (2).

260 2122 420 2159 Religiosi
445 2122 656 2159 Agostiniani
679 2122 848 2159 promossi
873 2122 938 2158 agli
963 2121 1079 2150 Ordini
1104 2121 1200 2150 sacri.

831 2226 983 2255 1472,
1013 2232 1230 2257 11]{,ll·z(),
1259 2225 1349 2250 28.

720 2315 796 2335 {Arch
814 2314 893 2334 Notas,
911 2314 931 2334 [li
949 2313 1018 2334 ania
1044 2325 1067 2326 j
1083 2313 1130 2334 Atti
1147 2313 1168 2333 di
1185 2313 1262 2333 Pietro
1279 2313 1428 2336 Mombretu).

277 2445 326 2561 Ι
415 2463 439 2490 Ν
464 2459 607 2491 ecclesia
634 2459 749 2490 maiori
775 2456 920 2498 (Papie).
948 2458 997 2489 Ad
1025 2459 1127 2489 altare
1155 2466 1309 2498 magnum
1337 2458 1443 2489 sancti
1471 2456 1642 2497 Stephani.

408 2528 410 2547 l

408 2562 410 2593 J
525 2520 765 2553 Ordinationes
792 2530 961 2552 sacrorum
988 2521 1140 2551 ordinum
1168 2521 1286 2552 collate
1306 2520 1561 2560 infrascriptis...
1567 2529 1648 2560 ,per
1666 2521 1983 2553 reverendissimum

188 2590 189 2598 ¹
220 2618 256 2619 j
380 2618 403 2619 ἶ
437 2583 468 2614 in
495 2581 630 2615 Christo
668 2586 794 2624 patrem
833 2586 863 2614 et
900 2583 1071 2613 dominum
1106 2583 1278 2614 dominum
1306 2583 1520 2614 Franciscum
1546 2583 1587 2614 de
1614 2581 1825 2621 Cavalleriis,
1866 2582 1926 2615 Dei
1953 2586 1984 2615 et

171 2644 366 2685 Apostolice
402 2643 500 2677 Sedis
537 2646 642 2686 gratia
679 2646 878 2686 episcopum
917 2645 1198 2683 betelemitanum,
1231 2653 1292 2685 per
1325 2646 1466 2676 incarIco
1491 2645 1545 2676 del
1574 2645 1699 2677 Vicart'o
1739 2644 1898 2677 Generale
1933 2645 1987 2677 del

177 2707 319 2739 Vescovo
352 2707 387 2739 di
409 2706 517 2739 Ρανία
544 2707 641 2740 Card.
670 2707 830 2740 Giacomo
860 2707 1098 2739 Psccolomiwi·

227 2863 257 2889 (l)
272 2864 338 2885 Frate
355 2864 467 2885 Erculano
483 2864 511 2884 da
527 2863 633 2890 Perugia,
650 2864 690 2884 che
707 2864 719 2884 il
736 2864 851 2888 TORELLl,
868 2863 914 2887 Vll,
933 2863 969 2883 162
980 2863 1047 2887 0:190,

174 2908 263 2929 chiama
275 2907 372 2934 famoso
394 2909 506 2933 maes-tro,
529 2913 566 2929 era
590 2910 653 2929 stato
678 2908 797 2934 discepolo
820 2908 855 2928 del
878 2908 967 2928 celebre
992 2907 1049 2927 tratc

174 2952 315 2973 Alessandro
331 2951 406 2978 Oliva,
422 2952 484 2978 dipoi
500 2952 611 2973 Generale
627 2958 638 2973 e
654 2952 783 2974 Cardinale.
802 2952 830 2973 l.e
845 2958 887 2972 sue
898 2952 943 2972 :ilie
959 2951 1006 2971 doti
1024 2951 1050 2971 ri-

174 2995 261 3017 tulsero
276 2996 297 3017 in
314 2996 383 3017 modo
399 2997 502 3018 mirabile
518 2997 552 3017 nel
568 3002 670 3022 governo
686 2997 745 3018 della
762 2997 878 3023 provincia
895 2996 1020 3022 petimina:
1036 3002 1046 3016 e

175 3040 268 3066 quando
283 3041 297 3061 il
313 3041 407 3062 vecchio
422 3040 534 3062 Generale
549 3041 607 3062 {rate
623 3041 733 3062 Giacoino
753 3042 860 3067 d'Aqulln
877 3042 934 3062 ebbe
951 3041 1048 3065 bisogno

175 3084 196 3105 di
212 3085 323 3111 eleggersi
340 3091 369 3106 un
385 3086 484 3111 Vicario,
500 3086 541 3107 elie
556 3086 578 3107 lo
594 3086 748 3107 coadiuvasse
771 3087 806 3107 nel
829 3092 930 3111 governo
947 3084 1047 3105 dell'Or-

1104 2863 1164 2887 cline,
1180 2863 1254 2883 scelse
1270 2863 1304 2883 nel
1323 2863 1372 2883 1470
1387 2863 1400 2883 il
1417 2864 1497 2884 nostro
1516 2863 1574 2884 frate
1591 2863 1712 2889 Ercolano,
1730 2863 1743 2883 il
1760 2863 1828 2889 quale
1850 2863 1887 2889 gia
1907 2869 1980 2884 nveva

1105 2908 1212 2927 ott-:nuto
1236 2913 1264 2927 un
1287 2907 1360 2928 simile
1381 2907 1458 2928 officio
1478 2908 1513 2928 nel
1532 2908 1581 2928 1469
1596 2907 1632 2928 dal
1649 2908 1761 2928 Generale
1776 2907 1835 2928 frate
1851 2907 1979 2932 Guglielnio

1105 2951 1194 2972 Bccchi.
1213 2951 1244 2972 Ed
1260 2953 1365 2977 appunto
1381 2952 1402 2972 in
1418 2952 1505 2977 quauta
1521 2952 1542 2972 di
1560 2952 1685 2972 Visimtore
1701 2958 1712 2973 c
1727 2952 1749 2972 di
1767 2952 1856 2972 Vicario
1868 2951 1979 2972 Genernle

1102 2995 1160 3016 frate
1177 2996 1288 3016 Ercolano
1303 2996 1321 3016 si
1338 2996 1405 3016 trove)
1426 2996 1461 3017 nel
1486 2996 1536 3016 1472
1550 2996 1570 3016 ai
1586 2997 1598 3016 4
1614 2996 1635 3016 di
1653 2997 1743 3021 maggio
1767 2996 1801 3016 nel
1825 2998 1904 3016 nostro
1920 2995 1979 3016 Con—

1103 3042 1172 3060 vento
1188 3040 1209 3060 di
1225 3039 1247 3061 S.
1264 3040 1385 3065 Agostino,
1401 3040 1460 3061 dove
1477 3041 1489 3060 il
1506 3042 1585 3061 nostro
1597 3041 1737 3061 documento
1749 3040 1809 3061 luda
1821 3040 1850 3060 lui
1863 3041 1978 3060 emanata.

1155 3084 1184 3105 (2)
1201 3084 1256 3105 Vedi
1273 3084 1277 3104 i
1294 3084 1425 3105 documenti
1441 3084 1477 3106 del
1492 3085 1518 3105 20
1532 3086 1616 3111 agosto
1632 3091 1643 3105 e
1662 3086 1685 3105 15
1699 3085 1826 3105 settembre
1844 3084 1901 3104 1⁴72.
