<?xml version="1.0" encoding="UTF-8"?>
<!DOCTYPE html PUBLIC "-//W3C//DTD XHTML 1.0 Transitional//EN"
    "http://www.w3.org/TR/xhtml1/DTD/xhtml1-transitional.dtd">
<html xmlns="http://www.w3.org/1999/xhtml" xml:lang="en" lang="en">
 <head>
  <title>
</title>
<meta http-equiv="Content-Type" content="text/html;charset=utf-8" />
  <meta name='ocr-system' content='tesseract 3.04.00' />
  <meta name='ocr-capabilities' content='ocr_page ocr_carea ocr_par ocr_line ocrx_word'/>
</head>
<body>
  <div class='ocr_page' id='page_1' title='image "./codexdiplomaticu02maiouoft_0353.png"; bbox 0 0 2347 3444; ppageno 0'>
   <div class='ocr_carea' id='block_1_1' title="bbox 179 224 2000 1889">
    <p class='ocr_par' dir='ltr' id='par_1_1' title="bbox 1931 224 1989 255">
     <span class='ocr_line' id='line_1_1' title="bbox 1931 224 1989 255; baseline 0 -1"><span class='ocrx_word' id='word_1_1' title='bbox 1931 224 1989 255; x_wconf 87' lang='lat'>291</span> 
     </span>
    </p>

    <p class='ocr_par' dir='ltr' id='par_1_2' title="bbox 276 351 1476 394">
     <span class='ocr_line' id='line_1_2' title="bbox 276 351 1476 394; baseline 0.001 -11"><span class='ocrx_word' id='word_1_2' title='bbox 276 351 422 383; x_wconf 87' lang='lat' dir='ltr'>Domino</span> <span class='ocrx_word' id='word_1_3' title='bbox 450 352 550 384; x_wconf 84' lang='lat' dir='ltr'>Fratri</span> <span class='ocrx_word' id='word_1_4' title='bbox 578 353 732 384; x_wconf 86' lang='lat' dir='ltr'>Mariano</span> <span class='ocrx_word' id='word_1_5' title='bbox 758 353 886 385; x_wconf 79' lang='lat' dir='ltr'>ordinis</span> <span class='ocrx_word' id='word_1_6' title='bbox 913 354 1018 385; x_wconf 85' lang='lat' dir='ltr'>sancti</span> <span class='ocrx_word' id='word_1_7' title='bbox 1046 353 1224 394; x_wconf 80' lang='lat' dir='ltr'>Augustini</span> <span class='ocrx_word' id='word_1_8' title='bbox 1251 353 1476 384; x_wconf 81' lang='lat' dir='ltr'>observantie.</span> 
     </span>
    </p>

    <p class='ocr_par' dir='ltr' id='par_1_3' title="bbox 179 414 2000 1700">
     <span class='ocr_line' id='line_1_3' title="bbox 276 414 1999 458; baseline 0.002 -12"><span class='ocrx_word' id='word_1_9' title='bbox 276 414 470 446; x_wconf 86' lang='lat' dir='ltr'>Venerande</span> <span class='ocrx_word' id='word_1_10' title='bbox 497 416 527 446; x_wconf 96' lang='lat' dir='ltr'>in</span> <span class='ocrx_word' id='word_1_11' title='bbox 554 414 690 447; x_wconf 79' lang='lat' dir='ltr'>Christo</span> <span class='ocrx_word' id='word_1_12' title='bbox 716 415 815 447; x_wconf 89' lang='lat' dir='ltr'>frater</span> <span class='ocrx_word' id='word_1_13' title='bbox 842 416 1046 447; x_wconf 82' lang='lat' dir='ltr'>honorande.</span> <span class='ocrx_word' id='word_1_14' title='bbox 1074 415 1214 456; x_wconf 85' lang='lat' dir='ltr'>Flagitat</span> <span class='ocrx_word' id='word_1_15' title='bbox 1248 416 1426 447; x_wconf 86' lang='lat' dir='ltr'>universus</span> <span class='ocrx_word' id='word_1_16' title='bbox 1452 416 1503 446; x_wconf 82' lang='lat' dir='ltr'>hic</span> <span class='ocrx_word' id='word_1_17' title='bbox 1530 417 1677 456; x_wconf 90' lang='lat' dir='ltr'>populus</span> <span class='ocrx_word' id='word_1_18' title='bbox 1704 417 1803 458; x_wconf 84' lang='lat' dir='ltr'>longo</span> <span class='ocrx_word' id='word_1_19' title='bbox 1831 419 1892 449; x_wconf 82' lang='lat' dir='ltr'>iam</span> <span class='ocrx_word' id='word_1_20' title='bbox 1920 422 1999 450; x_wconf 85' lang='lat' dir='ltr'>tein—</span> 
     </span>
     <span class='ocr_line' id='line_1_4' title="bbox 187 477 1999 520; baseline 0.001 -12"><span class='ocrx_word' id='word_1_21' title='bbox 187 485 277 516; x_wconf 86' lang='lat' dir='ltr'>pore,</span> <span class='ocrx_word' id='word_1_22' title='bbox 304 477 536 517; x_wconf 81' lang='lat' dir='ltr'>spiritualibus</span> <span class='ocrx_word' id='word_1_23' title='bbox 563 479 684 509; x_wconf 78' lang='lat' dir='ltr'>vestris</span> <span class='ocrx_word' id='word_1_24' title='bbox 709 478 751 509; x_wconf 87' lang='lat' dir='ltr'>ali</span> <span class='ocrx_word' id='word_1_25' title='bbox 779 479 947 518; x_wconf 74' lang='lat' dir='ltr'>preconiis</span> <span class='ocrx_word' id='word_1_26' title='bbox 965 480 995 509; x_wconf 86' lang='lat' dir='ltr'>et</span> <span class='ocrx_word' id='word_1_27' title='bbox 1015 479 1174 515; x_wconf 86' lang='lat' dir='ltr'>doctrina,</span> <span class='ocrx_word' id='word_1_28' title='bbox 1202 487 1267 518; x_wconf 85' lang='lat' dir='ltr'>qua</span> <span class='ocrx_word' id='word_1_29' title='bbox 1286 478 1384 509; x_wconf 84' lang='lat' dir='ltr'>saluti</span> <span class='ocrx_word' id='word_1_30' title='bbox 1403 479 1587 509; x_wconf 88' lang='lat' dir='ltr'>animarum</span> <span class='ocrx_word' id='word_1_31' title='bbox 1608 488 1742 510; x_wconf 87' lang='lat' dir='ltr'>suarum</span> <span class='ocrx_word' id='word_1_32' title='bbox 1763 481 1875 520; x_wconf 64' lang='lat' dir='ltr'>procul</span> <span class='ocrx_word' id='word_1_33' title='bbox 1896 482 1999 512; x_wconf 74' lang='lat' dir='ltr'>dubio</span> 
     </span>
     <span class='ocr_line' id='line_1_5' title="bbox 186 539 1999 581; baseline 0.003 -12"><span class='ocrx_word' id='word_1_34' title='bbox 186 539 375 570; x_wconf 91' lang='lat' dir='ltr'>consultum</span> <span class='ocrx_word' id='word_1_35' title='bbox 403 540 438 570; x_wconf 92' lang='lat' dir='ltr'>iri</span> <span class='ocrx_word' id='word_1_36' title='bbox 465 549 530 570; x_wconf 88' lang='lat' dir='ltr'>non</span> <span class='ocrx_word' id='word_1_37' title='bbox 557 540 782 581; x_wconf 85' lang='lat' dir='ltr'>ambigimus;</span> <span class='ocrx_word' id='word_1_38' title='bbox 810 541 841 572; x_wconf 86' lang='lat' dir='ltr'>id</span> <span class='ocrx_word' id='word_1_39' title='bbox 868 541 958 581; x_wconf 84' lang='lat' dir='ltr'>quod</span> <span class='ocrx_word' id='word_1_40' title='bbox 986 541 1063 571; x_wconf 89' lang='lat' dir='ltr'>dum</span> <span class='ocrx_word' id='word_1_41' title='bbox 1091 541 1262 581; x_wconf 77' lang='lat' dir='ltr'>superiore</span> <span class='ocrx_word' id='word_1_42' title='bbox 1288 549 1376 572; x_wconf 85' lang='lat' dir='ltr'>anno</span> <span class='ocrx_word' id='word_1_43' title='bbox 1402 540 1583 580; x_wconf 91' lang='lat' dir='ltr'>capitulum</span> <span class='ocrx_word' id='word_1_44' title='bbox 1605 541 1655 572; x_wconf 77' lang='lat' dir='ltr'>liic</span> <span class='ocrx_word' id='word_1_45' title='bbox 1672 540 1827 579; x_wconf 54' lang='lat' dir='ltr'>¹,vestrum</span> <span class='ocrx_word' id='word_1_46' title='bbox 1854 543 1999 574; x_wconf 89' lang='lat' dir='ltr'>celebra-</span> 
     </span>
     <span class='ocr_line' id='line_1_6' title="bbox 184 601 2000 643; baseline 0.003 -13"><span class='ocrx_word' id='word_1_47' title='bbox 184 603 271 631; x_wconf 86' lang='lat' dir='ltr'>retur</span> <span class='ocrx_word' id='word_1_48' title='bbox 298 601 375 632; x_wconf 82' lang='lat' dir='ltr'>viva</span> <span class='ocrx_word' id='word_1_49' title='bbox 401 610 483 632; x_wconf 87' lang='lat' dir='ltr'>voce</span> <span class='ocrx_word' id='word_1_50' title='bbox 510 601 745 634; x_wconf 79' lang='lat' dir='ltr'>Paternitatem</span> <span class='ocrx_word' id='word_1_51' title='bbox 773 603 923 634; x_wconf 82' lang='lat' dir='ltr'>Vestram</span> <span class='ocrx_word' id='word_1_52' title='bbox 952 603 1158 634; x_wconf 78' lang='lat' dir='ltr'>intellexisse</span> <span class='ocrx_word' id='word_1_53' title='bbox 1185 603 1378 643; x_wconf 82' lang='lat' dir='ltr'>profitemur</span> <span class='ocrx_word' id='word_1_54' title='bbox 1403 601 1464 641; x_wconf 75' lang='grc'>(1),</span> <span class='ocrx_word' id='word_1_55' title='bbox 1502 603 1575 634; x_wconf 89' lang='lat' dir='ltr'>Non</span> <span class='ocrx_word' id='word_1_56' title='bbox 1603 604 1689 634; x_wconf 92' lang='lat' dir='ltr'>enim</span> <span class='ocrx_word' id='word_1_57' title='bbox 1721 613 1783 635; x_wconf 82' lang='lat' dir='ltr'>nos</span> <span class='ocrx_word' id='word_1_58' title='bbox 1810 605 1885 636; x_wconf 83' lang='lat' dir='ltr'>latet</span> <span class='ocrx_word' id='word_1_59' title='bbox 1912 606 2000 636; x_wconf 89' lang='lat' dir='ltr'>salu-</span> 
     </span>
     <span class='ocr_line' id='line_1_7' title="bbox 186 662 1997 706; baseline 0.002 -13"><span class='ocrx_word' id='word_1_60' title='bbox 186 662 348 694; x_wconf 87' lang='lat' dir='ltr'>berrimos</span> <span class='ocrx_word' id='word_1_61' title='bbox 374 662 502 695; x_wconf 83' lang='lat' dir='ltr'>fructus</span> <span class='ocrx_word' id='word_1_62' title='bbox 529 664 783 704; x_wconf 85' lang='lat' dir='ltr'>uberrimosque</span> <span class='ocrx_word' id='word_1_63' title='bbox 811 666 840 696; x_wconf 95' lang='lat' dir='ltr'>in</span> <span class='ocrx_word' id='word_1_64' title='bbox 869 665 1009 696; x_wconf 85' lang='lat' dir='ltr'>urbibus</span> <span class='ocrx_word' id='word_1_65' title='bbox 1046 665 1201 696; x_wconf 86' lang='lat' dir='ltr'>auditorii</span> <span class='ocrx_word' id='word_1_66' title='bbox 1241 666 1340 696; x_wconf 89' lang='lat' dir='ltr'>vestri</span> <span class='ocrx_word' id='word_1_67' title='bbox 1379 665 1596 706; x_wconf 82' lang='lat' dir='ltr'>quamplures</span> <span class='ocrx_word' id='word_1_68' title='bbox 1634 665 1738 697; x_wconf 82' lang='lat' dir='ltr'>fuisse</span> <span class='ocrx_word' id='word_1_69' title='bbox 1775 671 1997 705; x_wconf 83' lang='lat' dir='ltr'>consecutos,</span> 
     </span>
     <span class='ocr_line' id='line_1_8' title="bbox 184 724 1999 768; baseline 0.003 -13"><span class='ocrx_word' id='word_1_70' title='bbox 184 724 270 755; x_wconf 86' lang='lat' dir='ltr'>alios</span> <span class='ocrx_word' id='word_1_71' title='bbox 295 725 338 756; x_wconf 90' lang='lat' dir='ltr'>ab</span> <span class='ocrx_word' id='word_1_72' title='bbox 365 725 559 757; x_wconf 79' lang='lat' dir='ltr'>infidelitate</span> <span class='ocrx_word' id='word_1_73' title='bbox 585 727 626 757; x_wconf 92' lang='lat' dir='ltr'>ad</span> <span class='ocrx_word' id='word_1_74' title='bbox 655 727 751 758; x_wconf 89' lang='lat' dir='ltr'>fidem</span> <span class='ocrx_word' id='word_1_75' title='bbox 779 736 973 763; x_wconf 86' lang='lat' dir='ltr'>conversos,</span> <span class='ocrx_word' id='word_1_76' title='bbox 1000 728 1085 758; x_wconf 88' lang='lat' dir='ltr'>alios</span> <span class='ocrx_word' id='word_1_77' title='bbox 1104 728 1226 768; x_wconf 83' lang='lat' dir='ltr'>spretis</span> <span class='ocrx_word' id='word_1_78' title='bbox 1245 728 1441 768; x_wconf 84' lang='lat' dir='ltr'>parentibus</span> <span class='ocrx_word' id='word_1_79' title='bbox 1466 731 1496 759; x_wconf 91' lang='lat' dir='ltr'>et</span> <span class='ocrx_word' id='word_1_80' title='bbox 1524 736 1677 759; x_wconf 86' lang='lat' dir='ltr'>mamona</span> <span class='ocrx_word' id='word_1_81' title='bbox 1703 729 1744 759; x_wconf 87' lang='lat' dir='ltr'>ad</span> <span class='ocrx_word' id='word_1_82' title='bbox 1771 730 1878 760; x_wconf 91' lang='lat' dir='ltr'>crucis</span> <span class='ocrx_word' id='word_1_83' title='bbox 1894 731 1999 760; x_wconf 85' lang='lat' dir='ltr'>vexil-</span> 
     </span>
     <span class='ocr_line' id='line_1_9' title="bbox 185 786 1996 831; baseline 0.003 -14"><span class='ocrx_word' id='word_1_84' title='bbox 185 787 250 818; x_wconf 90' lang='lat' dir='ltr'>lum</span> <span class='ocrx_word' id='word_1_85' title='bbox 277 786 484 825; x_wconf 86' lang='lat' dir='ltr'>festinantes,</span> <span class='ocrx_word' id='word_1_86' title='bbox 510 789 596 819; x_wconf 87' lang='lat' dir='ltr'>alios</span> <span class='ocrx_word' id='word_1_87' title='bbox 621 797 638 819; x_wconf 86' lang='lat' dir='ltr'>a</span> <span class='ocrx_word' id='word_1_88' title='bbox 665 790 777 820; x_wconf 84' lang='lat' dir='ltr'>noxiis</span> <span class='ocrx_word' id='word_1_89' title='bbox 802 790 1019 826; x_wconf 74' lang='lat' dir='ltr'>abstinentes,</span> <span class='ocrx_word' id='word_1_90' title='bbox 1045 790 1131 821; x_wconf 84' lang='lat' dir='ltr'>alios</span> <span class='ocrx_word' id='word_1_91' title='bbox 1157 790 1289 821; x_wconf 89' lang='lat' dir='ltr'>demum</span> <span class='ocrx_word' id='word_1_92' title='bbox 1316 799 1333 821; x_wconf 90' lang='lat' dir='ltr'>a</span> <span class='ocrx_word' id='word_1_93' title='bbox 1360 791 1501 821; x_wconf 85' lang='lat' dir='ltr'>desidiis</span> <span class='ocrx_word' id='word_1_94' title='bbox 1526 791 1568 821; x_wconf 87' lang='lat' dir='ltr'>ad</span> <span class='ocrx_word' id='word_1_95' title='bbox 1595 799 1709 831; x_wconf 88' lang='lat' dir='ltr'>pacem</span> <span class='ocrx_word' id='word_1_96' title='bbox 1726 792 1892 823; x_wconf 87' lang='lat' dir='ltr'>reductos.</span> <span class='ocrx_word' id='word_1_97' title='bbox 1912 791 1996 824; x_wconf 91' lang='lat' dir='ltr'>Cum</span> 
     </span>
     <span class='ocr_line' id='line_1_10' title="bbox 184 850 1999 894; baseline 0.003 -14"><span class='ocrx_word' id='word_1_98' title='bbox 184 850 296 889; x_wconf 86' lang='lat' dir='ltr'>itaque</span> <span class='ocrx_word' id='word_1_99' title='bbox 323 859 427 890; x_wconf 89' lang='lat' dir='ltr'>nuper</span> <span class='ocrx_word' id='word_1_100' title='bbox 444 851 672 890; x_wconf 78' lang='lat' dir='ltr'>acceperimus</span> <span class='ocrx_word' id='word_1_101' title='bbox 691 852 849 882; x_wconf 84' lang='lat' dir='ltr'>relatione</span> <span class='ocrx_word' id='word_1_102' title='bbox 869 852 1134 883; x_wconf 87' lang='lat' dir='ltr'>venerandorum</span> <span class='ocrx_word' id='word_1_103' title='bbox 1155 855 1283 893; x_wconf 88' lang='lat' dir='ltr'>patrum</span> <span class='ocrx_word' id='word_1_104' title='bbox 1304 853 1407 884; x_wconf 84' lang='lat' dir='ltr'>sancti</span> <span class='ocrx_word' id='word_1_105' title='bbox 1428 852 1606 894; x_wconf 79' lang='lat' dir='ltr'>Augustini</span> <span class='ocrx_word' id='word_1_106' title='bbox 1627 854 1719 885; x_wconf 90' lang='lat' dir='ltr'>urbis</span> <span class='ocrx_word' id='word_1_107' title='bbox 1738 854 1847 891; x_wconf 77' lang='lat' dir='ltr'>liuius,</span> <span class='ocrx_word' id='word_1_108' title='bbox 1875 855 1999 894; x_wconf 77' lang='lat' dir='ltr'>quibus</span> 
     </span>
     <span class='ocr_line' id='line_1_11' title="bbox 185 913 1994 957; baseline 0.003 -15"><span class='ocrx_word' id='word_1_109' title='bbox 185 921 244 952; x_wconf 90' lang='lat' dir='ltr'>pro</span> <span class='ocrx_word' id='word_1_110' title='bbox 271 920 385 943; x_wconf 87' lang='lat' dir='ltr'>eorum</span> <span class='ocrx_word' id='word_1_111' title='bbox 413 913 579 953; x_wconf 86' lang='lat' dir='ltr'>pudicicia</span> <span class='ocrx_word' id='word_1_112' title='bbox 606 916 636 944; x_wconf 92' lang='lat' dir='ltr'>et</span> <span class='ocrx_word' id='word_1_113' title='bbox 663 914 848 955; x_wconf 89' lang='lat' dir='ltr'>integritate</span> <span class='ocrx_word' id='word_1_114' title='bbox 875 924 1003 945; x_wconf 91' lang='lat' dir='ltr'>summe</span> <span class='ocrx_word' id='word_1_115' title='bbox 1044 915 1218 952; x_wconf 76' lang='lat' dir='ltr'>afficimur,</span> <span class='ocrx_word' id='word_1_116' title='bbox 1243 924 1261 946; x_wconf 90' lang='lat' dir='ltr'>a</span> <span class='ocrx_word' id='word_1_117' title='bbox 1288 915 1367 946; x_wconf 90' lang='lat' dir='ltr'>divo</span> <span class='ocrx_word' id='word_1_118' title='bbox 1405 916 1553 956; x_wconf 88' lang='lat' dir='ltr'>principe</span> <span class='ocrx_word' id='word_1_119' title='bbox 1591 918 1727 953; x_wconf 87' lang='lat' dir='ltr'>nostro,</span> <span class='ocrx_word' id='word_1_120' title='bbox 1765 917 1861 947; x_wconf 91' lang='lat' dir='ltr'>cuius</span> <span class='ocrx_word' id='word_1_121' title='bbox 1889 918 1994 957; x_wconf 83' lang='lat' dir='ltr'>gratia</span> 
     </span>
     <span class='ocr_line' id='line_1_12' title="bbox 183 975 1997 1019; baseline 0.003 -14"><span class='ocrx_word' id='word_1_122' title='bbox 183 975 284 1006; x_wconf 86' lang='lat' dir='ltr'>eratis</span> <span class='ocrx_word' id='word_1_123' title='bbox 310 977 470 1006; x_wconf 89' lang='lat' dir='ltr'>venturus</span> <span class='ocrx_word' id='word_1_124' title='bbox 495 976 537 1006; x_wconf 91' lang='lat' dir='ltr'>ad</span> <span class='ocrx_word' id='word_1_125' title='bbox 564 976 863 1016; x_wconf 85' lang='lat' dir='ltr'>evangelizandum</span> <span class='ocrx_word' id='word_1_126' title='bbox 892 977 1087 1015; x_wconf 80' lang='lat' dir='ltr'>Mediolani,</span> <span class='ocrx_word' id='word_1_127' title='bbox 1115 977 1277 1008; x_wconf 90' lang='lat' dir='ltr'>indultum</span> <span class='ocrx_word' id='word_1_128' title='bbox 1316 986 1390 1009; x_wconf 90' lang='lat' dir='ltr'>esse</span> <span class='ocrx_word' id='word_1_129' title='bbox 1427 980 1527 1018; x_wconf 84' lang='lat' dir='ltr'>atque</span> <span class='ocrx_word' id='word_1_130' title='bbox 1552 987 1749 1009; x_wconf 87' lang='lat' dir='ltr'>concessum</span> <span class='ocrx_word' id='word_1_131' title='bbox 1782 979 1812 1009; x_wconf 94' lang='lat' dir='ltr'>in</span> <span class='ocrx_word' id='word_1_132' title='bbox 1844 980 1997 1019; x_wconf 86' lang='lat' dir='ltr'>proxima</span> 
     </span>
     <span class='ocr_line' id='line_1_13' title="bbox 184 1037 2000 1083; baseline 0.003 -16"><span class='ocrx_word' id='word_1_133' title='bbox 184 1037 442 1078; x_wconf 86' lang='lat' dir='ltr'>quadragesima</span> <span class='ocrx_word' id='word_1_134' title='bbox 468 1038 544 1068; x_wconf 90' lang='lat' dir='ltr'>huic</span> <span class='ocrx_word' id='word_1_135' title='bbox 570 1038 741 1069; x_wconf 86' lang='lat' dir='ltr'>nominato</span> <span class='ocrx_word' id='word_1_136' title='bbox 768 1039 895 1078; x_wconf 89' lang='lat' dir='ltr'>populo</span> <span class='ocrx_word' id='word_1_137' title='bbox 922 1039 1133 1079; x_wconf 88' lang='lat' dir='ltr'>perdivinum</span> <span class='ocrx_word' id='word_1_138' title='bbox 1160 1040 1297 1071; x_wconf 88' lang='lat' dir='ltr'>verbum</span> <span class='ocrx_word' id='word_1_139' title='bbox 1329 1040 1545 1080; x_wconf 84' lang='lat' dir='ltr'>predicandi,</span> <span class='ocrx_word' id='word_1_140' title='bbox 1582 1050 1647 1072; x_wconf 92' lang='lat' dir='ltr'>non</span> <span class='ocrx_word' id='word_1_141' title='bbox 1686 1041 1786 1072; x_wconf 90' lang='lat' dir='ltr'>modo</span> <span class='ocrx_word' id='word_1_142' title='bbox 1823 1044 2000 1083; x_wconf 87' lang='lat' dir='ltr'>congratu-</span> 
     </span>
     <span class='ocr_line' id='line_1_14' title="bbox 184 1099 1998 1143; baseline 0.003 -14"><span class='ocrx_word' id='word_1_143' title='bbox 184 1099 288 1130; x_wconf 88' lang='lat' dir='ltr'>lamur</span> <span class='ocrx_word' id='word_1_144' title='bbox 314 1101 344 1130; x_wconf 87' lang='lat' dir='ltr'>et</span> <span class='ocrx_word' id='word_1_145' title='bbox 370 1099 574 1139; x_wconf 86' lang='lat' dir='ltr'>plaudimus,</span> <span class='ocrx_word' id='word_1_146' title='bbox 601 1109 714 1131; x_wconf 90' lang='lat' dir='ltr'>verum</span> <span class='ocrx_word' id='word_1_147' title='bbox 742 1101 839 1131; x_wconf 89' lang='lat' dir='ltr'>etiam</span> <span class='ocrx_word' id='word_1_148' title='bbox 868 1101 1044 1132; x_wconf 81' lang='lat' dir='ltr'>immortali</span> <span class='ocrx_word' id='word_1_149' title='bbox 1072 1100 1143 1132; x_wconf 89' lang='lat' dir='ltr'>Deo</span> <span class='ocrx_word' id='word_1_150' title='bbox 1169 1103 1295 1142; x_wconf 80' lang='lat' dir='ltr'>gratias</span> <span class='ocrx_word' id='word_1_151' title='bbox 1320 1103 1462 1143; x_wconf 79' lang='lat' dir='ltr'>agimus,</span> <span class='ocrx_word' id='word_1_152' title='bbox 1488 1103 1584 1134; x_wconf 88' lang='lat' dir='ltr'>cuius</span> <span class='ocrx_word' id='word_1_153' title='bbox 1611 1103 1769 1134; x_wconf 85' lang='lat' dir='ltr'>maiestas</span> <span class='ocrx_word' id='word_1_154' title='bbox 1799 1104 1862 1135; x_wconf 86' lang='lat' dir='ltr'>hoc</span> <span class='ocrx_word' id='word_1_155' title='bbox 1900 1104 1998 1135; x_wconf 90' lang='lat' dir='ltr'>nobis</span> 
     </span>
     <span class='ocr_line' id='line_1_15' title="bbox 181 1161 1994 1205; baseline 0.003 -13"><span class='ocrx_word' id='word_1_156' title='bbox 181 1161 350 1202; x_wconf 86' lang='lat' dir='ltr'>singulare</span> <span class='ocrx_word' id='word_1_157' title='bbox 377 1170 498 1193; x_wconf 89' lang='lat' dir='ltr'>munus</span> <span class='ocrx_word' id='word_1_158' title='bbox 523 1163 690 1193; x_wconf 88' lang='lat' dir='ltr'>concessit</span> <span class='ocrx_word' id='word_1_159' title='bbox 716 1162 883 1202; x_wconf 80' lang='lat' dir='ltr'>oculoque</span> <span class='ocrx_word' id='word_1_160' title='bbox 911 1163 1044 1203; x_wconf 81' lang='lat' dir='ltr'>pietatis</span> <span class='ocrx_word' id='word_1_161' title='bbox 1070 1173 1128 1194; x_wconf 89' lang='lat' dir='ltr'>sue</span> <span class='ocrx_word' id='word_1_162' title='bbox 1155 1165 1278 1196; x_wconf 91' lang='lat' dir='ltr'>nostris</span> <span class='ocrx_word' id='word_1_163' title='bbox 1315 1165 1562 1196; x_wconf 84' lang='lat' dir='ltr'>calamitatibus</span> <span class='ocrx_word' id='word_1_164' title='bbox 1600 1165 1730 1196; x_wconf 84' lang='lat' dir='ltr'>videtur</span> <span class='ocrx_word' id='word_1_165' title='bbox 1768 1166 1914 1197; x_wconf 87' lang='lat' dir='ltr'>misereri</span> <span class='ocrx_word' id='word_1_166' title='bbox 1933 1164 1994 1205; x_wconf 83' lang='lat'>(2).</span> 
     </span>
     <span class='ocr_line' id='line_1_16' title="bbox 183 1223 2000 1268; baseline 0.003 -14"><span class='ocrx_word' id='word_1_167' title='bbox 183 1223 410 1264; x_wconf 84' lang='lat' dir='ltr'>Expectamus</span> <span class='ocrx_word' id='word_1_168' title='bbox 436 1226 612 1264; x_wconf 87' lang='lat' dir='ltr'>propterea</span> <span class='ocrx_word' id='word_1_169' title='bbox 639 1225 691 1256; x_wconf 90' lang='lat' dir='ltr'>leti</span> <span class='ocrx_word' id='word_1_170' title='bbox 717 1225 899 1256; x_wconf 87' lang='lat' dir='ltr'>adventum</span> <span class='ocrx_word' id='word_1_171' title='bbox 926 1228 1084 1263; x_wconf 87' lang='lat' dir='ltr'>vestrum,</span> <span class='ocrx_word' id='word_1_172' title='bbox 1111 1228 1311 1266; x_wconf 90' lang='lat' dir='ltr'>quantocius</span> <span class='ocrx_word' id='word_1_173' title='bbox 1337 1228 1405 1258; x_wconf 83' lang='lat' dir='ltr'>fieri</span> <span class='ocrx_word' id='word_1_174' title='bbox 1433 1228 1563 1268; x_wconf 87' lang='lat' dir='ltr'>poterit,</span> <span class='ocrx_word' id='word_1_175' title='bbox 1589 1229 1667 1268; x_wconf 84' lang='lat' dir='ltr'>quia</span> <span class='ocrx_word' id='word_1_176' title='bbox 1694 1229 1917 1260; x_wconf 85' lang='lat' dir='ltr'>venerandam</span> <span class='ocrx_word' id='word_1_177' title='bbox 1947 1239 2000 1261; x_wconf 90' lang='lat' dir='ltr'>ca-</span> 
     </span>
     <span class='ocr_line' id='line_1_17' title="bbox 183 1285 1999 1329; baseline 0.003 -13"><span class='ocrx_word' id='word_1_178' title='bbox 183 1285 277 1326; x_wconf 91' lang='lat' dir='ltr'>pituli</span> <span class='ocrx_word' id='word_1_179' title='bbox 305 1286 405 1317; x_wconf 88' lang='lat' dir='ltr'>vestri</span> <span class='ocrx_word' id='word_1_180' title='bbox 431 1287 736 1327; x_wconf 80' lang='lat' dir='ltr'>congregationem,</span> <span class='ocrx_word' id='word_1_181' title='bbox 764 1287 825 1318; x_wconf 83' lang='lat' dir='ltr'>hoc</span> <span class='ocrx_word' id='word_1_182' title='bbox 852 1288 1007 1327; x_wconf 84' lang='lat' dir='ltr'>proximo</span> <span class='ocrx_word' id='word_1_183' title='bbox 1024 1297 1099 1319; x_wconf 88' lang='lat' dir='ltr'>vere</span> <span class='ocrx_word' id='word_1_184' title='bbox 1126 1289 1176 1319; x_wconf 79' lang='lat' dir='ltr'>liic</span> <span class='ocrx_word' id='word_1_185' title='bbox 1203 1289 1346 1320; x_wconf 87' lang='lat' dir='ltr'>fiendam</span> <span class='ocrx_word' id='word_1_186' title='bbox 1361 1287 1422 1328; x_wconf 83' lang='lat'>(3),</span> <span class='ocrx_word' id='word_1_187' title='bbox 1449 1289 1626 1329; x_wconf 90' lang='lat' dir='ltr'>plurimum</span> <span class='ocrx_word' id='word_1_188' title='bbox 1653 1290 1889 1321; x_wconf 86' lang='lat' dir='ltr'>subventionis</span> <span class='ocrx_word' id='word_1_189' title='bbox 1907 1293 1937 1322; x_wconf 90' lang='lat' dir='ltr'>et</span> <span class='ocrx_word' id='word_1_190' title='bbox 1955 1292 1999 1322; x_wconf 90' lang='lat' dir='ltr'>el—</span> 
     </span>
     <span class='ocr_line' id='line_1_18' title="bbox 182 1348 1999 1394; baseline 0.003 -15"><span class='ocrx_word' id='word_1_191' title='bbox 182 1348 426 1379; x_wconf 84' lang='lat' dir='ltr'>lemoxinarum</span> <span class='ocrx_word' id='word_1_192' title='bbox 454 1349 543 1380; x_wconf 88' lang='lat' dir='ltr'>haud</span> <span class='ocrx_word' id='word_1_193' title='bbox 570 1349 671 1380; x_wconf 88' lang='lat' dir='ltr'>dubie</span> <span class='ocrx_word' id='word_1_194' title='bbox 697 1352 951 1381; x_wconf 87' lang='lat' dir='ltr'>consecuturam</span> <span class='ocrx_word' id='word_1_195' title='bbox 980 1359 1044 1381; x_wconf 92' lang='lat' dir='ltr'>non</span> <span class='ocrx_word' id='word_1_196' title='bbox 1072 1359 1234 1388; x_wconf 88' lang='lat' dir='ltr'>veremur,</span> <span class='ocrx_word' id='word_1_197' title='bbox 1260 1360 1366 1391; x_wconf 81' lang='lat' dir='ltr'>eaque</span> <span class='ocrx_word' id='word_1_198' title='bbox 1393 1351 1433 1382; x_wconf 88' lang='lat' dir='ltr'>de</span> <span class='ocrx_word' id='word_1_199' title='bbox 1459 1360 1491 1382; x_wconf 91' lang='lat' dir='ltr'>re</span> <span class='ocrx_word' id='word_1_200' title='bbox 1518 1360 1576 1392; x_wconf 91' lang='lat' dir='ltr'>per</span> <span class='ocrx_word' id='word_1_201' title='bbox 1600 1352 1685 1383; x_wconf 88' lang='lat' dir='ltr'>alias</span> <span class='ocrx_word' id='word_1_202' title='bbox 1711 1355 1843 1384; x_wconf 91' lang='lat' dir='ltr'>nostras</span> <span class='ocrx_word' id='word_1_203' title='bbox 1875 1362 1999 1394; x_wconf 89' lang='lat' dir='ltr'>oppor-</span> 
     </span>
     <span class='ocr_line' id='line_1_19' title="bbox 180 1411 1991 1453; baseline 0.003 -12"><span class='ocrx_word' id='word_1_204' title='bbox 180 1412 258 1441; x_wconf 91' lang='lat' dir='ltr'>tune</span> <span class='ocrx_word' id='word_1_205' title='bbox 285 1411 464 1442; x_wconf 87' lang='lat' dir='ltr'>scribimus</span> <span class='ocrx_word' id='word_1_206' title='bbox 490 1412 773 1443; x_wconf 87' lang='lat' dir='ltr'>reverendissimo</span> <span class='ocrx_word' id='word_1_207' title='bbox 811 1412 949 1443; x_wconf 89' lang='lat' dir='ltr'>domino</span> <span class='ocrx_word' id='word_1_208' title='bbox 987 1411 1142 1444; x_wconf 87' lang='lat' dir='ltr'>Generali</span> <span class='ocrx_word' id='word_1_209' title='bbox 1180 1415 1292 1444; x_wconf 87' lang='lat' dir='ltr'>vestro</span> <span class='ocrx_word' id='word_1_210' title='bbox 1315 1415 1359 1451; x_wconf 84' lang='lat' dir='ltr'>ut,</span> <span class='ocrx_word' id='word_1_211' title='bbox 1397 1414 1423 1444; x_wconf 91' lang='lat' dir='ltr'>si</span> <span class='ocrx_word' id='word_1_212' title='bbox 1463 1414 1543 1453; x_wconf 87' lang='lat' dir='ltr'>quid</span> <span class='ocrx_word' id='word_1_213' title='bbox 1578 1414 1797 1446; x_wconf 80' lang='lat' dir='ltr'>liesitacionis</span> <span class='ocrx_word' id='word_1_214' title='bbox 1835 1415 1912 1446; x_wconf 88' lang='lat' dir='ltr'>du...</span> <span class='ocrx_word' id='word_1_215' title='bbox 1951 1416 1991 1447; x_wconf 91' lang='lat' dir='ltr'>de</span> 
     </span>
     <span class='ocr_line' id='line_1_20' title="bbox 179 1472 1997 1517; baseline 0.003 -13"><span class='ocrx_word' id='word_1_216' title='bbox 179 1472 326 1504; x_wconf 82' lang='lat' dir='ltr'>adventu</span> <span class='ocrx_word' id='word_1_217' title='bbox 354 1476 466 1504; x_wconf 90' lang='lat' dir='ltr'>vestro</span> <span class='ocrx_word' id='word_1_218' title='bbox 493 1476 686 1511; x_wconf 89' lang='lat' dir='ltr'>memorato,</span> <span class='ocrx_word' id='word_1_219' title='bbox 714 1475 804 1514; x_wconf 85' lang='lat' dir='ltr'>quod</span> <span class='ocrx_word' id='word_1_220' title='bbox 825 1483 889 1505; x_wconf 92' lang='lat' dir='ltr'>non</span> <span class='ocrx_word' id='word_1_221' title='bbox 909 1475 1118 1512; x_wconf 89' lang='lat' dir='ltr'>arbitramur,</span> <span class='ocrx_word' id='word_1_222' title='bbox 1145 1475 1311 1513; x_wconf 88' lang='lat' dir='ltr'>subesset,</span> <span class='ocrx_word' id='word_1_223' title='bbox 1339 1476 1472 1515; x_wconf 90' lang='lat' dir='ltr'>penitus</span> <span class='ocrx_word' id='word_1_224' title='bbox 1498 1478 1697 1516; x_wconf 88' lang='lat' dir='ltr'>amputetur.</span> <span class='ocrx_word' id='word_1_225' title='bbox 1725 1476 1895 1517; x_wconf 77' lang='lat' dir='ltr'>Rogamus</span> <span class='ocrx_word' id='word_1_226' title='bbox 1937 1478 1997 1509; x_wconf 89' lang='lat' dir='ltr'>ita-</span> 
     </span>
     <span class='ocr_line' id='line_1_21' title="bbox 181 1536 1998 1577; baseline 0.003 -11"><span class='ocrx_word' id='word_1_227' title='bbox 181 1544 246 1575; x_wconf 85' lang='lat' dir='ltr'>que</span> <span class='ocrx_word' id='word_1_228' title='bbox 272 1537 305 1566; x_wconf 93' lang='lat' dir='ltr'>ut</span> <span class='ocrx_word' id='word_1_229' title='bbox 332 1536 442 1576; x_wconf 89' lang='lat' dir='ltr'>ipsum</span> <span class='ocrx_word' id='word_1_230' title='bbox 469 1536 649 1567; x_wconf 89' lang='lat' dir='ltr'>iocundum</span> <span class='ocrx_word' id='word_1_231' title='bbox 676 1536 857 1567; x_wconf 89' lang='lat' dir='ltr'>adventum</span> <span class='ocrx_word' id='word_1_232' title='bbox 886 1540 1044 1574; x_wconf 89' lang='lat' dir='ltr'>vestrum,</span> <span class='ocrx_word' id='word_1_233' title='bbox 1071 1537 1188 1568; x_wconf 86' lang='lat' dir='ltr'>litteris</span> <span class='ocrx_word' id='word_1_234' title='bbox 1207 1538 1418 1577; x_wconf 92' lang='lat' dir='ltr'>opportunis,</span> <span class='ocrx_word' id='word_1_235' title='bbox 1439 1537 1640 1570; x_wconf 77' lang='lat' dir='ltr'>Reverencia</span> <span class='ocrx_word' id='word_1_236' title='bbox 1656 1538 1772 1570; x_wconf 84' lang='lat' dir='ltr'>Vestra</span> <span class='ocrx_word' id='word_1_237' title='bbox 1792 1540 1891 1571; x_wconf 89' lang='lat' dir='ltr'>nobis</span> <span class='ocrx_word' id='word_1_238' title='bbox 1910 1540 1998 1571; x_wconf 88' lang='lat' dir='ltr'>affir-</span> 
     </span>
     <span class='ocr_line' id='line_1_22' title="bbox 182 1597 1996 1640; baseline 0.003 -12"><span class='ocrx_word' id='word_1_239' title='bbox 182 1606 270 1628; x_wconf 85' lang='lat' dir='ltr'>mare</span> <span class='ocrx_word' id='word_1_240' title='bbox 296 1597 441 1636; x_wconf 87' lang='lat' dir='ltr'>festinet,</span> <span class='ocrx_word' id='word_1_241' title='bbox 479 1599 529 1629; x_wconf 91' lang='lat' dir='ltr'>cui</span> <span class='ocrx_word' id='word_1_242' title='bbox 557 1599 910 1630; x_wconf 88' lang='lat' dir='ltr'>commendatissimos</span> <span class='ocrx_word' id='word_1_243' title='bbox 948 1608 1009 1630; x_wconf 91' lang='lat' dir='ltr'>nos</span> <span class='ocrx_word' id='word_1_244' title='bbox 1046 1599 1198 1630; x_wconf 88' lang='lat' dir='ltr'>facimus.</span> <span class='ocrx_word' id='word_1_245' title='bbox 1237 1599 1311 1630; x_wconf 82' lang='lat' dir='ltr'>Dat.</span> <span class='ocrx_word' id='word_1_246' title='bbox 1350 1599 1464 1640; x_wconf 84' lang='lat' dir='ltr'>Papie,</span> <span class='ocrx_word' id='word_1_247' title='bbox 1502 1600 1554 1631; x_wconf 93' lang='lat' dir='ltr'>die</span> <span class='ocrx_word' id='word_1_248' title='bbox 1581 1600 1638 1632; x_wconf 84' lang='lat' dir='ltr'>XV</span> <span class='ocrx_word' id='word_1_249' title='bbox 1677 1601 1874 1640; x_wconf 90' lang='lat' dir='ltr'>decembris,</span> <span class='ocrx_word' id='word_1_250' title='bbox 1905 1603 1996 1634; x_wconf 83' lang='grc'>1489.</span> 
     </span>
     <span class='ocr_line' id='line_1_23' title="bbox 181 1658 439 1700; baseline 0.004 -10"><span class='ocrx_word' id='word_1_251' title='bbox 181 1658 351 1700; x_wconf 90' lang='lat' dir='ltr'>Deputati‚</span> <span class='ocrx_word' id='word_1_252' title='bbox 378 1662 439 1691; x_wconf 92' lang='lat' dir='ltr'>etc.</span> 
     </span>
    </p>

    <p class='ocr_par' dir='ltr' id='par_1_4' title="bbox 179 1721 2000 1827">
     <span class='ocr_line' id='line_1_24' title="bbox 270 1721 2000 1766; baseline 0.002 -13"><span class='ocrx_word' id='word_1_253' title='bbox 270 1721 309 1753; x_wconf 92' lang='lat' dir='ltr'>D.</span> <span class='ocrx_word' id='word_1_254' title='bbox 337 1722 438 1753; x_wconf 83' lang='lat' dir='ltr'>Fratri</span> <span class='ocrx_word' id='word_1_255' title='bbox 466 1722 625 1754; x_wconf 83' lang='lat' dir='ltr'>Anselmo</span> <span class='ocrx_word' id='word_1_256' title='bbox 652 1724 692 1754; x_wconf 92' lang='lat' dir='ltr'>de</span> <span class='ocrx_word' id='word_1_257' title='bbox 719 1723 983 1761; x_wconf 84' lang='lat' dir='ltr'>Montefalcono,</span> <span class='ocrx_word' id='word_1_258' title='bbox 1009 1723 1148 1755; x_wconf 90' lang='lat' dir='ltr'>Ordinis</span> <span class='ocrx_word' id='word_1_259' title='bbox 1175 1724 1322 1755; x_wconf 83' lang='lat' dir='ltr'>Fratrum</span> <span class='ocrx_word' id='word_1_260' title='bbox 1350 1724 1590 1756; x_wconf 81' lang='lat' dir='ltr'>Heremitarum</span> <span class='ocrx_word' id='word_1_261' title='bbox 1611 1726 1716 1756; x_wconf 89' lang='lat' dir='ltr'>sancti</span> <span class='ocrx_word' id='word_1_262' title='bbox 1737 1725 1915 1766; x_wconf 80' lang='lat' dir='ltr'>Augustini</span> <span class='ocrx_word' id='word_1_263' title='bbox 1935 1725 2000 1758; x_wconf 87' lang='lat' dir='ltr'>Ge-</span> 
     </span>
     <span class='ocr_line' id='line_1_25' title="bbox 179 1784 1228 1827; baseline 0.003 -13"><span class='ocrx_word' id='word_1_264' title='bbox 179 1784 280 1815; x_wconf 88' lang='lat' dir='ltr'>nerali</span> <span class='ocrx_word' id='word_1_265' title='bbox 308 1785 521 1825; x_wconf 74' lang='lat' dir='ltr'>dignissimo</span> <span class='ocrx_word' id='word_1_266' title='bbox 549 1785 662 1823; x_wconf 78' lang='lat' dir='ltr'>Rome,</span> <span class='ocrx_word' id='word_1_267' title='bbox 688 1786 778 1826; x_wconf 93' lang='lat' dir='ltr'>apud</span> <span class='ocrx_word' id='word_1_268' title='bbox 805 1788 956 1817; x_wconf 79' lang='lat' dir='ltr'>sanctum</span> <span class='ocrx_word' id='word_1_269' title='bbox 992 1785 1228 1827; x_wconf 83' lang='lat' dir='ltr'>Augustinum.</span> 
     </span>
    </p>

    <p class='ocr_par' dir='ltr' id='par_1_5' title="bbox 268 1846 1660 1889">
     <span class='ocr_line' id='line_1_26' title="bbox 268 1846 1660 1889; baseline 0.001 -11"><span class='ocrx_word' id='word_1_270' title='bbox 268 1846 306 1878; x_wconf 90' lang='lat' dir='ltr'>D.</span> <span class='ocrx_word' id='word_1_271' title='bbox 335 1847 437 1878; x_wconf 83' lang='lat' dir='ltr'>Fratri</span> <span class='ocrx_word' id='word_1_272' title='bbox 465 1847 620 1878; x_wconf 85' lang='lat' dir='ltr'>Mariano</span> <span class='ocrx_word' id='word_1_273' title='bbox 647 1848 687 1879; x_wconf 86' lang='lat' dir='ltr'>de</span> <span class='ocrx_word' id='word_1_274' title='bbox 714 1846 928 1879; x_wconf 85' lang='lat' dir='ltr'>Gennezano.</span> <span class='ocrx_word' id='word_1_275' title='bbox 958 1848 1132 1886; x_wconf 90' lang='lat' dir='ltr'>Florentie,</span> <span class='ocrx_word' id='word_1_276' title='bbox 1158 1849 1249 1889; x_wconf 86' lang='lat' dir='ltr'>apud</span> <span class='ocrx_word' id='word_1_277' title='bbox 1277 1848 1409 1880; x_wconf 80' lang='lat' dir='ltr'>Portam</span> <span class='ocrx_word' id='word_1_278' title='bbox 1436 1850 1541 1880; x_wconf 87' lang='lat' dir='ltr'>sancti</span> <span class='ocrx_word' id='word_1_279' title='bbox 1573 1848 1660 1881; x_wconf 83' lang='lat' dir='ltr'>Gali.</span> 
     </span>
    </p>
   </div>
   <div class='ocr_carea' id='block_1_2' title="bbox 233 2002 1992 2031">
    <p class='ocr_par' dir='ltr' id='par_1_6' title="bbox 233 2002 1992 2031">
     <span class='ocr_line' id='line_1_27' title="bbox 233 2002 1992 2031; baseline 0.002 -8"><span class='ocrx_word' id='word_1_280' title='bbox 233 2003 263 2025; x_wconf 74' lang='lat' dir='ltr'>(l›</span> <span class='ocrx_word' id='word_1_281' title='bbox 278 2002 446 2023; x_wconf 75' lang='lat' dir='ltr'>Sembrerebbe</span> <span class='ocrx_word' id='word_1_282' title='bbox 461 2003 490 2023; x_wconf 81' lang='lat' dir='ltr'>da</span> <span class='ocrx_word' id='word_1_283' title='bbox 506 2004 541 2024; x_wconf 81' lang='lat' dir='ltr'>cio</span> <span class='ocrx_word' id='word_1_284' title='bbox 557 2004 598 2024; x_wconf 81' lang='lat' dir='ltr'>che</span> <span class='ocrx_word' id='word_1_285' title='bbox 614 2004 627 2023; x_wconf 93' lang='lat' dir='ltr'>il</span> <span class='ocrx_word' id='word_1_286' title='bbox 644 2004 751 2029; x_wconf 74' lang='lat' dir='ltr'>Capitolo</span> <span class='ocrx_word' id='word_1_287' title='bbox 767 2005 865 2024; x_wconf 72' lang='lat' dir='ltr'>annuale</span> <span class='ocrx_word' id='word_1_288' title='bbox 881 2004 939 2024; x_wconf 75' lang='lat' dir='ltr'>della</span> <span class='ocrx_word' id='word_1_289' title='bbox 958 2004 1058 2029; x_wconf 67' lang='lat' dir='ltr'>congre-</span> <span class='ocrx_word' id='word_1_290' title='bbox 1114 2007 1179 2029; x_wconf 82' lang='lat' dir='ltr'>pnrte</span> <span class='ocrx_word' id='word_1_291' title='bbox 1196 2005 1215 2024; x_wconf 76' lang='lat' dir='ltr'>le</span> <span class='ocrx_word' id='word_1_292' title='bbox 1232 2005 1321 2030; x_wconf 84' lang='lat' dir='ltr'>private</span> <span class='ocrx_word' id='word_1_293' title='bbox 1338 2004 1476 2029; x_wconf 61' lang='lat' dir='ltr'>donationi,</span> <span class='ocrx_word' id='word_1_294' title='bbox 1500 2005 1504 2024; x_wconf 93' lang='lat' dir='ltr'>i</span> <span class='ocrx_word' id='word_1_295' title='bbox 1521 2005 1595 2025; x_wconf 72' lang='lat' dir='ltr'>lnsciti</span> <span class='ocrx_word' id='word_1_296' title='bbox 1619 2006 1787 2026; x_wconf 70' lang='lat' dir='ltr'>testamentarii</span> <span class='ocrx_word' id='word_1_297' title='bbox 1806 2012 1817 2026; x_wconf 82' lang='lat' dir='ltr'>e</span> <span class='ocrx_word' id='word_1_298' title='bbox 1833 2006 1852 2026; x_wconf 76' lang='lat' dir='ltr'>le</span> <span class='ocrx_word' id='word_1_299' title='bbox 1869 2007 1992 2031; x_wconf 69' lang='lat' dir='ltr'>pubblielte</span> 
     </span>
    </p>
   </div>
   <div class='ocr_carea' id='block_1_3' title="bbox 181 2047 1991 2074">
    <p class='ocr_par' dir='ltr' id='par_1_7' title="bbox 181 2047 1991 2074">
     <span class='ocr_line' id='line_1_28' title="bbox 181 2047 1991 2074; baseline 0.002 -7"><span class='ocrx_word' id='word_1_300' title='bbox 181 2047 278 2072; x_wconf 78' lang='lat' dir='ltr'>gazione</span> <span class='ocrx_word' id='word_1_301' title='bbox 300 2047 434 2073; x_wconf 81' lang='lat' dir='ltr'>lombarda,</span> <span class='ocrx_word' id='word_1_302' title='bbox 456 2047 520 2068; x_wconf 79' lang='lat' dir='ltr'>fosse</span> <span class='ocrx_word' id='word_1_303' title='bbox 534 2050 599 2068; x_wconf 82' lang='lat' dir='ltr'>stato</span> <span class='ocrx_word' id='word_1_304' title='bbox 621 2048 738 2068; x_wconf 81' lang='lat' dir='ltr'>celebrato</span> <span class='ocrx_word' id='word_1_305' title='bbox 754 2048 775 2068; x_wconf 89' lang='lat' dir='ltr'>in</span> <span class='ocrx_word' id='word_1_306' title='bbox 793 2048 861 2069; x_wconf 76' lang='lat' dir='ltr'>ania</span> <span class='ocrx_word' id='word_1_307' title='bbox 884 2049 919 2069; x_wconf 80' lang='lat' dir='ltr'>uel</span> <span class='ocrx_word' id='word_1_308' title='bbox 938 2049 994 2069; x_wconf 66' lang='lat'>1488,</span> <span class='ocrx_word' id='word_1_309' title='bbox 1011 2049 1058 2073; x_wconf 81' lang='lat' dir='ltr'>Ma,</span> <span class='ocrx_word' id='word_1_310' title='bbox 1114 2048 1203 2073; x_wconf 72' lang='lat' dir='ltr'>offerte,</span> <span class='ocrx_word' id='word_1_311' title='bbox 1220 2049 1261 2069; x_wconf 78' lang='lat' dir='ltr'>elie</span> <span class='ocrx_word' id='word_1_312' title='bbox 1277 2049 1514 2074; x_wconf 79' lang='lat' dir='ltr'>processionalmeute</span> <span class='ocrx_word' id='word_1_313' title='bbox 1530 2048 1608 2069; x_wconf 72' lang='lat' dir='ltr'>facem</span> <span class='ocrx_word' id='word_1_314' title='bbox 1624 2050 1732 2070; x_wconf 65' lang='lat' dir='ltr'>cias-cuna</span> <span class='ocrx_word' id='word_1_315' title='bbox 1744 2049 1813 2070; x_wconf 77' lang='lat' dir='ltr'>Porta</span> <span class='ocrx_word' id='word_1_316' title='bbox 1839 2049 1909 2071; x_wconf 78' lang='lat' dir='ltr'>Rione</span> <span class='ocrx_word' id='word_1_317' title='bbox 1932 2050 1991 2070; x_wconf 71' lang='lat' dir='ltr'>della</span> 
     </span>
    </p>
   </div>
   <div class='ocr_carea' id='block_1_4' title="bbox 181 2092 1992 2119">
    <p class='ocr_par' dir='ltr' id='par_1_8' title="bbox 181 2092 1992 2119">
     <span class='ocr_line' id='line_1_29' title="bbox 181 2092 1992 2119; baseline 0.002 -7"><span class='ocrx_word' id='word_1_318' title='bbox 181 2097 247 2112; x_wconf 86' lang='lat' dir='ltr'>come</span> <span class='ocrx_word' id='word_1_319' title='bbox 263 2092 337 2112; x_wconf 80' lang='lat' dir='ltr'>scrive</span> <span class='ocrx_word' id='word_1_320' title='bbox 352 2092 366 2112; x_wconf 93' lang='lat' dir='ltr'>il</span> <span class='ocrx_word' id='word_1_321' title='bbox 382 2092 497 2117; x_wconf 79' lang='lat' dir='ltr'>TORELLl,</span> <span class='ocrx_word' id='word_1_322' title='bbox 513 2093 558 2113; x_wconf 66' lang='lat' dir='ltr'>volv</span> <span class='ocrx_word' id='word_1_323' title='bbox 576 2093 622 2117; x_wconf 88' lang='lat' dir='ltr'>Vll,</span> <span class='ocrx_word' id='word_1_324' title='bbox 637 2093 683 2117; x_wconf 76' lang='lat'>385,</span> <span class='ocrx_word' id='word_1_325' title='bbox 700 2093 818 2118; x_wconf 78' lang='lat' dir='ltr'>seguendo</span> <span class='ocrx_word' id='word_1_326' title='bbox 841 2094 853 2113; x_wconf 92' lang='lat' dir='ltr'>il</span> <span class='ocrx_word' id='word_1_327' title='bbox 870 2093 942 2116; x_wconf 72' lang='lat' dir='ltr'>Calvi,</span> <span class='ocrx_word' id='word_1_328' title='bbox 960 2094 980 2113; x_wconf 92' lang='lat' dir='ltr'>in</span> <span class='ocrx_word' id='word_1_329' title='bbox 996 2094 1059 2119; x_wconf 85' lang='lat' dir='ltr'>quel·</span> <span class='ocrx_word' id='word_1_330' title='bbox 1114 2092 1177 2113; x_wconf 71' lang='lat' dir='ltr'>citta.</span> <span class='ocrx_word' id='word_1_331' title='bbox 1194 2093 1339 2117; x_wconf 83' lang='lat' dir='ltr'>Quest&#39;anno</span> <span class='ocrx_word' id='word_1_332' title='bbox 1355 2094 1375 2113; x_wconf 84' lang='lat' dir='ltr'>la</span> <span class='ocrx_word' id='word_1_333' title='bbox 1399 2093 1544 2114; x_wconf 79' lang='lat' dir='ltr'>Fabbriceria</span> <span class='ocrx_word' id='word_1_334' title='bbox 1567 2093 1602 2114; x_wconf 85' lang='lat' dir='ltr'>del</span> <span class='ocrx_word' id='word_1_335' title='bbox 1624 2093 1715 2114; x_wconf 87' lang='lat' dir='ltr'>Duoino</span> <span class='ocrx_word' id='word_1_336' title='bbox 1731 2094 1852 2114; x_wconf 80' lang='lat' dir='ltr'>confidava</span> <span class='ocrx_word' id='word_1_337' title='bbox 1869 2095 1926 2114; x_wconf 83' lang='lat' dir='ltr'>nella</span> <span class='ocrx_word' id='word_1_338' title='bbox 1947 2095 1965 2115; x_wconf 88' lang='lat' dir='ltr'>el</span> <span class='ocrx_word' id='word_1_339' title='bbox 1974 2103 1992 2115; x_wconf 61' lang='grc' dir='ltr'><em>ν</em></span> 
     </span>
    </p>
   </div>
   <div class='ocr_carea' id='block_1_5' title="bbox 182 2135 1062 2563">
    <p class='ocr_par' dir='ltr' id='par_1_9' title="bbox 182 2135 1059 2296">
     <span class='ocr_line' id='line_1_30' title="bbox 182 2135 1055 2163; baseline 0.002 -7"><span class='ocrx_word' id='word_1_340' title='bbox 182 2135 259 2157; x_wconf 81' lang='lat' dir='ltr'>l&#39;anno</span> <span class='ocrx_word' id='word_1_341' title='bbox 275 2137 289 2157; x_wconf 89' lang='lat' dir='ltr'>il</span> <span class='ocrx_word' id='word_1_342' title='bbox 305 2136 413 2162; x_wconf 82' lang='lat' dir='ltr'>Capitolo</span> <span class='ocrx_word' id='word_1_343' title='bbox 428 2136 451 2157; x_wconf 88' lang='lat' dir='ltr'>fu</span> <span class='ocrx_word' id='word_1_344' title='bbox 467 2137 585 2157; x_wconf 82' lang='lat' dir='ltr'>celebrato</span> <span class='ocrx_word' id='word_1_345' title='bbox 600 2143 613 2157; x_wconf 83' lang='lat' dir='ltr'>a</span> <span class='ocrx_word' id='word_1_346' title='bbox 630 2137 751 2163; x_wconf 81' lang='lat' dir='ltr'>Berganio,</span> <span class='ocrx_word' id='word_1_347' title='bbox 767 2137 818 2158; x_wconf 83' lang='lat' dir='ltr'>eda</span> <span class='ocrx_word' id='word_1_348' title='bbox 834 2137 857 2158; x_wconf 87' lang='lat' dir='ltr'>S.</span> <span class='ocrx_word' id='word_1_349' title='bbox 870 2137 941 2158; x_wconf 77' lang='lat' dir='ltr'>Paolo</span> <span class='ocrx_word' id='word_1_350' title='bbox 952 2138 973 2158; x_wconf 87' lang='lat' dir='ltr'>di</span> <span class='ocrx_word' id='word_1_351' title='bbox 987 2137 1055 2158; x_wconf 82' lang='lat' dir='ltr'>l’avia</span> 
     </span>
     <span class='ocr_line' id='line_1_31' title="bbox 183 2180 1059 2208; baseline 0.002 -7"><span class='ocrx_word' id='word_1_352' title='bbox 183 2180 205 2201; x_wconf 81' lang='lat' dir='ltr'>fu</span> <span class='ocrx_word' id='word_1_353' title='bbox 221 2181 338 2202; x_wconf 82' lang='lat' dir='ltr'>celebrato</span> <span class='ocrx_word' id='word_1_354' title='bbox 354 2181 389 2202; x_wconf 83' lang='lat' dir='ltr'>nel</span> <span class='ocrx_word' id='word_1_355' title='bbox 405 2182 496 2207; x_wconf 84' lang='lat' dir='ltr'>maggio</span> <span class='ocrx_word' id='word_1_356' title='bbox 512 2182 548 2202; x_wconf 85' lang='lat' dir='ltr'>del</span> <span class='ocrx_word' id='word_1_357' title='bbox 566 2182 622 2202; x_wconf 75' lang='lat'>1487.</span> <span class='ocrx_word' id='word_1_358' title='bbox 640 2182 710 2207; x_wconf 77' lang='lat' dir='ltr'>IDEM,</span> <span class='ocrx_word' id='word_1_359' title='bbox 728 2188 779 2208; x_wconf 76' lang='lat' dir='ltr'>pag.</span> <span class='ocrx_word' id='word_1_360' title='bbox 795 2183 841 2203; x_wconf 38' lang='lat'>35⁸,</span> <span class='ocrx_word' id='word_1_361' title='bbox 859 2183 875 2203; x_wconf 83' lang='lat' dir='ltr'>A</span> <span class='ocrx_word' id='word_1_362' title='bbox 892 2184 976 2208; x_wconf 78' lang='lat' dir='ltr'>questo</span> <span class='ocrx_word' id='word_1_363' title='bbox 992 2183 1059 2208; x_wconf 77' lang='lat' dir='ltr'>Capi-</span> 
     </span>
     <span class='ocr_line' id='line_1_32' title="bbox 183 2226 1058 2252; baseline 0.002 -6"><span class='ocrx_word' id='word_1_364' title='bbox 183 2226 245 2251; x_wconf 82' lang='lat' dir='ltr'>tolo,</span> <span class='ocrx_word' id='word_1_365' title='bbox 268 2226 379 2247; x_wconf 82' lang='lat' dir='ltr'>decorato</span> <span class='ocrx_word' id='word_1_366' title='bbox 394 2227 455 2247; x_wconf 87' lang='lat' dir='ltr'>dalla</span> <span class='ocrx_word' id='word_1_367' title='bbox 471 2232 584 2252; x_wconf 86' lang='lat' dir='ltr'>presenza</span> <span class='ocrx_word' id='word_1_368' title='bbox 599 2227 620 2247; x_wconf 87' lang='lat' dir='ltr'>di</span> <span class='ocrx_word' id='word_1_369' title='bbox 637 2226 695 2247; x_wconf 80' lang='lat' dir='ltr'>frate</span> <span class='ocrx_word' id='word_1_370' title='bbox 711 2227 831 2252; x_wconf 80' lang='lat' dir='ltr'>Mariano,</span> <span class='ocrx_word' id='word_1_371' title='bbox 848 2227 989 2252; x_wconf 80' lang='lat' dir='ltr'>presiedette</span> <span class='ocrx_word' id='word_1_372' title='bbox 1000 2227 1058 2248; x_wconf 80' lang='lat' dir='ltr'>frate</span> 
     </span>
     <span class='ocr_line' id='line_1_33' title="bbox 184 2270 985 2296; baseline 0.001 -6"><span class='ocrx_word' id='word_1_373' title='bbox 184 2270 280 2291; x_wconf 77' lang='lat' dir='ltr'>Taddeo</span> <span class='ocrx_word' id='word_1_374' title='bbox 296 2270 393 2295; x_wconf 84' lang='lat' dir='ltr'>d&#39;lvrea,</span> <span class='ocrx_word' id='word_1_375' title='bbox 409 2271 423 2291; x_wconf 95' lang='lat' dir='ltr'>il</span> <span class='ocrx_word' id='word_1_376' title='bbox 439 2271 507 2296; x_wconf 87' lang='lat' dir='ltr'>quale</span> <span class='ocrx_word' id='word_1_377' title='bbox 522 2271 544 2291; x_wconf 82' lang='lat' dir='ltr'>fu</span> <span class='ocrx_word' id='word_1_378' title='bbox 561 2272 582 2291; x_wconf 91' lang='lat' dir='ltr'>in</span> <span class='ocrx_word' id='word_1_379' title='bbox 598 2276 652 2291; x_wconf 83' lang='lat' dir='ltr'>esso</span> <span class='ocrx_word' id='word_1_380' title='bbox 668 2271 739 2292; x_wconf 81' lang='lat' dir='ltr'>eletto</span> <span class='ocrx_word' id='word_1_381' title='bbox 755 2271 846 2292; x_wconf 80' lang='lat' dir='ltr'>vicario</span> <span class='ocrx_word' id='word_1_382' title='bbox 866 2271 985 2292; x_wconf 81' lang='lat' dir='ltr'>Generale.</span> 
     </span>
    </p>

    <p class='ocr_par' dir='ltr' id='par_1_10' title="bbox 184 2314 1062 2563">
     <span class='ocr_line' id='line_1_34' title="bbox 237 2314 1058 2341; baseline 0.001 -6"><span class='ocrx_word' id='word_1_383' title='bbox 237 2315 267 2338; x_wconf 45' lang='lat'>(2³</span> <span class='ocrx_word' id='word_1_384' title='bbox 286 2315 316 2335; x_wconf 90' lang='lat' dir='ltr'>Le</span> <span class='ocrx_word' id='word_1_385' title='bbox 331 2314 443 2336; x_wconf 76' lang='lat' dir='ltr'>difficolta</span> <span class='ocrx_word' id='word_1_386' title='bbox 458 2315 600 2341; x_wconf 74' lang='lat' dir='ltr'>finanziarie,</span> <span class='ocrx_word' id='word_1_387' title='bbox 616 2316 638 2336; x_wconf 93' lang='lat' dir='ltr'>in</span> <span class='ocrx_word' id='word_1_388' title='bbox 653 2316 688 2336; x_wconf 88' lang='lat' dir='ltr'>cui</span> <span class='ocrx_word' id='word_1_389' title='bbox 705 2316 822 2336; x_wconf 85' lang='lat' dir='ltr'>trovavasi</span> <span class='ocrx_word' id='word_1_390' title='bbox 839 2316 859 2336; x_wconf 85' lang='lat' dir='ltr'>la</span> <span class='ocrx_word' id='word_1_391' title='bbox 873 2315 934 2337; x_wconf 70' lang='lat' dir='ltr'>Citra</span> <span class='ocrx_word' id='word_1_392' title='bbox 946 2316 967 2336; x_wconf 83' lang='lat' dir='ltr'>di</span> <span class='ocrx_word' id='word_1_393' title='bbox 980 2315 1058 2341; x_wconf 75' lang='lat' dir='ltr'>Pavia,</span> 
     </span>
     <span class='ocr_line' id='line_1_35' title="bbox 184 2359 1061 2385; baseline 0.002 -6"><span class='ocrx_word' id='word_1_394' title='bbox 184 2359 350 2384; x_wconf 81' lang='lat' dir='ltr'>specialmente</span> <span class='ocrx_word' id='word_1_395' title='bbox 365 2364 406 2384; x_wconf 86' lang='lat' dir='ltr'>per</span> <span class='ocrx_word' id='word_1_396' title='bbox 420 2359 449 2385; x_wconf 82' lang='lat' dir='ltr'>gli</span> <span class='ocrx_word' id='word_1_397' title='bbox 465 2360 551 2380; x_wconf 85' lang='lat' dir='ltr'>enormi</span> <span class='ocrx_word' id='word_1_398' title='bbox 568 2360 657 2380; x_wconf 82' lang='lat' dir='ltr'>balzelli</span> <span class='ocrx_word' id='word_1_399' title='bbox 680 2360 774 2385; x_wconf 84' lang='lat' dir='ltr'>imposti</span> <span class='ocrx_word' id='word_1_400' title='bbox 793 2360 830 2380; x_wconf 86' lang='lat' dir='ltr'>dal</span> <span class='ocrx_word' id='word_1_401' title='bbox 847 2360 925 2385; x_wconf 82' lang='lat' dir='ltr'>Duca,</span> <span class='ocrx_word' id='word_1_402' title='bbox 948 2360 966 2381; x_wconf 82' lang='lat' dir='ltr'>si</span> <span class='ocrx_word' id='word_1_403' title='bbox 983 2360 1061 2381; x_wconf 82' lang='lat' dir='ltr'>rende-</span> 
     </span>
     <span class='ocr_line' id='line_1_36' title="bbox 185 2402 1059 2429; baseline 0.001 -6"><span class='ocrx_word' id='word_1_404' title='bbox 185 2408 245 2423; x_wconf 86' lang='lat' dir='ltr'>vano</span> <span class='ocrx_word' id='word_1_405' title='bbox 260 2402 299 2428; x_wconf 78' lang='lat' dir='ltr'>piu</span> <span class='ocrx_word' id='word_1_406' title='bbox 315 2404 383 2424; x_wconf 78' lang='lat' dir='ltr'>acute</span> <span class='ocrx_word' id='word_1_407' title='bbox 399 2409 410 2424; x_wconf 88' lang='lat' dir='ltr'>e</span> <span class='ocrx_word' id='word_1_408' title='bbox 426 2404 516 2429; x_wconf 80' lang='lat' dir='ltr'>pesanti</span> <span class='ocrx_word' id='word_1_409' title='bbox 532 2403 568 2424; x_wconf 87' lang='lat' dir='ltr'>dal</span> <span class='ocrx_word' id='word_1_410' title='bbox 584 2403 644 2425; x_wconf 83' lang='lat' dir='ltr'>fatto</span> <span class='ocrx_word' id='word_1_411' title='bbox 660 2404 700 2424; x_wconf 77' lang='lat' dir='ltr'>elie</span> <span class='ocrx_word' id='word_1_412' title='bbox 716 2404 721 2424; x_wconf 89' lang='lat' dir='ltr'>i</span> <span class='ocrx_word' id='word_1_413' title='bbox 739 2403 820 2425; x_wconf 80' lang='lat' dir='ltr'>Pavesi</span> <span class='ocrx_word' id='word_1_414' title='bbox 840 2410 910 2424; x_wconf 76' lang='lat' dir='ltr'>erano</span> <span class='ocrx_word' id='word_1_415' title='bbox 931 2404 1003 2425; x_wconf 77' lang='lat' dir='ltr'>allora</span> <span class='ocrx_word' id='word_1_416' title='bbox 1019 2405 1059 2425; x_wconf 86' lang='grc'>1111-</span> 
     </span>
     <span class='ocr_line' id='line_1_37' title="bbox 185 2447 1059 2474; baseline 0.002 -7"><span class='ocrx_word' id='word_1_417' title='bbox 185 2447 278 2472; x_wconf 75' lang='lat' dir='ltr'>pegnati</span> <span class='ocrx_word' id='word_1_418' title='bbox 290 2447 348 2468; x_wconf 86' lang='lat' dir='ltr'>nella</span> <span class='ocrx_word' id='word_1_419' title='bbox 359 2447 465 2468; x_wconf 85' lang='lat' dir='ltr'>erezione</span> <span class='ocrx_word' id='word_1_420' title='bbox 476 2447 536 2468; x_wconf 87' lang='lat' dir='ltr'>della</span> <span class='ocrx_word' id='word_1_421' title='bbox 551 2450 636 2473; x_wconf 78' lang='lat' dir='ltr'>troppo</span> <span class='ocrx_word' id='word_1_422' title='bbox 647 2449 749 2474; x_wconf 82' lang='lat' dir='ltr'>superba</span> <span class='ocrx_word' id='word_1_423' title='bbox 760 2448 901 2469; x_wconf 68' lang='lat' dir='ltr'>Cattedrale</span> <span class='ocrx_word' id='word_1_424' title='bbox 913 2448 930 2469; x_wconf 90' lang='grc' dir='ltr'>Α</span> <span class='ocrx_word' id='word_1_425' title='bbox 939 2448 1059 2474; x_wconf 67' lang='lat' dir='ltr'>§opperire</span> 
     </span>
     <span class='ocr_line' id='line_1_38' title="bbox 185 2491 1061 2518; baseline 0.001 -6"><span class='ocrx_word' id='word_1_426' title='bbox 185 2491 228 2512; x_wconf 82' lang='lat' dir='ltr'>alle</span> <span class='ocrx_word' id='word_1_427' title='bbox 244 2497 322 2517; x_wconf 83' lang='lat' dir='ltr'>spese,</span> <span class='ocrx_word' id='word_1_428' title='bbox 337 2492 396 2512; x_wconf 82' lang='lat' dir='ltr'>oure</span> <span class='ocrx_word' id='word_1_429' title='bbox 411 2491 416 2512; x_wconf 89' lang='grc'>1</span> <span class='ocrx_word' id='word_1_430' title='bbox 431 2491 494 2512; x_wconf 87' lang='lat' dir='ltr'>fondi</span> <span class='ocrx_word' id='word_1_431' title='bbox 509 2492 670 2518; x_wconf 83' lang='lat' dir='ltr'>ecclesiastici,</span> <span class='ocrx_word' id='word_1_432' title='bbox 686 2492 790 2513; x_wconf 79' lang='lat' dir='ltr'>concessi</span> <span class='ocrx_word' id='word_1_433' title='bbox 807 2492 843 2513; x_wconf 85' lang='lat' dir='ltr'>dal</span> <span class='ocrx_word' id='word_1_434' title='bbox 860 2492 922 2518; x_wconf 81' lang='lat' dir='ltr'>Papa</span> <span class='ocrx_word' id='word_1_435' title='bbox 934 2493 961 2513; x_wconf 89' lang='lat' dir='ltr'>ei</span> <span class='ocrx_word' id='word_1_436' title='bbox 978 2493 1061 2513; x_wconf 82' lang='lat' dir='ltr'>contri-</span> 
     </span>
     <span class='ocr_line' id='line_1_39' title="bbox 186 2535 1062 2563; baseline 0.001 -7"><span class='ocrx_word' id='word_1_437' title='bbox 186 2536 235 2556; x_wconf 91' lang='lat' dir='ltr'>buti</span> <span class='ocrx_word' id='word_1_438' title='bbox 258 2536 294 2556; x_wconf 83' lang='lat' dir='ltr'>del</span> <span class='ocrx_word' id='word_1_439' title='bbox 316 2535 438 2556; x_wconf 86' lang='lat' dir='ltr'>Cardinale</span> <span class='ocrx_word' id='word_1_440' title='bbox 462 2536 567 2557; x_wconf 80' lang='lat' dir='ltr'>vescovo</span> <span class='ocrx_word' id='word_1_441' title='bbox 583 2542 595 2557; x_wconf 86' lang='lat' dir='ltr'>e</span> <span class='ocrx_word' id='word_1_442' title='bbox 616 2536 651 2557; x_wconf 92' lang='lat' dir='ltr'>del</span> <span class='ocrx_word' id='word_1_443' title='bbox 676 2536 794 2563; x_wconf 83' lang='lat' dir='ltr'>Comune¹</span> <span class='ocrx_word' id='word_1_444' title='bbox 817 2537 941 2558; x_wconf 79' lang='lat' dir='ltr'>servivano</span> <span class='ocrx_word' id='word_1_445' title='bbox 963 2537 984 2557; x_wconf 91' lang='grc'>111</span> <span class='ocrx_word' id='word_1_446' title='bbox 1007 2543 1062 2562; x_wconf 79' lang='lat' dir='ltr'>grau</span> 
     </span>
    </p>
   </div>
   <div class='ocr_carea' id='block_1_6' title="bbox 1112 2137 1993 2519">
    <p class='ocr_par' dir='ltr' id='par_1_11' title="bbox 1112 2137 1992 2384">
     <span class='ocr_line' id='line_1_40' title="bbox 1112 2137 1992 2164; baseline 0.002 -7"><span class='ocrx_word' id='word_1_447' title='bbox 1112 2143 1202 2162; x_wconf 80' lang='lat' dir='ltr'>quenza</span> <span class='ocrx_word' id='word_1_448' title='bbox 1218 2137 1239 2157; x_wconf 86' lang='lat' dir='ltr'>di</span> <span class='ocrx_word' id='word_1_449' title='bbox 1255 2137 1313 2158; x_wconf 73' lang='lat' dir='ltr'>frate</span> <span class='ocrx_word' id='word_1_450' title='bbox 1330 2137 1443 2162; x_wconf 80' lang='lat' dir='ltr'>Mariano,</span> <span class='ocrx_word' id='word_1_451' title='bbox 1459 2139 1507 2161; x_wconf 81' lang='lat' dir='ltr'>elic.</span> <span class='ocrx_word' id='word_1_452' title='bbox 1532 2138 1626 2158; x_wconf 78' lang='lat' dir='ltr'>insieme</span> <span class='ocrx_word' id='word_1_453' title='bbox 1649 2138 1683 2158; x_wconf 80' lang='lat' dir='ltr'>coi</span> <span class='ocrx_word' id='word_1_454' title='bbox 1707 2139 1814 2163; x_wconf 78' lang='lat' dir='ltr'>vantaggi</span> <span class='ocrx_word' id='word_1_455' title='bbox 1830 2139 1954 2164; x_wconf 79' lang='lat' dir='ltr'>spirituali,</span> <span class='ocrx_word' id='word_1_456' title='bbox 1969 2144 1992 2159; x_wconf 58' lang='lat'>21-</span> 
     </span>
     <span class='ocr_line' id='line_1_41' title="bbox 1114 2182 1990 2209; baseline 0.001 -7"><span class='ocrx_word' id='word_1_457' title='bbox 1114 2182 1199 2202; x_wconf 83' lang='lat' dir='ltr'>vrebbe</span> <span class='ocrx_word' id='word_1_458' title='bbox 1210 2182 1356 2208; x_wconf 76' lang='lat' dir='ltr'>caldeggiato</span> <span class='ocrx_word' id='word_1_459' title='bbox 1372 2183 1392 2202; x_wconf 84' lang='lat' dir='ltr'>le</span> <span class='ocrx_word' id='word_1_460' title='bbox 1403 2182 1535 2207; x_wconf 78' lang='lat' dir='ltr'>elargizioni</span> <span class='ocrx_word' id='word_1_461' title='bbox 1549 2188 1588 2208; x_wconf 81' lang='lat' dir='ltr'>per</span> <span class='ocrx_word' id='word_1_462' title='bbox 1599 2182 1612 2202; x_wconf 96' lang='lat' dir='ltr'>il</span> <span class='ocrx_word' id='word_1_463' title='bbox 1625 2183 1815 2208; x_wconf 77' lang='lat' dir='ltr'>proseguimento</span> <span class='ocrx_word' id='word_1_464' title='bbox 1826 2183 1990 2209; x_wconf 76' lang='lat' dir='ltr'>dell&#39;impresa.</span> 
     </span>
     <span class='ocr_line' id='line_1_42' title="bbox 1114 2226 1989 2252; baseline 0.001 -5"><span class='ocrx_word' id='word_1_465' title='bbox 1114 2226 1191 2247; x_wconf 75' lang='lat' dir='ltr'>Aveva</span> <span class='ocrx_word' id='word_1_466' title='bbox 1208 2227 1285 2252; x_wconf 79' lang='lat' dir='ltr'>percio</span> <span class='ocrx_word' id='word_1_467' title='bbox 1302 2232 1341 2252; x_wconf 86' lang='lat' dir='ltr'>per</span> <span class='ocrx_word' id='word_1_468' title='bbox 1358 2232 1438 2247; x_wconf 87' lang='lat' dir='ltr'>mezzo</span> <span class='ocrx_word' id='word_1_469' title='bbox 1454 2227 1489 2247; x_wconf 85' lang='lat' dir='ltr'>dei</span> <span class='ocrx_word' id='word_1_470' title='bbox 1514 2226 1621 2251; x_wconf 75' lang='lat' dir='ltr'>Religiosi</span> <span class='ocrx_word' id='word_1_471' title='bbox 1638 2227 1659 2247; x_wconf 89' lang='grc'>111</span> <span class='ocrx_word' id='word_1_472' title='bbox 1675 2226 1697 2247; x_wconf 82' lang='lat' dir='ltr'>S.</span> <span class='ocrx_word' id='word_1_473' title='bbox 1721 2227 1835 2252; x_wconf 68' lang='lat' dir='ltr'>Agostino</span> <span class='ocrx_word' id='word_1_474' title='bbox 1851 2230 1960 2248; x_wconf 78' lang='lat' dir='ltr'>ottenuto</span> <span class='ocrx_word' id='word_1_475' title='bbox 1977 2228 1989 2247; x_wconf 84' lang='lat' dir='ltr'>il</span> 
     </span>
     <span class='ocr_line' id='line_1_43' title="bbox 1115 2270 1990 2295; baseline 0.002 -5"><span class='ocrx_word' id='word_1_476' title='bbox 1115 2276 1235 2295; x_wconf 79' lang='lat' dir='ltr'>permesso</span> <span class='ocrx_word' id='word_1_477' title='bbox 1251 2270 1272 2291; x_wconf 90' lang='lat' dir='ltr'>di</span> <span class='ocrx_word' id='word_1_478' title='bbox 1290 2271 1407 2291; x_wconf 78' lang='lat' dir='ltr'>Lodovico</span> <span class='ocrx_word' id='word_1_479' title='bbox 1423 2271 1436 2290; x_wconf 92' lang='grc'>11</span> <span class='ocrx_word' id='word_1_480' title='bbox 1453 2270 1521 2291; x_wconf 86' lang='lat' dir='ltr'>Moro</span> <span class='ocrx_word' id='word_1_481' title='bbox 1543 2276 1554 2291; x_wconf 88' lang='lat' dir='ltr'>e</span> <span class='ocrx_word' id='word_1_482' title='bbox 1571 2270 1630 2291; x_wconf 80' lang='lat' dir='ltr'>fatto</span> <span class='ocrx_word' id='word_1_483' title='bbox 1655 2271 1742 2292; x_wconf 79' lang='lat' dir='ltr'>ricorso</span> <span class='ocrx_word' id='word_1_484' title='bbox 1758 2277 1769 2291; x_wconf 81' lang='lat' dir='ltr'>a</span> <span class='ocrx_word' id='word_1_485' title='bbox 1795 2271 1853 2292; x_wconf 78' lang='lat' dir='ltr'>frate</span> <span class='ocrx_word' id='word_1_486' title='bbox 1869 2271 1990 2295; x_wconf 78' lang='lat' dir='ltr'>Mariano.</span> 
     </span>
     <span class='ocr_line' id='line_1_44' title="bbox 1113 2315 1991 2341; baseline 0.001 -6"><span class='ocrx_word' id='word_1_487' title='bbox 1113 2315 1154 2335; x_wconf 79' lang='lat' dir='ltr'>elie</span> <span class='ocrx_word' id='word_1_488' title='bbox 1170 2320 1243 2335; x_wconf 78' lang='lat' dir='ltr'>aveva</span> <span class='ocrx_word' id='word_1_489' title='bbox 1258 2316 1376 2335; x_wconf 80' lang='lat' dir='ltr'>accetlato</span> <span class='ocrx_word' id='word_1_490' title='bbox 1392 2315 1495 2335; x_wconf 68' lang='lat' dir='ltr'>l&#39;invito⁴</span> <span class='ocrx_word' id='word_1_491' title='bbox 1512 2315 1568 2335; x_wconf 81' lang='lat' dir='ltr'>Vedi</span> <span class='ocrx_word' id='word_1_492' title='bbox 1591 2315 1604 2335; x_wconf 92' lang='lat' dir='ltr'>il</span> <span class='ocrx_word' id='word_1_493' title='bbox 1628 2315 1768 2336; x_wconf 86' lang='lat' dir='ltr'>documento</span> <span class='ocrx_word' id='word_1_494' title='bbox 1791 2315 1826 2336; x_wconf 84' lang='lat' dir='ltr'>del</span> <span class='ocrx_word' id='word_1_495' title='bbox 1848 2316 1875 2336; x_wconf 83' lang='lat'>30</span> <span class='ocrx_word' id='word_1_496' title='bbox 1893 2316 1991 2341; x_wconf 70' lang='lat' dir='ltr'>genunio</span> 
     </span>
     <span class='ocr_line' id='line_1_45' title="bbox 1116 2359 1473 2384; baseline 0.003 -5"><span class='ocrx_word' id='word_1_497' title='bbox 1116 2365 1127 2379; x_wconf 90' lang='lat' dir='ltr'>e</span> <span class='ocrx_word' id='word_1_498' title='bbox 1144 2359 1220 2384; x_wconf 88' lang='lat' dir='ltr'>quello</span> <span class='ocrx_word' id='word_1_499' title='bbox 1236 2359 1271 2379; x_wconf 87' lang='lat' dir='ltr'>del</span> <span class='ocrx_word' id='word_1_500' title='bbox 1287 2360 1311 2379; x_wconf 89' lang='lat'>27</span> <span class='ocrx_word' id='word_1_501' title='bbox 1327 2359 1399 2384; x_wconf 85' lang='lat' dir='ltr'>aprile</span> <span class='ocrx_word' id='word_1_502' title='bbox 1417 2360 1473 2380; x_wconf 70' lang='lat'>1495.</span> 
     </span>
    </p>

    <p class='ocr_par' dir='ltr' id='par_1_12' title="bbox 1115 2404 1993 2519">
     <span class='ocr_line' id='line_1_46' title="bbox 1165 2404 1991 2430; baseline 0 -6"><span class='ocrx_word' id='word_1_503' title='bbox 1165 2404 1194 2427; x_wconf 69' lang='grc'>(31</span> <span class='ocrx_word' id='word_1_504' title='bbox 1213 2404 1227 2424; x_wconf 92' lang='grc'>11</span> <span class='ocrx_word' id='word_1_505' title='bbox 1244 2404 1352 2430; x_wconf 84' lang='lat' dir='ltr'>Capitolo</span> <span class='ocrx_word' id='word_1_506' title='bbox 1368 2404 1427 2424; x_wconf 83' lang='lat' dir='ltr'>della</span> <span class='ocrx_word' id='word_1_507' title='bbox 1444 2404 1633 2430; x_wconf 74' lang='lat' dir='ltr'>Cougregnzione</span> <span class='ocrx_word' id='word_1_508' title='bbox 1656 2404 1774 2425; x_wconf 79' lang='lat' dir='ltr'>lombarda</span> <span class='ocrx_word' id='word_1_509' title='bbox 1793 2405 1828 2425; x_wconf 80' lang='lat' dir='ltr'>del</span> <span class='ocrx_word' id='word_1_510' title='bbox 1847 2406 1904 2430; x_wconf 70' lang='lat'>1490,</span> <span class='ocrx_word' id='word_1_511' title='bbox 1919 2406 1960 2426; x_wconf 81' lang='lat' dir='ltr'>elie</span> <span class='ocrx_word' id='word_1_512' title='bbox 1979 2405 1991 2424; x_wconf 82' lang='lat' dir='ltr'>il</span> 
     </span>
     <span class='ocr_line' id='line_1_47' title="bbox 1115 2448 1993 2474; baseline 0.002 -6"><span class='ocrx_word' id='word_1_513' title='bbox 1115 2448 1218 2469; x_wconf 88' lang='lat' dir='ltr'>Comune</span> <span class='ocrx_word' id='word_1_514' title='bbox 1234 2449 1252 2468; x_wconf 85' lang='lat' dir='ltr'>si</span> <span class='ocrx_word' id='word_1_515' title='bbox 1268 2448 1387 2474; x_wconf 78' lang='lat' dir='ltr'>lusingava</span> <span class='ocrx_word' id='word_1_516' title='bbox 1403 2448 1422 2468; x_wconf 82' lang='lat' dir='ltr'>si</span> <span class='ocrx_word' id='word_1_517' title='bbox 1438 2449 1536 2469; x_wconf 83' lang='lat' dir='ltr'>sarebbe</span> <span class='ocrx_word' id='word_1_518' title='bbox 1552 2450 1633 2469; x_wconf 79' lang='lat' dir='ltr'>lenuto</span> <span class='ocrx_word' id='word_1_519' title='bbox 1649 2449 1670 2469; x_wconf 90' lang='lat' dir='ltr'>in</span> <span class='ocrx_word' id='word_1_520' title='bbox 1687 2448 1756 2469; x_wconf 80' lang='lat' dir='ltr'>Pavia</span> <span class='ocrx_word' id='word_1_521' title='bbox 1769 2466 1774 2473; x_wconf 92' lang='grc'>,</span> <span class='ocrx_word' id='word_1_522' title='bbox 1796 2448 1818 2469; x_wconf 82' lang='lat' dir='ltr'>fu</span> <span class='ocrx_word' id='word_1_523' title='bbox 1841 2449 1920 2470; x_wconf 83' lang='lat' dir='ltr'>invece</span> <span class='ocrx_word' id='word_1_524' title='bbox 1935 2450 1993 2470; x_wconf 80' lang='lat' dir='ltr'>cele--</span> 
     </span>
     <span class='ocr_line' id='line_1_48' title="bbox 1117 2493 1666 2519; baseline 0 -6"><span class='ocrx_word' id='word_1_525' title='bbox 1117 2493 1182 2513; x_wconf 62' lang='lat' dir='ltr'>braio</span> <span class='ocrx_word' id='word_1_526' title='bbox 1199 2493 1219 2513; x_wconf 91' lang='grc'>111</span> <span class='ocrx_word' id='word_1_527' title='bbox 1236 2493 1337 2513; x_wconf 60' lang='lat' dir='ltr'>Feriaxa.</span> <span class='ocrx_word' id='word_1_528' title='bbox 1354 2493 1410 2514; x_wconf 83' lang='lat' dir='ltr'>Vedi</span> <span class='ocrx_word' id='word_1_529' title='bbox 1427 2493 1542 2519; x_wconf 74' lang='lat' dir='ltr'>TORELLl,</span> <span class='ocrx_word' id='word_1_530' title='bbox 1559 2493 1604 2518; x_wconf 83' lang='lat' dir='ltr'>vll,</span> <span class='ocrx_word' id='word_1_531' title='bbox 1620 2494 1666 2514; x_wconf 76' lang='lat'>390.</span> 
     </span>
    </p>
   </div>
  </div>
 </body>
</html>
