2347 3444
1915 171 1957 203 35

960 378 1133 420 CLXI.

235 497 431 534 Quietanza
457 497 608 526 d'affitto
633 497 838 526 rilaseciata
864 507 884 526 a
910 498 998 526 frate
1023 497 1208 526 Albertino
1234 498 1358 534 Crespi
1384 498 1506 527 Priore
1532 499 1566 527 di
1592 499 1627 527 S.
1655 499 1836 528 Mostiola.

743 621 881 651 1415,
910 622 1168 645 sett0121b
1176 627 1248 651 re,
1278 620 1354 645 18.

715 707 781 731 (Bibl.
799 708 865 729 Univ.
882 708 903 729 di
921 707 998 729 Pavia.
1016 719 1039 722 —-
1054 708 1101 729 Atti
1118 708 1139 729 di
1156 708 1283 729 Albertollo
1299 708 1380 732 011111)Δ

383 861 384 881 l

221 900 330 1017 O
388 917 573 945 ΤΤΟΒΟΝΟ
600 913 720 946 Saccln·
754 915 874 946 abbate
899 915 934 946 cli
957 915 989 947 S.
1017 914 1196 951 Salvatore,
1224 924 1244 946 a
1268 924 1363 946 nome
1388 915 1441 946 del
1463 924 1523 946 suo
1549 918 1743 952 monastero,
1772 917 1955 948 confessus

409 985 447 1008 ac
474 978 680 1016 protestatus
717 977 776 1008 fuit
803 979 833 1008 et
859 980 909 1008 est
947 986 1065 1009 versus
1101 977 1233 1009 fratrem
1272 976 1480 1008 Albertinuin
1507 978 1548 1008 de
1575 975 1707 1018 Crispis
1732 976 1782 1017 (1)
1809 978 1955 1010 Priorem

218 1073 233 1074 ἶ
408 1041 439 1070 et
465 1041 715 1078 procuratorem
742 1042 929 1070 conventus
956 1039 989 1071 S.
1019 1039 1202 1071 Ernustiole
1244 1039 1347 1080 Papie
1388 1039 1526 1071 Ordinis
1568 1040 1809 1071 Herernitarurn
1849 1041 1955 1072 sancti

144 1099 335 1140 Augustini,
362 1109 398 1131 se
423 1101 465 1131 al)
491 1101 607 1132 eodeni
635 1100 747 1132 Priore
774 1104 804 1132 ct
832 1105 1045 1141 procuratore
1051 1127 1112 1132 ......
1140 1103 1300 1133 habuisse
1327 1102 1456 1133 solidos
1483 1103 1616 1142 triginta
1645 1102 1857 1133 denariorum
1898 1103 1955 1133 bo-

143 1171 259 1193 norum
299 1163 522 1202 papiensium,
550 1172 609 1203 pro
636 1164 711 1194 licto
738 1164 836 1194 unius
862 1165 938 1195 anni
967 1174 1061 1204 prox.
1089 1167 1170 1204 pret.
1198 1165 1278 1195 liniti
1299 1164 1433 1196 infesto
1466 1163 1498 1196 S.
1523 1164 1691 1196 Martini...
1726 1165 1816 1205 quod
1845 1166 1955 1196 lictum

142 1226 330 1255 conventus
356 1225 520 1256 dictorum
548 1225 696 1256 Fratrum
723 1229 838 1257 sancte
866 1227 1026 1258 Mustiole
1052 1227 1131 1258 dant
1157 1230 1188 1258 et
1214 1227 1356 1258 reddunt
1383 1227 1473 1258 dicto
1500 1227 1703 1258 monasterio
1722 1237 1781 1267 pro
1796 1230 1886 1258 certo
1905 1237 1958 1259 se-

142 1286 266 1318 dimine
293 1287 405 1327 posito
432 1288 462 1318 in
490 1287 594 1328 Papia
622 1288 652 1318 in
680 1287 778 1319 Porta
805 1288 979 1320 Palaceusi
1009 1290 1039 1319 in
1067 1288 1229 1320 Paroehia
1271 1290 1376 1320 saneti
1404 1289 1568 1330 Nicholay
1593 1290 1634 1320 de
1662 1289 1827 1327 Ver-zario,
1865 1290 1955 1330 quod

141 1350 253 1380 tenent
279 1349 320 1380 ad
348 1349 459 1381 fictum
485 1359 503 1381 a
529 1350 619 1381 dicto
646 1351 858 1382 monasterio.

944 1534 1143 1574 CLXII.

232 1650 336 1678 Frate
362 1650 534 1679 Giacomo
560 1651 605 1678 da
632 1651 798 1679 Pomario
824 1651 1029 1686 eremitano,
1062 1651 1276 1680 vicedecano
1302 1652 1358 1680 del
1392 1652 1550 1688 Collegio
1575 1654 1763 1690 teologico‚
1791 1655 1907 1684 riceve
1922 1655 1956 1683 in

143 1711 227 1731 esso
254 1712 298 1731 un
324 1703 507 1739 Religioso
532 1704 709 1733 minorita.

793 1800 934 1832 1416,
963 1802 1121 1826 otton)
1127 1808 1201 1833 re,
1230 1802 1308 1826 19.

718 1888 785 1911 (Bibl.
803 1888 868 1909 Univ.
885 1889 906 1909 di
924 1888 993 1910 Pavia
1009 1901 1034 1903 —
1050 1889 1096 1911 Atti
1113 1890 1134 1911 di
1151 1890 1270 1912 Albertolo
1286 1890 1367 1916 Grilfi).

380 2083 430 2117 El„
455 2085 605 2118 Palazzo
638 2087 810 2123 Vescovile,
839 2087 906 2118 alla
927 2096 1088 2127 presenza
1113 2088 1148 2119 di
1170 2087 1309 2119 Michele
1337 2087 1506 2120 Carimani
1529 2099 1545 2120 e
1570 2090 1605 2120 di
1638 2088 1805 2121 Giovamzi
1836 2090 1956 2123 Scara-

208 2079 328 2195 N
409 2150 492 2186 belli,
522 2150 633 2181 vicarii
657 2149 710 2180 del
740 2150 882 2181 Vescovo
908 2150 943 2181 cli
966 2149 1072 2181 Ριινίιι
1097 2149 1206 2182 Ρίρΐιό
1234 2150 1358 2187 Gnissi,
1386 2151 1478 2191 quali
1503 2152 1756 2184 vicecancellieri
1779 2153 1855 2184 dell'
1876 2154 1955 2186 Uni-

166 2252 316 2254 rrrrrr
317 2252 372 2254 -
410 2215 537 2252 versitci,
564 2212 750 2246 Reverendi
778 2214 890 2252 patres
916 2212 1073 2243 dominus
1099 2212 1198 2244 frater
1224 2213 1366 2245 lacobus
1392 2214 1433 2245 de
1459 2213 1614 2245 Pornario
1640 2214 1778 2247 Ordinis
1805 2216 1955 2248 Heremi-

141 2282 247 2311 tarum
273 2279 379 2311 sancti
406 2277 597 2318 Augustini,
624 2276 654 2306 in
682 2284 777 2307 sacra
804 2275 971 2315 theologia
998 2275 1165 2315 magister,
1185 2276 1411 2307 vicedecanus
1431 2274 1571 2317 Collegii
1599 2278 1832 2318 magistrorum
1859 2288 1954 2311 sacre

142 2341 309 2382 theologie
335 2341 434 2372 huius
460 2339 580 2377 Studii,
607 2341 637 2370 et
663 2338 820 2369 dominus
855 2337 953 2368 frater
990 2336 1157 2369 Antonius
1182 2338 1223 2369 de
1250 2337 1446 2369 Frascarolo
1483 2338 1621 2370 Ordinis
1651 2339 1820 2371 Minoruin
1847 2342 1953 2372 saneti

144 2403 347 2441 Francischi,
372 2403 470 2434 etiarn
497 2403 528 2433 in
555 2410 650 2433 sacra
676 2400 846 2440 theologia
884 2400 1051 2439 magister,
1088 2399 1244 2431 fatientes
1270 2400 1311 2431 ad
1339 2409 1479 2440 presens
1507 2403 1610 2432 toturn
1649 2402 1813 2443 colegiuni
1852 2404 1956 2444 inagi—

144 2467 287 2497 strorum
313 2473 407 2496 sacre
433 2464 601 2505 theologie
628 2463 659 2494 in
686 2463 820 2494 civitate
858 2461 962 2502 Papie
1000 2462 1227 2499 existentium,
1265 2471 1339 2493 cuni
1367 2471 1431 2493 non
1459 2463 1524 2494 sint
1550 2464 1603 2494 alii
1632 2464 1780 2504 magistri
1808 2465 1838 2495 in
1865 2465 1954 2497 dieta

144 2528 278 2559 civitate
302 2527 503 2567 incorporati
531 2526 572 2557 acl
599 2533 741 2566 presens
767 2525 798 2555 in
826 2523 931 2564 Papia
957 2522 1017 2562 (2),
1043 2524 1225 2555 inscrivono
1250 2524 1303 2555 nel
1334 2524 1474 2565 collegio
1500 2525 1554 2556 a'ei
1576 2526 1701 2566 teologi
1724 2527 1844 2558 dottorl
1867 2527 1952 2559 dello

141 2588 256 2622 Studio
281 2589 316 2620 di
338 2588 444 2620 Ρανῖα
462 2587 552 2629 frate
577 2587 686 2619 Pietro
717 2587 806 2618 Torti
829 2587 863 2618 di
889 2585 1108 2618 Castelnuovo
1134 2585 1335 2618 clell'Ordt'ne
1360 2586 1414 2618 dei
1436 2588 1562 2619 minori.

199 2746 228 2770 (1)
244 2747 363 2767 Albertino
378 2746 468 2772 Crespi,
491 2746 569 2767 nativo
591 2751 636 2766 non
652 2745 673 2766 di
691 2745 770 2770 pavia,
796 2750 830 2765 rna
847 2745 882 2765 del
905 2744 1021 2764 territorio
1077 2743 1128 2764 ilinc
1144 2744 1215 2764 eletio
1231 2749 1243 2764 a
1260 2749 1396 2765 successore
1412 2745 1470 2765 nella
1487 2744 1607 2771 Reggenza
1623 2746 1683 2766 dello
1699 2745 1782 2767 Studio
1798 2746 1819 2767 di
1837 2746 1905 2767 Pavia
1921 2748 1951 2767 al>

146 2791 264 2817 milanese,
279 2791 291 2812 e
307 2791 352 2812 tale
374 2796 440 2812 nome
462 2791 564 2817 glorioso
585 2796 625 2816 per
641 2790 654 2810 il
670 2796 713 2811 suo
735 2790 833 2815 ingegno
849 2795 860 2810 e
876 2794 916 2814 per
939 2789 957 2809 le
980 2794 1021 2808 suc
1077 2787 1152 2808 l'altro
1167 2787 1257 2808 iamoso
1273 2787 1424 2813 Agostiniano
1439 2788 1498 2809 frate
1513 2788 1625 2810 Giovanui
1642 2789 1717 2811 Rocco
1734 2790 1807 2811 Porzi.

146 2835 214 2860 virtu,
226 2835 255 2856 da
266 2835 407 2861 risplcndere
422 2840 487 2856 corne
503 2841 548 2856 uno
559 2835 595 2856 dei
606 2834 644 2860 piu
660 2835 742 2859 insigni
754 2834 892 2860 agostiniani
909 2838 952 2854 non
968 2833 1018 2853 solo
1127 2832 1156 2856 (2)
1171 2831 1213 2853 Cio
1229 2832 1340 2853 dimostra
1356 2838 1420 2853 corne
1436 2833 1455 2854 le
1471 2833 1600 2854 condizioni
1616 2834 1802 2856 dcll'Universna
1820 2836 1951 2856 continuas-

146 2879 168 2900 in
184 2879 261 2905 Pavia,
278 2885 313 2900 ma
325 2880 346 2900 in
362 2881 424 2900 tutto
439 2879 549 2900 l'Ordine.
562 2879 628 2900 llche
639 2878 747 2905 apparirii
758 2878 794 2899 dai
806 2878 878 2899 nostri
888 2877 1019 2898 documenti
1075 2882 1127 2897 sero
1145 2876 1173 2897 ad
1191 2882 1268 2897 essere
1291 2877 1432 2903 tristissime,
1455 2877 1556 2898 sebbene
1579 2878 1668 2904 Filippo
1693 2879 1767 2899 Maria
1789 2879 1891 2900 Viscnnti
1915 2880 1950 2900 nel

146 2923 280 2944 successivi.
296 2922 339 2948 Qui
355 2923 457 2944 notiamo
473 2924 584 2950 solfflnto,
600 2929 665 2944 come
681 2922 782 2944 riterisce
804 2922 817 2943 il
840 2922 955 2947 TORELM,
977 2922 1022 2941 vol*
1081 2921 1152 2941 14122
1163 2920 1198 2941 nel
1217 2921 1266 2942 1415
1280 2926 1362 2942 avesse
1378 2923 1485 2943 emanato
1500 2922 1594 2948 speciali
1613 2923 1796 2948 provvedimenu
1809 2929 1848 2949 ner
1864 2926 1951 2944 restau-

146 2967 183 2993 Vl,
199 2973 251 2993 pag.
267 2967 314 2993 556,
329 2968 370 2989 che
386 2967 444 2989 irate
458 2967 578 2989 Alberllno
593 2968 628 2989 nel
645 2968 695 2988 1424
710 2967 733 2988 iu
749 2967 785 2988 dal
802 2967 912 2988 Gener-ale
923 2965 1019 2987 dell'Or-
1074 2965 1140 2986 rarla.
