2347 3444
1879 193 1921 225 53

113 333 262 365 gnemur,
288 332 471 356 concessas
497 323 574 355 olim
601 324 650 355 eis
675 332 734 364 per
759 323 919 355 illustrem
957 330 1090 362 semper
1126 322 1302 353 recolende
1329 323 1487 354 memorie
1525 324 1693 355 dominam
1728 325 1919 364 genitricem

114 386 284 426 quondam
311 387 458 417 nostram
483 388 514 417 et
541 394 602 416 nos
629 386 733 425 ipsos,
760 385 885 416 litteras
911 384 1035 416 tenoris
1061 383 1215 424 proxime
1242 384 1484 424 subsequentis
1511 386 1688 417 videlieet:

204 447 360 486 Ducissa‚
386 450 446 479 etc.
472 445 575 487 (Vedi
597 447 667 479 doc.
693 447 747 478 del
773 447 813 479 19
836 455 947 478 marzo
976 446 1067 482 1403,
1094 454 1126 477 η.
1156 444 1298 485 CXLII).

205 509 364 541 Volentes
401 510 499 541 dictis
536 509 808 550 supplicantibus
835 509 866 540 in
893 509 955 540 hoc
991 508 1137 549 gratiose
1175 509 1396 548 complacere,
1434 511 1499 540 tam
1538 511 1571 541 ut
1597 510 1820 541 observemus
1859 511 1921 541 iam

115 581 289 609 concessa,
316 581 415 613 quam
434 572 478 603 ob
496 571 698 612 singularem
717 571 936 603 reverentiam
955 573 986 602 et
1004 571 1230 608 devotionem,
1245 580 1345 611 quam
1372 571 1413 602 ad
1442 572 1673 603 beatissimum
1694 572 1919 613 Augustinum

117 642 251 674 semper
287 635 467 675 gessimus,
483 634 598 665 harum
615 633 710 669 serie,
736 642 778 664 ex
805 635 891 665 certa
907 633 1047 664 scientia
1073 634 1104 664 et
1129 633 1170 664 de
1184 634 1296 664 nostre
1312 633 1520 673 plenitudine
1552 635 1741 674 potestatis,
1771 643 1809 665 ac
1836 634 1924 665 omni

117 697 228 734 modo,
255 698 334 734 iure,
362 697 425 733 via,
445 704 548 727 causa
563 698 593 726 et
608 695 712 726 forma
728 696 852 735 quibus
869 696 987 727 melius
1001 698 1032 727 et
1047 695 1193 726 validius
1209 704 1403 735 possumus,
1420 696 1588 736 predictas
1604 696 1740 733 litteras,
1759 706 1797 727 ac
1815 697 1926 727 omnia

116 761 147 791 et
172 759 304 800 singula
330 759 361 790 in
387 759 435 790 eis
461 760 616 789 contenta
643 760 673 789 et
699 766 875 797 expressa,
901 758 942 789 de
969 759 1072 789 verbo
1097 758 1138 789 ad
1166 758 1304 789 verbum
1331 760 1429 798 prout
1456 758 1574 796 iacent,
1608 759 1857 795 confirmamus,
1878 768 1928 789 ra-

117 822 290 853 cificamus
315 823 345 852 et
370 820 611 861 approbamus,
638 829 764 860 easque
790 822 821 851 et
847 829 885 851 ea
911 820 951 851 de
978 829 1066 851 novo
1092 820 1309 851 concedimus
1334 829 1372 851 ac
1399 820 1439 851 de
1466 829 1555 851 novo
1581 830 1744 852 concessa
1764 830 1839 852 esse
1867 830 1925 851 vo—

118 884 239 919 lumus,
275 883 488 915 decernimus
514 884 544 913 et
572 883 737 913 iubemus.
776 882 978 914 Mandantes
1020 883 1188 913 universis
1225 884 1255 913 et
1292 882 1435 923 singulis
1472 882 1676 914 officialibus
1702 885 1732 914 et
1759 883 1926 914 subdietis

118 946 241 977 nostris
268 945 481 985 presentibus
506 946 537 975 et
564 944 692 980 futuris,
720 944 761 975 ad
788 953 874 984 quos
901 946 1030 984 spectat
1055 946 1086 976 et
1112 944 1289 985 spectabit,
1316 946 1483 984 quatenus
1504 945 1772 985 ‘suprascriptas
1799 945 1925 976 litteras

117 1016 299 1047 earumque
324 1008 471 1038 tenorem
498 1008 529 1037 et
555 1006 718 1044 effectum,
744 1015 782 1037 ac
799 1007 858 1037 has
874 1007 1138 1038 confirmationis
1156 1008 1187 1038 et
1206 1015 1291 1037 nove
1317 1007 1550 1038 concessionis
1570 1007 1729 1047 ipsarum,
1748 1007 1929 1038 observent

117 1071 147 1100 et
173 1070 384 1108 exequantur
409 1076 446 1098 ac
472 1068 644 1099 observari
671 1070 702 1099 et
727 1069 918 1099 executioni
947 1069 1095 1100 mandari
1135 1068 1258 1100 faciant
1296 1069 1430 1109 penitus
1457 1071 1488 1100 et
1513 1069 1650 1099 omnino
1687 1069 1845 1109 omnique
1872 1078 1930 1100 ex-

117 1131 271 1171 ceptione
297 1133 328 1162 et
354 1130 617 1161 contradictione
644 1132 779 1167 remota,
806 1130 870 1161 sub
896 1131 1136 1170 indignationis
1152 1133 1263 1162 nostre
1289 1140 1375 1171 pena
1393 1128 1453 1170 (l).
1481 1130 1513 1162 In
1540 1140 1682 1171 quorum
1701 1131 1929 1162 testimonium

119 1195 293 1234 presentes
319 1193 388 1224 fieri
415 1192 577 1223 iussimus
602 1194 632 1223 et
658 1193 838 1233 registrari,
876 1193 1049 1233 nostrique
1086 1192 1186 1233 sigilli
1225 1193 1406 1224 munimine
1443 1193 1603 1224 roborari.
1630 1192 1705 1224 Dat.
1733 1193 1929 1231 Mediolani,

118 1255 171 1287 die
198 1255 457 1296 vigesimonono
495 1254 648 1292 Ianuarii,
674 1252 851 1286 MCCCC⁰
877 1255 1180 1295 trigesimoquintO,
1217 1255 1446 1286 tertiadecima
1484 1255 1676 1286 indictione.
1705 1255 1924 1287 Franchinus.

119 1316 287 1349 Urbanus.

920 1438 1141 1479 CXCIV.

210 1556 453 1592 Disposizioni
477 1556 742 1584 testamentarie
769 1556 824 1584 del
850 1556 929 1584 nob.
957 1556 1139 1584 Marehino
1165 1556 1284 1584 Pietra
1310 1565 1329 1584 a
1355 1556 1475 1584 favore
1501 1556 1535 1584 di
1562 1556 1596 1584 S.
1624 1556 1806 1585 Mostiola.

791 1679 945 1709 1433,
977 1679 1176 1710 aprile,
1209 1678 1256 1704 7.

661 1776 737 1799 (Arcti⁴
755 1776 835 1797 Notar.
852 1776 873 1796 di
890 1776 959 1797 Pavia
976 1787 999 1789 —
1016 1776 1063 1797 Atti
1079 1775 1101 1796 di
1117 1776 1229 1801 Agostino
1247 1775 1373 1800 Saraceni).

363 1987 386 2013 Ν
412 1981 527 2022 Papia,
555 1982 711 2013 videlicet
737 1983 768 2012 in
796 1982 868 2013 loco
894 1980 1085 2022 Capituli...
1112 1982 1255 2013 ecclesie
1281 1985 1396 2014 sancte
1423 1982 1607 2020 Mustiolle,
1645 1983 1756 2023 posito
1783 1983 1813 2013 in
1840 1983 1932 2014 clau-

355 2064 356 2080 ,
384 2046 452 2075 stro
477 2044 565 2075 dicte
591 2044 734 2075 ecclesie
761 2044 791 2074 in
819 2043 918 2075 Porta
944 2043 1120 2076 Palacensi
1147 2045 1178 2077 in
1205 2045 1369 2077 Parochia
1387 2043 1650 2077 S.*Columbani.
1676 2045 1928 2077 Testamentum

165 2141 169 2142 ⁷
333 2141 349 2142 Π
384 2106 507 2137 nobilis
533 2106 594 2136 viri
621 2105 662 2136 D.
690 2106 856 2137 Marcnini
883 2115 924 2137 ex
952 2106 1135 2137 nobillibus
1161 2107 1202 2138 de
1229 2105 1326 2137 Petra
1353 2106 1373 2137 t.
1400 2115 1430 2146 q.
1457 2105 1497 2137 D.
1523 2105 1657 2138 Olivi....
1688 2106 1790 2147 elligit
1817 2106 1931 2146 sepul-

119 2170 224 2200 turam
251 2177 346 2200 suam
373 2169 403 2199 in
430 2168 575 2200 ecclesia
601 2170 716 2199 sancte
742 2168 915 2199 Mustiolle
942 2167 1045 2208 papie
1071 2170 1103 2199 et
1128 2169 1159 2199 in
1186 2168 1316 2208 capella
1343 2177 1474 2209 magna,
1511 2178 1576 2208 que
1602 2171 1652 2200 est
1678 2169 1850 2199 nobillium
1888 2168 1929 2199 de

119 2230 226 2268 Petra,
253 2231 304 2262 cui
330 2230 469 2271 capelle,
495 2239 555 2271 pro
582 2232 777 2261 ornamento
804 2231 911 2271 ipsius
937 2230 1076 2270 capelle,
1102 2232 1157 2261 aut
1183 2230 1431 2262 convertendos
1458 2231 1488 2261 in
1517 2240 1616 2261 unum
1637 2230 1788 2268 Missale,
1815 2232 1871 2261 aut
1897 2230 1927 2261 in

120 2293 332 2333 paramentis,
359 2294 414 2324 aut
440 2293 470 2323 in
497 2293 662 2324 calicibus
688 2292 833 2329 duobus,
860 2301 918 2323 seu
946 2301 1012 2323 uno
1038 2292 1152 2330 calice,
1179 2294 1235 2324 aut
1261 2293 1291 2323 in
1311 2292 1403 2333 pingi
1430 2292 1586 2324 faciendo
1604 2293 1726 2323 dictam
1753 2292 1928 2332 capellam,

120 2357 176 2386 aut
201 2355 268 2386 fieri
295 2354 449 2386 faciendo
476 2364 575 2386 unam
602 2354 768 2392 ferratam,
795 2355 887 2386 iuxta
920 2355 1155 2385 descritionem
1182 2356 1212 2386 et
1238 2355 1478 2386 conscientiam
1516 2354 1642 2386 domini
1680 2354 1806 2385 Prioris
1842 2354 1930 2386 dicte

121 2416 262 2447 ecclesie
288 2419 318 2448 et
345 2417 443 2448 unius
468 2426 508 2448 ex
536 2417 814 2457 prossimioribus
840 2416 1037 2456 parentibus
1064 2417 1171 2456 ipsius
1198 2415 1237 2447 D.
1265 2416 1462 2454 Testatoris,
1489 2417 1545 2448 dat
1570 2419 1601 2448 et
1627 2417 1714 2457 legat
1740 2417 1843 2448 libras
1875 2425 1931 2448 oc-

121 2478 269 2518 tuaginta
296 2478 454 2519 imperial.
481 2488 566 2519 quas
593 2479 662 2510 dari
691 2479 759 2510 vult
778 2481 808 2510 et
828 2479 963 2510 mandat
988 2479 1167 2519 agentibus
1193 2487 1252 2518 pro
1278 2479 1366 2510 dicta
1385 2478 1528 2510 ecclesia
1548 2481 1661 2509 sancte
1681 2478 1853 2510 Mustiolle
1872 2487 1931 2518 per

122 2539 351 2580 infrascriptos
377 2541 449 2572 eius
475 2542 617 2573 heredes
645 2541 864 2578 universales,
890 2544 953 2572 etc.
980 2541 1045 2572 Fra
1070 2541 1081 2572 i
1105 2541 1269 2572 testimoni
1292 2550 1397 2572 sono:
1438 2541 1612 2572 reverendi
1650 2543 1681 2572 et
1719 2541 1930 2572 venerabiles

122 2602 181 2632 viri
208 2602 331 2633 domini
358 2603 516 2643 magister
540 2603 698 2634 Albertus
724 2603 765 2634 de
791 2601 923 2643 Crispis
949 2612 1043 2634 sacre
1071 2603 1191 2643 pagine
1218 2603 1400 2643 professor,
1427 2603 1624 2634 Laurentius
1650 2603 1691 2634 de
1717 2602 1811 2634 Biffis
1838 2602 1931 2634 Prior

121 2664 206 2695 etde
221 2662 396 2696 Conventu
415 2667 530 2697 sancte
549 2665 722 2697 Mustiolle
738 2665 842 2706 Papie
861 2664 999 2697 Ordinis
1014 2665 1163 2696 Fratrum
1184 2665 1424 2697 Heremitarum
1440 2666 1546 2697 sancti
1563 2665 1741 2707 Augustini
1757 2666 1798 2697 de
1814 2665 1929 2706 Papia.

178 2838 206 2861 (i)
221 2838 310 2862 Questo
325 2839 441 2864 periodico
456 2843 468 2860 e
482 2842 588 2861 costante
604 2841 710 2866 ripefersi
726 2841 784 2865 degli
800 2841 842 2861 :itti
858 2840 879 2860 di
902 2846 995 2861 conces·
1051 2842 1166 2865 prezzate.
1189 2840 1220 2860 Ed
1236 2840 1248 2860 ὲ
1263 2846 1354 2865 sempre
1376 2840 1449 2865 degna
1465 2840 1486 2861 di
1503 2842 1557 2861 nota
1573 2841 1592 2861 la
1609 2840 1736 2861 devozione
1761 2840 1868 2866 speciale,
1884 2841 1925 2861 cfie

124 2882 188 2902 sione
204 2882 231 2902 da
248 2884 312 2908 parte
328 2883 386 2904 della
401 2883 477 2908 Corte,
494 2890 506 2905 a
521 2885 600 2906 favore
616 2885 674 2911 degli
691 2885 833 2911 Agostiniani
850 2885 870 2905 di
883 2884 904 2905 Sv
919 2885 994 2905 Pictro
1051 2884 1265 2904 tradizionalmenfe
1280 2884 1298 2904 si
1314 2889 1425 2905 conserva
1442 2884 1499 2905 nella
1516 2884 1574 2905 Casa
1597 2885 1725 2910 viscontea,
1747 2890 1815 2905 verso
1837 2885 1850 2904 il
1874 2885 1926 2905 bea-

125 2925 146 2945 in
162 2925 209 2946 Ciel
225 2926 298 2951 d·0r0,
314 2926 372 2948 fatto
387 2933 428 2948 con
445 2929 523 2954 parole
538 2929 556 2950 si
573 2930 639 2955 piene
659 2929 679 2950 di
702 2930 783 2950 attefto
799 2935 810 2950 e
827 2929 847 2949 di
864 2929 940 2954 sfima,
963 2929 995 2949 di·
1049 2929 1139 2950 fissimo
1155 2929 1279 2954 Agostino:
1296 2929 1431 2954 devozione,
1451 2930 1492 2950 che
1508 2935 1553 2949 non
1575 2929 1707 2950 consistet-a
1729 2929 1779 2949 solu
1802 2929 1822 2949 in
1846 2930 1924 2954 parole

125 2972 210 2990 mostra
227 2971 380 2993 chiaramonte
395 2973 436 2993 che
450 2972 470 2994 le
486 2973 535 2994 loro
551 2974 716 2995 benemerenze
731 2980 800 2994 erano
816 2974 940 2995 altainente
955 2979 995 2999 ap·
1049 2973 1120 2994 sterili
1137 2973 1164 2993 ed
1180 2972 1304 2998 inefficaci:
1321 2979 1356 2994 ma
1371 2974 1443 2994 anche
1459 2973 1480 2994 in
1495 2979 1565 2999 opere
1583 2978 1702 2999 generose.
