2347 3444
1892 185 1946 216 191

143 319 370 351 anniversaria
396 327 453 350 seu
480 318 601 356 officia,
627 327 700 349 cum
728 318 841 350 missis
866 318 1024 349 omnibus
1048 317 1258 349 celebrandis
1284 326 1341 357 per
1366 326 1483 348 omnes
1509 316 1626 348 fratres
1663 318 1739 348 dicti
1766 321 1952 349 conventus

145 382 174 412 in
201 381 316 412 ordine
342 380 538 412 sacerdotali
565 381 776 417 constitutos,
803 389 902 420 super
928 379 1052 420 quibus
1077 379 1235 410 omnibus
1260 380 1376 419 gravat
1401 379 1638 410 conscientiam
1673 379 1798 410 domini
1830 378 1953 410 Prioris

144 444 199 483 qui
227 453 284 484 per
309 446 457 484 tempora
483 443 552 481 erit,
579 443 609 473 in
637 445 842 483 perpetuum,
881 451 939 482 pro
976 441 1153 473 animabus
1191 441 1298 481 ipsius
1335 441 1468 471 domine
1507 441 1686 481 Margarite
1723 443 1753 472 et
1780 441 1855 471 dicti
1883 442 1954 471 cius

145 506 261 536 mariti.

234 567 271 598 Et
297 568 387 608 quod
415 568 499 599 dicte
525 568 626 598 misse
651 567 808 598 celebrari
836 567 979 598 debeant
1005 575 1062 607 per
1087 565 1310 597 venerabilem
1338 574 1429 596 sacre
1455 565 1623 606 theologie
1651 565 1874 605 professorem
1894 565 1954 596 do-

145 629 268 659 minum
296 630 489 670 magistrum
516 629 759 661 Bertolameum
786 629 826 660 de
853 629 1019 666 Fazardis,
1045 630 1114 659 toto
1140 630 1288 668 tempore
1314 628 1380 658 vite
1406 636 1465 658 sue
1491 630 1521 658 et
1546 636 1585 658 eo
1612 629 1718 658 stante
1738 630 1767 658 et
1787 628 1955 658 habitante

145 690 175 721 in
203 691 290 721 dicto
316 694 493 728 conventu,
519 694 549 722 et
575 692 665 731 quod
692 700 749 731 per
775 691 883 731 ipsum
911 691 1071 722 habeatur
1096 692 1125 721 et
1152 690 1352 730 percipiatur
1366 689 1488 720 dictum
1516 689 1626 720 fictum
1645 686 1696 728 (Ι)
1721 691 1790 720 toto
1809 692 1956 729 tempore

146 753 210 783 vite
237 761 295 783 sue
314 755 344 783 et
369 762 408 783 eo
435 756 541 784 stante
567 756 597 784 et
623 754 792 784 habitante
817 762 854 784 ac
880 754 986 784 dictas
1013 753 1135 784 missas
1159 752 1346 783 celebrante
1372 752 1413 782 ad
1441 752 1563 782 dictum
1594 751 1695 783 altare
1722 754 1755 782 ut
1781 761 1891 792 supra.
1919 751 1957 782 Et

145 815 336 846 successive
363 824 419 855 per
444 815 544 845 alium
571 815 702 846 fratrem
729 816 805 846 dicti
831 818 1028 853 conventus,
1053 815 1095 846 ad
1122 815 1153 845 id
1180 814 1418 845 nominandum
1438 816 1469 844 et
1487 814 1746 854 presentandum
1774 823 1831 854 per
1850 814 1956 853 ipsam

145 877 313 908 dominam
341 876 555 917 Margaritam
582 886 639 908 seu
666 878 738 908 eius
764 878 903 908 heredes
928 880 958 908 ct
984 885 1207 914 successores,
1234 877 1311 916 quia
1337 876 1430 907 aliter
1455 878 1485 907 et
1511 876 1576 907 alio
1604 876 1704 907 modo
1731 877 1803 916 ipsa
1823 876 1957 906 domina

146 939 337 980 Margarita,
365 939 522 979 predicta,
550 942 582 970 ut
609 942 809 979 protestatur
834 948 1004 980 expresse,
1030 939 1156 970 factura
1182 948 1247 970 non
1275 939 1393 970 fuisset
1419 947 1477 969 nec
1503 940 1602 969 esset.
1629 938 1701 976 Que
1739 939 1850 969 omnia
1888 947 1960 978 pre-

145 1001 231 1033 facta
257 1001 391 1032 domina
418 1001 610 1041 Margarita,
637 1002 734 1032 michi
762 1002 890 1033 notario
917 1004 949 1032 ut
975 1010 1076 1041 supra
1102 1001 1274 1041 stipulanti
1301 1003 1331 1032 et
1357 1002 1538 1041 recipienti,
1565 1001 1718 1041 promisit
1743 1002 1773 1031 et
1799 1000 1958 1040 promittit

146 1064 314 1095 attendere
340 1066 370 1094 et
395 1062 575 1093 observare
602 1065 631 1093 et
658 1072 722 1093 non
749 1063 972 1095 contrafacere
998 1072 1056 1094 nec
1083 1064 1204 1101 venire,
1242 1063 1305 1094 sub
1343 1063 1575 1103 dampnorum,
1614 1063 1783 1100 interesse,
1822 1062 1902 1093 littis
1928 1064 1957 1093 et

146 1129 238 1158 extra
265 1126 488 1162 restitucione,
514 1134 551 1156 ac
577 1125 640 1156 sub
667 1126 819 1165 ipotheca
845 1128 875 1157 et
901 1126 1111 1167 obligacione
1137 1126 1284 1156 omnium
1312 1126 1418 1166 ipsius
1445 1125 1578 1156 domine
1598 1125 1777 1166 Margarite
1796 1125 1958 1156 bonorum

147 1189 349 1230 presentium
376 1190 406 1219 et
431 1187 627 1219 futurorum.
666 1187 909 1225 Renuntiamlr»,
947 1190 1005 1219 etc.
1044 1188 1081 1219 Et
1109 1188 1194 1225 inde,
1231 1190 1291 1219 etc.
1330 1187 1557 1225 Presentibus,
1594 1190 1653 1219 etc.
1691 1188 1834 1219 testibus
1873 1188 1960 1218 notis

147 1253 178 1282 et
204 1251 345 1282 idoneis.

947 1397 1168 1438 CCCXC.

235 1506 264 1534 11
290 1506 412 1534 Priore
437 1506 472 1534 di
499 1506 533 1534 S.
561 1506 669 1534 Paolo
695 1507 712 1533 ἐ
738 1506 795 1534 dal
822 1507 919 1534 Duca
946 1506 979 1534 di
1006 1506 1138 1534 Milano
1164 1506 1343 1534 nominato
1361 1506 1494 1534 arbitro
1513 1505 1546 1533 in
1564 1514 1631 1533 una
1651 1514 1758 1533 causa
1777 1505 1882 1533 civile
1900 1502 1961 1544 (2)

796 1628 948 1660 1476,
979 1636 1015 1652 ει
1022 1636 1056 1659 1)
1063 1629 1180 1659 rue,
1206 1628 1315 1653 4-8.

677 1726 754 1748 (Archi
771 1726 851 1746 Notar.
868 1726 889 1746 di
907 1726 984 1746 Paria.
1000 1738 1025 1739 j
1041 1726 1088 1747 Atti
1104 1726 1126 1746 di
1142 1726 1199 1747 Gian
1216 1726 1293 1747 Pietro
1310 1725 1430 1746 lniodelliz.

387 1910 445 1956 UX
472 1924 668 1962 Mediolani,
694 1926 754 1955 etc.

504 1987 719 2019 Venerabiles
745 1987 854 2018 dilecti
882 1987 995 2017 nostri.
1022 1986 1101 2017 Orta
1127 1988 1176 2018 est
1202 1996 1306 2027 nuper
1332 1986 1514 2017 differentia
1541 1986 1683 2026 quedam
1723 1986 1804 2016 inter
1830 1993 1966 2016 venera-

386 2054 387 2062 *
416 2050 514 2081 bilem
542 2050 714 2081 dominum
742 2049 971 2090 Preceptorem
998 2049 1135 2080 ecclesie
1161 2049 1265 2081 sancti
1293 2048 1426 2079 Antonii
1464 2049 1609 2079 civitatis
1646 2050 1756 2079 nostre
1783 2047 1886 2087 Papie
1903 2044 1964 2086 (3),

150 2112 221 2143 sive
246 2114 384 2153 agentes
411 2121 470 2152 pro
496 2121 546 2150 eo,
573 2121 631 2143 nec
657 2121 722 2143 non
750 2112 957 2143 Leonardum
985 2111 1151 2143 Astultum
1178 2112 1283 2142 civem
1311 2113 1459 2141 nostrum
1487 2111 1681 2151 papiensem
1716 2112 1807 2150 parte
1833 2118 1908 2146 una,
1934 2111 1965 2140 et

149 2176 286 2215 agentes
313 2183 372 2214 pro
399 2174 557 2215 hospitali
596 2175 700 2205 sancti
741 2174 865 2205 Mathei
904 2174 1011 2214 ipsius
1048 2176 1159 2205 nostre
1192 2173 1337 2204 civitatis
1354 2170 1415 2211 (4),
1442 2175 1610 2212 tamquam
1638 2172 1757 2203 herede
1784 2171 1963 2203 universali

150 2237 272 2277 egregii
300 2237 413 2268 militis
439 2237 564 2268 domini
592 2236 733 2277 Augusti
761 2237 801 2268 de
828 2236 981 2267 Beccaria
1009 2238 1099 2276 parte
1125 2236 1236 2273 altera,
1255 2236 1432 2266 occasione
1451 2235 1614 2266 bonorum
1634 2234 1838 2275 preceptorie
1858 2234 1965 2274 ipsius

150 2298 288 2329 ecclesie
315 2299 418 2330 sancti
445 2298 591 2337 Antonii,
617 2299 755 2330 sitorum
782 2308 882 2339 super
908 2298 1079 2329 territoriis
1105 2297 1204 2338 Burgi
1231 2297 1335 2329 sancti
1362 2296 1434 2338 Syri
1454 2300 1484 2328 et
1503 2297 1643 2337 partium
1670 2296 1964 2332 circumstantium,

151 2359 339 2393 Comitatus
365 2361 467 2392 nostri
495 2360 607 2401 Papie,
635 2370 698 2401 que
724 2361 920 2392 tenebantur
945 2360 986 2391 ad
1012 2360 1122 2391 fictum
1149 2360 1191 2390 ab
1218 2360 1291 2399 ipsa
1317 2360 1523 2399 preceptoria
1550 2361 1744 2399 perpetuum
1772 2367 1829 2398 per
1855 2358 1964 2398 ipsum

152 2423 321 2463 quondam
348 2423 519 2454 dominum
547 2423 733 2464 Augustum
761 2423 801 2454 de
828 2423 993 2458 Beccaria,
1020 2422 1302 2462 quemadmodum
1329 2421 1371 2452 ab
1398 2422 1481 2461 ipsis
1508 2421 1659 2462 partibus
1696 2430 1754 2452 seu
1785 2420 1964 2461 agentibus

152 2494 211 2525 pro
237 2485 285 2516 eis
312 2485 411 2517 latius
438 2485 709 2517 informabimini.
736 2486 882 2517 Exosam
910 2487 1017 2516 autem
1045 2493 1107 2515 nos
1133 2484 1294 2515 habentes
1332 2484 1522 2515 huiusmodi
1561 2483 1834 2521 controversiam,
1864 2491 1962 2523 quam

152 2547 252 2578 veluti
279 2547 452 2579 molestam
480 2548 669 2586 habuimus,
707 2549 749 2579 ita
787 2550 915 2589 gratum
953 2556 1087 2587 quoque
1125 2547 1286 2577 habentes
1323 2547 1413 2586 quod
1451 2546 1548 2577 ambe
1585 2548 1696 2586 partes
1733 2546 1879 2586 predicte
1905 2554 1962 2576 seu

150 2611 287 2649 agentes
313 2618 372 2649 pro
398 2609 446 2640 eis
471 2610 698 2650 acquieverint
724 2610 814 2650 quud
841 2609 1004 2640 eiusmodi
1032 2609 1259 2640 controversia
1287 2608 1409 2639 iudicio
1435 2609 1465 2639 et
1490 2608 1626 2639 arbitrio
1642 2609 1753 2639 vestro
1772 2608 1963 2643 remittatur,

207 2765 236 2789 (ll
252 2765 308 2786 Vedi
325 2765 338 2786 il
354 2765 494 2787 documento
509 2767 535 2787 30
550 2767 635 2793 giugno
653 2768 710 2788 1478.
1085 2766 1170 2786 toniani
1187 2765 1208 2786 di
1225 2766 1311 2786 Vienna
1327 2766 1362 2786 nel
1379 2765 1502 2791 Deirinato,
1519 2766 1560 2786 che
1576 2765 1614 2791 qui
1631 2766 1745 2786 tenevano
1755 2765 1830 2786 alcuni
1847 2764 1957 2786 Conversi

207 2810 237 2833 (2)
253 2810 342 2835 Questo
366 2811 506 2832 documento
521 2811 532 2832 e
549 2817 593 2832 una
618 2812 677 2832 bella
700 2818 771 2838 prova
798 2812 906 2833 dell'alta
922 2812 990 2832 stima
1007 2811 1027 2831 in
1083 2812 1147 2831 sotto
1163 2810 1183 2830 la
1199 2810 1268 2835 guida
1284 2810 1305 2830 di
1322 2816 1351 2830 un
1368 2811 1506 2835 precettore.

153 2855 188 2875 cui
205 2860 274 2875 erano
290 2855 363 2875 tenuti
379 2855 383 2875 i
401 2854 507 2881 Religiosi
533 2855 568 2876 del
593 2858 702 2877 nascente
724 2856 845 2877 Convento
861 2856 882 2876 di
907 2855 930 2876 S.
948 2855 1026 2876 Paulo.

155 2898 197 2919 Dai
213 2898 353 2924 documenti,
368 2898 419 2920 'che
446 2900 603 2925 possediamo,
619 2906 663 2921 non
680 2901 698 2921 ci
715 2900 737 2921 tu
754 2901 865 2927 possibile
881 2900 1027 2920 rintracciare

155 2943 169 2963 il
184 2948 251 2963 nome
266 2943 302 2963 del
318 2943 408 2964 valente
431 2943 555 2970 Religioso,
570 2950 582 2965 a
600 2945 636 2965 cui
653 2945 665 2965 il
683 2945 746 2966 Duca
763 2945 847 2966 conteri
860 2951 888 2965 un
900 2945 998 2965 incaricu
1010 2944 1027 2964 si

155 2983 313 3011 importante!

207 3030 237 3054 (3)
253 3031 283 3051 La
299 3030 381 3052 chiesa
397 3031 418 3052 di
435 3031 457 3053 S.
474 3032 582 3058 Antonio,
598 3038 641 3053 con
656 3039 756 3054 annessn
772 3033 883 3059 ospedale
899 3034 933 3054 nel
951 3033 1026 3058 Borgo

154 3073 234 3095 Ticino
250 3074 272 3094 di
289 3074 366 3101 Pavia,
383 3075 512 3101 dipendeva
527 3077 598 3098 allora
614 3078 668 3098 dall'
679 3078 772 3099 lstituto
784 3078 900 3103 Religioso
912 3077 970 3103 degli
987 3077 1030 3097 An-

1135 2854 1165 2877 (4)
1190 2854 1339 2880 L'Ospedale
1363 2854 1385 2875 di
1410 2854 1454 2875 San
1486 2854 1577 2875 Matten
1599 2854 1620 2874 di
1642 2853 1721 2879 Pavia,
1745 2854 1786 2874 che
1811 2853 1822 2873 ὸ
1847 2853 1958 2873 l'attualc

1083 2898 1200 2924 Ospedale
1216 2898 1341 2924 niaggiore,
1358 2904 1395 2918 era
1411 2899 1476 2919 sorto
1493 2898 1528 2919 nel
1546 2898 1596 2919 1449
1612 2903 1652 2924 per
1668 2903 1739 2923 opera
1755 2897 1919 2923 specialmentc
1935 2897 1956 2916 di

1084 2943 1142 2964 irate
1159 2943 1285 2964 Domenico
1301 2943 1328 2963 da
1345 2942 1472 2969 Catalogna
1488 2942 1523 2963 dei
1541 2942 1682 2963 Predicatori
1699 2941 1956 2965 dell'Osservanzassel

1082 2988 1202 3009 Cnnvento
1218 2987 1239 3008 di
1256 2987 1278 3008 S,
1295 2987 1434 3013 Apollinare.
1453 2987 1482 3007 La
1500 2987 1603 3012 maggior
1620 2989 1685 3013 parte
1701 2986 1759 3007 delle
1782 2987 1891 3006 sostnnze
1916 2991 1957 3005 sue

1083 3037 1199 3057 provenne
1215 3031 1251 3052 dal
1268 3032 1409 3052 testamento
1425 3031 1461 3052 del
1478 3031 1531 3051 nob.
1548 3031 1655 3056 Augusto
1676 3030 1791 3054 Beccaria,
1816 3030 1856 3050 che
1872 3029 1894 3049 tu
1911 3029 1958 3049 l'o-

1086 3076 1156 3102 rigine
1172 3075 1230 3096 della
1246 3075 1405 3096 controversia
1420 3077 1545 3096 accennata
1561 3075 1596 3095 nel
1612 3077 1692 3095 nostro
1709 3075 1848 3095 documento
