2347 3444
1923 204 1988 235 283

171 341 219 373 De
246 342 431 383 Magistris,
456 344 487 372 et
513 342 604 382 quod
632 341 779 372 servabit
813 342 936 371 statuta
973 339 1123 370 eiusdem
1163 337 1401 369 Universitatis
1427 339 1457 366 et
1485 338 1581 376 prout
1609 345 1665 376 per
1691 336 1777 366 alios
1804 336 1989 377 Magistros

169 405 304 435 solitum
331 406 381 435 est
409 404 522 442 iurari,
549 404 690 434 eundem
718 403 890 434 dominum
917 401 1049 433 fratrem
1078 399 1318 435 Alexandrum,
1345 399 1391 429 sic
1418 399 1490 429 suis
1517 399 1641 428 meritis
1667 399 1893 437 exigentibus,
1921 409 1988 430 ma—

169 467 309 507 gistrum
336 475 393 498 seu
421 467 590 497 doctorem
619 467 649 496 in
676 474 770 497 sacra
795 465 977 505 theologia,
1003 463 1199 495 auctoritate
1226 461 1362 502 prefacti
1391 461 1661 492 reverendissimi
1701 461 1826 491 domini
1862 462 1987 492 domini

169 527 362 561 Cardinalis
387 531 417 560 et
444 528 746 565 Administratoris,
783 527 972 568 apostolico
999 528 1028 557 et
1056 525 1217 566 imperiali
1257 524 1454 564 privilegiis,
1488 521 1687 555 Cancellarii
1727 524 1929 555 meritissimi
1957 528 1988 555 ut

170 591 343 631 prefertur,
369 592 575 627 communiti,
602 600 667 631 qua
694 590 863 631 fungimur
890 590 920 620 in
949 590 1008 620 hac
1036 592 1138 629 parte,
1174 588 1273 618 hodie
1311 587 1412 627 paulo
1449 588 1525 617 ante
1562 587 1799 617 constituimus
1836 589 1865 617 et
1902 596 1992 617 crea—

170 654 291 691 vimus,
317 654 450 693 sibique
475 653 666 684 cathedram
695 653 918 693 magistralem
946 651 1149 683 ascendendi
1176 653 1207 681 et
1234 650 1263 680 in
1290 658 1328 680 ea
1355 649 1497 689 legendi,
1514 648 1667 685 docendi,
1695 649 1902 688 disputandi,
1921 650 1992 689 glo-

172 716 286 753 xandi‚
313 716 562 755 interpretandi,
601 716 797 755 questiones
823 718 853 746 et
879 715 980 745 dubia
1019 713 1229 750 terminandi,
1266 715 1464 751 ceterosque
1501 714 1596 742 actus
1634 711 1813 742 doctoreos
1841 712 1870 742 in
1898 720 1990 743 sacra

171 779 244 818 ipsa
269 779 438 818 theologie
476 779 625 813 scientia,
653 778 704 808 hic
730 780 760 808 et
787 778 911 817 ubique
950 778 1109 813 locorum,
1146 775 1323 807 exercendi
1358 777 1387 805 et
1414 775 1588 805 doctorum
1628 774 1772 813 insignia
1809 774 1991 811 deferendi,

169 841 313 880 aliisque
338 840 543 877 conferendi,
570 840 735 870 licentiam
761 843 791 871 et
818 839 1007 870 facultatem
1034 839 1265 870 concessimus
1293 838 1512 868 instrumento
1539 836 1675 876 publico
1706 837 1887 876 superinde
1913 846 1992 867 con-

170 902 257 933 fecto
284 910 341 942 per
368 901 548 932 Iohannem
576 901 749 932 Matheum
777 901 816 932 de
844 900 1044 932 l'altoneriis
1071 901 1235 931 notarium
1274 899 1444 940 publicum
1484 899 1680 938 papiensem
1707 906 1744 928 ac
1771 899 1934 928 notarium
1963 901 1993 929 et

170 964 403 995 cancellarium
430 963 472 994 ad
499 964 665 994 banchum
693 962 792 995 Curie
820 963 1034 1003 Episcopalis
1061 963 1235 1003 papiensis
1262 961 1532 1001 infrascriptum:
1559 960 1654 991 Nunc
1682 969 1771 997 ver0,
1808 964 1993 991 convocata

171 1029 202 1058 et
227 1028 431 1067 congregata
470 1026 586 1057 iterum
626 1025 852 1057 Universitate
890 1025 1124 1065 spectabilium
1168 1025 1341 1055 doctorum
1369 1026 1399 1054 et
1425 1023 1604 1054 scolarium
1640 1023 1778 1063 predicti
1807 1022 1914 1054 Studii
1941 1032 1996 1054 co-

172 1089 267 1130 piosa
293 1098 331 1120 ac
357 1089 519 1119 nobilium
545 1088 668 1119 civium
697 1096 874 1118 numerosa
900 1088 1068 1124 catherva‚
1096 1088 1125 1117 in
1153 1087 1383 1127 suprascripta
1399 1086 1474 1117 aula
1495 1094 1614 1125 magna
1635 1085 1754 1125 palacii
1774 1086 1993 1125 episcopalis,

174 1161 233 1192 pro
268 1152 330 1182 hoe
368 1151 503 1191 negotio
542 1150 731 1191 specialiter
769 1150 962 1190 peragendo
988 1152 1019 1180 et
1044 1150 1256 1189 exequendo,
1295 1148 1445 1189 prelatus
1482 1148 1640 1178 (lominus
1666 1147 1765 1178 frater
1791 1147 1992 1183 Alexander,

172 1223 229 1254 per
255 1213 419 1254 prefatum
446 1213 618 1244 dominum
646 1213 841 1253 magistrum
884 1212 1075 1243 Gabrielem
1103 1212 1142 1242 de
1169 1210 1393 1251 Cremagnola
1431 1211 1599 1241 doctorem
1644 1211 1706 1241 iam
1750 1210 1896 1247 dictum,
1935 1220 1990 1241 ve—

171 1277 338 1317 speriatus
364 1275 472 1313 fuerit,
500 1278 533 1306 ut
560 1276 662 1306 moris
687 1275 812 1309 existit,
839 1275 1016 1313 eidemque
1043 1274 1181 1304 domino
1209 1273 1298 1304 fratri
1327 1273 1531 1309 Alexandro,
1572 1282 1645 1304 cum
1684 1272 1760 1303 aliis
1797 1273 1994 1303 doctoribus

169 1342 201 1370 et
226 1339 396 1379 magistris
421 1338 613 1369 cathedram
655 1337 674 1368 d
689 1337 882 1371 ›storalem,
926 1339 958 1367 ut
984 1339 1033 1367 est
1061 1336 1188 1373 moris,
1230 1336 1443 1371 ascendenti,
1481 1336 1554 1366 eius
1579 1336 1703 1375 capiti,
1745 1335 1785 1365 de
1812 1335 1915 1365 nostri
1959 1335 1995 1365 li-

171 1401 279 1432 centia
305 1409 362 1440 per
388 1400 532 1431 eundem
570 1408 662 1430 sacre
700 1399 869 1439 theologie
908 1399 1102 1438 magistrum
1142 1398 1314 1428 dominum
1353 1398 1546 1437 magistrum
1586 1396 1799 1433 Gabrielem,
1838 1397 1993 1427 birretum

172 1463 362 1503 magistrale
389 1462 566 1493 rotondum
595 1462 788 1501 impositum
815 1463 875 1497 est,
895 1461 1038 1491 servatis
1066 1461 1095 1490 in
1124 1460 1299 1500 premissis
1325 1460 1494 1496 omnibus,
1513 1459 1632 1490 ritibus
1650 1462 1679 1490 et
1699 1459 1996 1498 s‹3›lempnitatibus

169 1526 382 1566 opportunis,
409 1525 440 1555 in
466 1524 592 1555 talibus
617 1526 648 1555 et
674 1523 843 1555 similibus
881 1523 1004 1553 debitis
1030 1524 1061 1553 et
1086 1522 1269 1553 consuetis.
1298 1521 1329 1552 ln
1356 1522 1452 1552 cuius
1480 1522 1522 1552 rei
1554 1522 1781 1552 testimonium
1821 1524 1994 1561 presentes

171 1588 239 1619 fieri
266 1587 407 1618 fecimus
433 1587 464 1617 in
490 1586 630 1617 formam
658 1586 782 1626 publici
810 1585 1000 1616 documenti
1029 1593 1086 1625 per
1114 1584 1293 1615 Iohannem
1322 1584 1493 1614 Matheum
1523 1582 1747 1614 Paltonerium
1775 1584 1938 1614 notarium
1966 1586 1996 1614 et

172 1649 406 1681 cancellarium
434 1649 626 1680 iamdictum
652 1651 683 1679 et
709 1647 956 1688 infrascriptum
976 1649 1006 1678 et
1025 1647 1137 1688 sigillo
1164 1646 1280 1687 prefati
1309 1646 1579 1677 reverendissimi
1608 1646 1733 1676 domini
1761 1646 1887 1676 domini
1915 1644 1995 1677 Car-

169 1712 292 1744 dinalis
318 1714 348 1743 et
374 1712 656 1743 administratoris
683 1713 716 1742 ut
742 1719 843 1751 supra
870 1710 1052 1741 munimine
1079 1709 1227 1740 roborari
1255 1709 1297 1740 ad
1325 1709 1483 1749 majorem
1511 1708 1719 1739 evidenciam
1742 1709 1994 1748 premissorum.

171 1774 293 1806 Datum
320 1776 350 1805 et
376 1776 484 1805 actum
513 1773 627 1814 papie,
655 1774 685 1804 in
712 1773 788 1804 aula
808 1781 928 1813 magna
955 1772 1074 1812 palacii
1103 1771 1321 1812 episcopalis,
1348 1771 1412 1801 sub
1438 1780 1525 1801 anno
1553 1771 1738 1801 nativitatis
1758 1769 1892 1801 Domini
1919 1779 1991 1801 cur-

171 1839 261 1868 rente
287 1836 465 1867 millesimo
492 1836 787 1876 quatricentesimo
814 1835 1045 1875 octuagesimo
1073 1843 1172 1871 nono,
1194 1833 1360 1864 indicione
1387 1833 1540 1873 septima,
1556 1833 1609 1863 die
1629 1833 1745 1872 quinto
1765 1832 1890 1863 mensis
1909 1832 1996 1867 maii,

175 1899 255 1930 hora
282 1907 509 1939 vesperarum,
537 1897 752 1938 presentibus
778 1897 931 1928 discretis
970 1897 1050 1927 viris
1088 1894 1234 1936 Symone
1260 1898 1291 1926 et
1316 1895 1434 1926 Nicola
1471 1894 1631 1925 fratribus
1657 1895 1697 1925 de
1724 1893 1892 1931 Garaldis,
1919 1894 1997 1924 filiis

173 1961 343 2001 quondam
371 1961 520 2001 magistri
549 1959 646 1997 Petri,
677 1959 846 1991 ambobus
873 1959 1007 1990 bidellis
1033 1958 1249 1999 generalibus
1287 1957 1432 1997 prefacte
1460 1957 1698 1989 Universitatis
1724 1959 1753 1987 et
1782 1956 1902 1987 lacobo
1929 1956 1995 1986 Ta-

174 2024 270 2055 robio
296 2024 337 2054 de
363 2023 529 2054 Vitaliana
557 2022 813 2053 Marchionatus
840 2021 989 2057 Mantue,
1017 2021 1093 2051 inde
1120 2020 1275 2051 testibus.

954 2185 1226 2224 DXXXII.

266 2297 294 2325 11
321 2297 498 2326 Pontefice
523 2297 719 2324 Innocenzo
745 2295 828 2323 VIII
854 2295 973 2330 elegge
1000 2295 1066 2323 due
1092 2294 1223 2330 giudici
1249 2294 1342 2322 nella
1368 2303 1477 2322 causa
1518 2294 1551 2322 d'
1569 2293 1708 2329 appello
1733 2301 1795 2329 per
1821 2293 1831 2320 l
1860 2293 1940 2321 beni
1965 2293 2000 2320 di

179 2351 392 2379 Parasacco.

811 2418 965 2448 1489,
1000 2416 1256 2448 llmznggi09
1290 2416 1367 2441 19.

642 2507 720 2530 (Arch.
738 2506 818 2527 Notar.
835 2506 856 2526 di
875 2505 944 2526 Pavia
961 2516 985 2518 —
1001 2505 1048 2526 Atti
1066 2505 1086 2525 di
1104 2505 1217 2526 Giovanni
1234 2505 1362 2525 Francesco
1378 2504 1534 2529 Gravanago).

288 2693 336 2808 I
430 2709 671 2737 Nuoceurius
697 2704 788 2746 Papa
814 2704 965 2736 Octavus
982 2702 1043 2743 (1).

199 2790 201 2806 .
423 2755 425 2799 *l
542 2766 660 2798 Dilecti
686 2767 756 2805 t'ilii,
783 2767 923 2798 salutem
950 2768 981 2797 et
1006 2766 1228 2806 apostolicam
1260 2765 1537 2795 benedictionem.

200 2814 201 2839 l
231 2866 235 2867 ⁷
262 2814 426 2869 jnffll
543 2829 709 2861 Mittimus
735 2829 835 2861 vobis
860 2829 1141 2869 supplicationem
1168 2827 1382 2868 presentibus
1408 2827 1635 2865 introclusam,
1662 2836 1760 2858 manu
1798 2826 1908 2857 dilecti
1945 2825 2002 2855 filii

187 2894 291 2925 nostri
317 2893 355 2924 V.
381 2891 573 2925 Cardinalis
600 2891 784 2924 Aleriensis
809 2892 840 2923 in
868 2891 1034 2932 presentia
1062 2893 1175 2921 nostra
1202 2891 1386 2931 signatam,
1423 2890 1650 2930 volumusque
1675 2892 1706 2921 et
1732 2889 1831 2920 vobis
1868 2888 2006 2919 manda—

248 3051 279 3073 Ἰ1)
294 3049 317 3071 Si
333 3051 405 3071 metta
420 3051 505 3075 questo
520 3049 662 3071 documento
677 3050 699 3070 in
721 3049 837 3071 relazione
858 3055 901 3070 con
919 3049 948 3074 gli
964 3048 1015 3069 altri
1031 3048 1068 3069 del
1123 3048 1251 3068 settembre
1269 3048 1325 3068 ¹500.

193 3097 216 3118 21
233 3095 338 3117 tebbraio
355 3094 413 3121 1484,
429 3094 466 3115 del
483 3095 505 3115 17
519 3094 591 3120 luglio
610 3094 656 3115 1⁴91
670 3111 675 3120 ‚
698 3094 734 3115 del
749 3094 775 3115 29
790 3094 882 3119 maggio
900 3094 950 3114 1492
965 3099 976 3114 e
992 3092 1028 3114 del
1044 3093 1070 3113 23
