2347 3444
302 248 344 279 28

302 378 526 417 Castronovo,
553 381 712 421 magister
742 380 909 411 Martinus
934 380 975 411 de
1003 379 1183 417 Vitudono,
1221 379 1380 419 magister
1417 378 1607 419 Philipinus
1633 379 1674 410 de
1700 377 1929 410 Pellizonibus
1954 381 1985 411 et
2010 379 2117 420 magi-

302 444 369 473 ster
395 441 560 473 lohannes
586 442 627 473 de
654 441 763 473 Variis
789 442 829 473 de
857 441 992 473 Parma:
1020 441 1174 473 Prefatus
1201 450 1345 481 namque
1382 441 1540 472 dominus
1566 439 1696 478 Recmr,
1723 441 1948 481 presentibus,
1975 441 2118 473 volenti-

303 504 366 535 bus
392 507 423 535 et
449 504 739 536 consentientibus
765 504 944 535 antedictis
970 503 1116 534 dominis
1143 501 1333 534 Statutariis
1356 506 1386 535 et
1405 501 1628 540 Consiliariis,
1647 503 1780 544 ipsique
1795 504 1920 534 domini
1947 502 2117 535 Statutarii

303 568 333 597 et
360 564 550 597 Consiliarii
578 575 651 597 cum
690 566 868 606 presentia,
894 574 1074 602 consensu,
1101 565 1310 602 auctoritate,
1336 567 1366 596 et
1405 565 1576 596 voluntate
1614 565 1754 605 predicti
1793 565 1918 596 domini
1957 564 2119 601 Pectoris,

305 628 437 659 nomine
463 631 493 659 et
520 629 592 659 vice
619 628 720 659 totius
759 627 996 659 Universitatis
1023 627 1182 667 predicte,
1209 627 1252 657 ob
1279 627 1481 667 singularem
1521 627 1737 658 reverentiam
1773 626 1881 658 Patris
1907 629 1938 658 et
1964 626 2120 658 Doctoris

305 690 580 721 excellentissimi
608 690 810 721 sanctissimi
839 688 1029 729 Augustini,
1058 689 1161 720 totius
1191 688 1430 721 Universitatis
1467 690 1633 721 antedicte
1670 688 1803 720 Patroni
1823 687 1883 727 (l),
1910 689 2120 727 unanimiter,

307 753 437 783 nemine
474 752 698 791 discrepante,
724 761 762 782 ac
789 761 828 782 ex
864 753 951 782 certa
988 751 1128 782 scientia
1154 753 1184 782 et
1210 751 1322 782 animo
1358 751 1555 789 deliberato,
1582 752 1811 792 providerunt,
1837 752 2121 789 deliberaverunt,

306 818 491 845 statuerunt
528 818 558 845 et
595 814 845 850 ordinaverunt,
871 822 909 844 ac
941 814 1138 850 deliberant,
1165 814 1330 851 ordinant,
1357 814 1546 854 provident,
1572 817 1602 845 et
1628 816 1788 851 statuunt,
1816 815 1878 845 boc
1904 814 2118 850 instantibus,

309 876 559 916 postulantibus
585 878 615 906 et
635 875 821 915 benigniter
840 876 1087 915 requirentibus
1113 876 1308 907 reverendis
1335 876 1653 916 venerabilibusque
1679 876 1759 907 viris
1785 876 1930 907 dominis
1957 876 2117 916 magistro

307 937 405 968 Petro
431 938 472 968 de
498 935 680 968 Castelleto
706 945 800 968 sacre
828 937 949 977 pagine
975 937 1179 977 professore,
1207 946 1266 969 nec
1294 946 1358 968 non
1386 936 1498 969 Priore
1525 940 1555 969 et
1581 937 1752 969 Fratribus
1778 936 1977 970 Conventus
2003 940 2033 969 et
2056 935 2122 969 Ca-

307 1000 401 1039 pituli
429 998 540 1030 Sancti
562 998 741 1038 Augustini
769 999 898 1030 ordinis
918 999 1150 1030 heremitarum
1178 1000 1324 1031 civitatis
1343 998 1447 1040 Papie
1465 997 1526 1038 (2),
1545 1000 1636 1040 quod
1653 1009 1784 1040 semper
1810 1002 1841 1032 et
1868 1000 1898 1031 in
1926 1002 2124 1040 perpetuum

306 1071 364 1101 per
390 1061 551 1101 prefatam
591 1060 852 1092 Universitatem
881 1060 1078 1092 Artistarum
1106 1064 1136 1092 et
1163 1061 1373 1092 Medicorum
1401 1065 1434 1093 ut
1460 1070 1573 1102 supra,
1600 1063 1655 1093 fiat
1681 1065 1711 1093 et
1737 1062 1806 1094 fieri
1834 1062 1955 1094 debeat
1982 1062 2126 1102 singulis

306 1125 403 1155 annis
431 1124 460 1153 in
488 1123 574 1154 festo
601 1123 717 1163 prefati
745 1124 950 1154 sanctissimi
978 1123 1087 1154 Patris
1124 1123 1281 1155 Doctoris
1308 1123 1499 1164 Augustini,
1526 1124 1688 1155 solemnis
1713 1126 1744 1156 et
1770 1125 1893 1156 devota
1919 1124 2046 1156 oblatio
2072 1133 2128 1156 ce-

308 1195 436 1217 reorum
463 1188 493 1216 et
520 1186 620 1216 blavii
647 1185 772 1216 delatio
790 1189 821 1217 et
848 1188 945 1225 prout
973 1186 1002 1216 in
1030 1186 1104 1217 aliis
1130 1185 1347 1225 generalibus
1373 1185 1604 1217 oblationibus
1630 1195 1694 1226 que
1721 1187 1803 1218 fiunt
1829 1188 1860 1218 et
1885 1187 1953 1218 fieri
1981 1195 2126 1218 consue-

308 1250 425 1279 verunt
451 1250 482 1278 et
508 1248 632 1278 debent
658 1256 716 1287 per
741 1251 844 1278 totum
872 1246 1026 1279 Studium
1055 1248 1268 1288 prelibatum,
1295 1251 1327 1279 et
1353 1257 1410 1288 per
1423 1248 1580 1279 dominos
1607 1247 1776 1286 Hectores,
1796 1248 1961 1280 Doctores
1987 1251 2017 1280 et
2043 1247 2127 1281 Sco-

308 1311 392 1341 lares
420 1310 593 1349 utriusque
619 1309 788 1341 facultatis
815 1312 845 1341 et
872 1309 1110 1342 Universitatis
1137 1308 1244 1341 Studii
1276 1311 1446 1341 memorati
1474 1311 1542 1342 fieri
1570 1311 1669 1342 debet
1694 1314 1725 1342 et
1751 1311 1885 1342 solitum
1912 1314 1973 1349 est,
1999 1311 2125 1342 eisdem

305 1373 452 1403 druninis
480 1372 655 1413 Magistro,
683 1371 796 1403 Priore
822 1382 860 1404 ac
889 1372 1071 1407 Fratribus,
1099 1373 1232 1404 nomine
1266 1375 1455 1404 conventus
1486 1373 1637 1413 predicti,
1663 1372 1865 1404 facientibus
1892 1373 2018 1414 prefate
2046 1373 2129 1405 Uni-

308 1435 456 1466 versitati
484 1435 646 1474 quicquid
674 1434 783 1466 facere
809 1437 963 1466 tenentur
981 1438 1011 1466 et
1037 1435 1172 1466 debent.
1200 1434 1249 1466 De
1275 1435 1400 1475 quibus
1418 1435 1576 1466 omnibus
1603 1435 1720 1475 prefati
1748 1435 1874 1467 domini
1891 1435 2020 1473 Rector,
2039 1434 2131 1467 Con-

307 1497 424 1528 siliarii
453 1500 482 1528 et
509 1495 690 1531 Statutarii,
719 1497 851 1528 nomine
889 1498 991 1528 totius
1030 1497 1269 1529 Universitatis
1307 1498 1466 1538 predicte,
1492 1501 1522 1529 et
1548 1498 1737 1529 antedictus
1774 1498 1933 1530 dominus
1970 1499 2129 1539 magister

307 1559 437 1596 Petrus,
464 1568 526 1590 suo
552 1562 582 1590 et
609 1559 742 1590 nomine
769 1557 916 1599 Capituli
944 1562 974 1591 et
1001 1558 1200 1591 Conventus
1226 1560 1397 1597 antedicti,
1424 1560 1464 1591 ad
1492 1562 1638 1591 eternam
1666 1561 1710 1592 rei
1738 1561 1942 1597 memoriam,
1962 1561 2024 1592 hoc
2051 1569 2126 1601 pre-

309 1630 388 1653 sens
416 1622 588 1661 publicum
615 1622 855 1653 documentum
882 1622 950 1653 fieri
979 1622 1148 1653 iusserunt
1175 1624 1205 1654 et
1232 1624 1436 1663 rogaverunt
1462 1625 1493 1654 et
1519 1623 1774 1661 mandaverunt,
1801 1632 1908 1663 eaque
1938 1623 2051 1654 omnia
2077 1623 2127 1654 in-

307 1684 371 1715 seri
400 1684 430 1714 in
457 1684 628 1715 volumine
654 1682 860 1715 Statutorum
888 1683 1126 1716 Universitatis
1152 1685 1329 1716 antedicte.
1356 1683 1430 1722 Que
1456 1685 1567 1717 omnia
1585 1688 1617 1717 et
1635 1685 1767 1726 singula
1793 1686 2036 1726 suprascripta,
2055 1687 2128 1717 acta

309 1747 409 1784 dicta,
436 1746 533 1783 facta,
560 1749 664 1787 gesta,
692 1748 723 1777 et
749 1747 934 1778 deliberata
971 1748 1049 1778 sunt
1075 1749 1105 1778 et
1131 1747 1265 1779 fuerunt
1302 1750 1469 1788 presente,
1508 1747 1641 1779 volente
1667 1750 1697 1779 et
1723 1748 1953 1779 consentiente
1991 1748 2127 1788 egregio

309 1809 426 1840 artium
454 1811 485 1840 et
511 1809 674 1840 medicine
711 1809 848 1840 doctore
874 1809 1012 1840 domino
1038 1810 1198 1850 magistro
1224 1808 1339 1842 Silano
1365 1810 1406 1841 de
1443 1809 1567 1851 Nigris,
1593 1810 1725 1842 dicente
1756 1812 1787 1842 et
1813 1819 1855 1842 ex
1881 1812 1971 1842 certa
1990 1810 2130 1842 scientia

310 1874 517 1912 protestante
545 1871 647 1911 quod,
677 1873 827 1911 tempore
854 1881 921 1912 quo
948 1872 1021 1912 ipse
1047 1874 1117 1903 erat
1143 1874 1173 1904 et
1198 1871 1260 1903 fuit
1285 1871 1380 1903 Prior
1404 1873 1491 1904 dicte
1530 1872 1778 1911 Universitatis,
1804 1872 1957 1904 similiter
1981 1872 2023 1904 de
2049 1881 2131 1904 con-

314 1942 417 1965 sensu
444 1934 592 1964 omnium
620 1933 804 1965 Doctorum
832 1933 1070 1966 Universitatis
1108 1934 1257 1975 predicte
1295 1934 1505 1973 conclusum,
1531 1935 1732 1973 ordinatum,
1759 1937 1920 1966 statutum
1946 1936 1977 1966 et
2001 1934 2131 1966 delibeâ€”

312 1998 416 2027 ratum
444 1995 504 2027 fuit
530 1996 620 2036 quod
648 1996 737 2027 dicta
763 1996 890 2027 oblatio
916 1997 1007 2028 fieret
1033 1997 1064 2027 in
1091 1999 1302 2037 perpetuum,
1328 1997 1359 2028 in
1386 1997 1544 2028 omnibus
1570 1999 1602 2028 et
1627 2006 1686 2037 per
1711 1997 1822 2029 omnia
1848 1999 1946 2038 prout
1971 1997 2130 2037 superius

310 2059 508 2095 continetur,
534 2061 564 2090 et
590 2058 680 2098 quod
709 2059 773 2098 ipsi
800 2067 918 2090 omnes
944 2058 1113 2091 Doctores
1139 2059 1183 2090 ita
1209 2060 1355 2091 contenti
1390 2059 1533 2097 fuerunt,
1561 2060 1692 2091 nemine
1729 2059 1944 2100 discrepante
1961 2056 2022 2099 (3).
2049 2058 2129 2091 Pre-

311 2120 466 2151 sentibus
493 2121 654 2161 magistro
681 2120 922 2152 Franciscbino
948 2121 989 2153 de
1008 2119 1226 2162 Strazapatis,
1245 2122 1406 2163 magistro
1431 2121 1571 2154 Daniele
1590 2122 1630 2154 de
1656 2121 1779 2154 Sancta
1804 2120 1907 2154 Soffia
1926 2124 1956 2153 et
1970 2122 2131 2163 magistro

311 2181 470 2214 Carbono
495 2183 536 2214 de
563 2182 715 2214 Valentia
743 2183 819 2215 inde
845 2184 990 2215 testibus
1017 2184 1115 2222 notis,
1142 2184 1183 2216 ad
1212 2185 1377 2225 premissa
1404 2185 1533 2216 vocatis
1567 2184 1758 2225 specialiter
1782 2187 1814 2216 et
1840 2184 1976 2225 rogatis.

369 2340 398 2364 (1)
415 2339 578 2361 Ricliiamisimo
594 2341 750 2361 l'attenzione
766 2347 792 2360 su
803 2343 887 2366 questo
899 2346 970 2366 passo
982 2341 1199 2366 importantissimo,

317 2385 357 2404 elie
373 2385 391 2405 ci
408 2384 436 2404 da
453 2390 496 2405 una
513 2385 599 2405 notizia
615 2385 687 2406 finora
700 2388 838 2409 truscurata,
855 2386 896 2405 che
912 2385 933 2406 5.
951 2385 1064 2410 Agostino
1075 2385 1124 2406 cioe
1135 2385 1198 2406 fosse

318 2429 330 2448 il
349 2428 449 2449 Patrono
471 2429 530 2449 della
554 2429 646 2449 Facoltii
670 2430 831 2450 unzversitaria
854 2430 913 2454 degli
929 2430 1007 2450 Artisti
1024 2436 1035 2450 e
1051 2430 1086 2450 dei
1103 2430 1195 2450 Medici.

318 2473 408 2493 Nessum
431 2476 499 2493 sunto
521 2474 612 2494 sembra
635 2474 717 2494 adano
739 2474 768 2494 ad
790 2480 910 2495 assumere
926 2475 939 2494 il
956 2475 1114 2500 protettorato
1130 2474 1151 2494 di
1169 2480 1197 2495 un

317 2517 395 2542 Corpo
411 2518 581 2542 universitario,
599 2518 681 2543 meglio
698 2519 718 2538 di
736 2518 857 2543 Agostino,
874 2519 886 2538 il
904 2519 971 2544 quale
995 2519 1052 2539 nelle
1073 2519 1196 2544 pubbliclie

318 2561 397 2581 scuole
413 2561 433 2581 di
451 2560 582 2586 Cartaginc,
599 2562 619 2582 di
638 2561 707 2583 Roma
731 2568 742 2582 c
765 2562 786 2582 di
810 2563 897 2583 Mil-'1110
913 2563 935 2583 fu
953 2563 1086 2583 testimonio
1103 2569 1114 2584 e
1130 2565 1196 2588 parte

318 2605 340 2625 di
357 2605 432 2631 quella
448 2606 503 2630 vita,
520 2607 560 2626 clie
577 2607 603 2626 Î™Î¹Í¾Î¹
621 2608 685 2627 tanto
702 2608 799 2630 bisogno
811 2607 831 2627 di
845 2613 888 2627 una
905 2608 1040 2633 protezinne
1056 2608 1142 2628 celeste
1158 2614 1198 2634 per

319 2655 363 2669 non
380 2656 456 2670 essere
473 2650 561 2670 vittirna
578 2650 599 2670 di
616 2651 692 2676 quc-gli
710 2658 788 2675 errori,
805 2653 845 2672 clre
862 2653 952 2672 vulsero
967 2652 996 2672 ad
1012 2652 1126 2673 offuscare
1143 2653 1197 2673 l'in-

319 2694 410 2714 telletto
427 2694 486 2714 dello
502 2698 580 2715 stesso
597 2695 709 2719 Agosnno

374 2738 403 2761 12)
419 2732 435 2758 Î•
450 2738 559 2764 adunque
582 2743 749 2759 somniamente
773 2740 914 2760 benemerito
937 2740 995 2761 frate
1019 2740 1095 2761 Pietro
1111 2741 1139 2761 du
1157 2740 1198 2762 Ca-

319 2782 423 2802 stelletto
439 2788 483 2802 non
499 2783 550 2803 solo
566 2788 606 2808 per
622 2783 641 2803 la
658 2789 699 2803 sun
716 2784 807 2804 seleman
824 2791 835 2803 e
852 2790 891 2809 per
907 2785 926 2804 la
944 2790 985 2805 sua
1003 2785 1088 2810 perizia
1105 2786 1156 2806 nell*
1167 2786 1198 2806 in-

1255 2343 1415 2367 segnamento,
1431 2347 1467 2362 rna
1482 2343 1554 2362 anche
1570 2347 1610 2367 per
1626 2342 1646 2363 la
1662 2342 1713 2363 viva
1729 2341 1792 2368 pieta
1807 2347 1849 2362 con
1861 2341 1896 2362 cui
1909 2347 2030 2367 promosse
2046 2342 2130 2367 questa

1253 2386 1443 2407 manifestazione
1459 2386 1543 2407 devota
1559 2391 1626 2407 verso
1643 2387 1656 2407 il
1673 2386 1774 2407 Patrono
1789 2386 1848 2411 degli
1864 2386 1943 2406 studii.

1306 2430 1335 2454 (3)
1351 2430 1380 2450 La
1397 2430 1566 2451 dicliiarazione
1578 2430 1635 2451 fatta
1652 2430 1688 2451 dal
1704 2430 1837 2456 professore
1848 2430 1925 2451 Silano
1937 2430 2004 2455 Negri
2016 2430 2129 2450 dimostra

1253 2475 1294 2494 clie
1309 2474 1330 2494 la
1345 2480 1462 2495 ouoranza
1478 2480 1490 2495 a
1506 2473 1528 2495 St
1545 2474 1658 2500 Agostino
1674 2479 1712 2495 era
1728 2474 1764 2499 gia
1780 2476 1842 2495 stata
1865 2474 1992 2495 deliberata
2015 2474 2068 2494 dall'
2079 2473 2132 2495 Uni-

1252 2519 1337 2540 versita
1354 2519 1460 2540 unanime
1469 2519 1503 2539 sin
1513 2519 1549 2539 dal
1567 2519 1624 2544 1395,
1641 2519 1777 2545 quand'egli
1793 2518 1816 2539 fu
1834 2519 1911 2540 Priore
1927 2519 1963 2539 del
1980 2518 2083 2545 Collegio
2094 2518 2130 2539 dei

1252 2563 1338 2584 dottori
1355 2563 1388 2587 (R.
1406 2563 1543 2589 ÎœÎ›Î™ÎŸÎ•Î•Î—Î¹,
1568 2563 1624 2585 Cod.
1648 2564 1744 2589 diplom.
1765 2563 1907 2587 dell'Unr'iÎ‡.,
1931 2564 1976 2584 vol.
1993 2564 2007 2589 1,
2024 2569 2076 2589 pag.
2092 2563 2131 2585 317

1254 2614 1265 2629 e
1280 2608 1336 2631 320).
1354 2608 1377 2629 1:
1387 2613 1465 2629 essere
1487 2608 1581 2629 rimasta
1605 2608 1677 2628 finora
1700 2608 1721 2628 in
1743 2613 1843 2633 sospeso
1866 2608 1911 2629 tale
1926 2608 2097 2629 deliberazione
2112 2608 2131 2629 si

1252 2653 1309 2673 deve
1325 2654 1466 2674 certamente
1481 2653 1524 2673 alle
1539 2653 1626 2677 agitate
1642 2653 1737 2674 vicende
1753 2653 1812 2674 della
1828 2655 1907 2674 nostra
1920 2653 2051 2674 Universiia
2071 2653 2131 2679 negli

1253 2697 1325 2718 ultimi
1341 2697 1393 2717 anni
1409 2697 1444 2718 del
1460 2697 1538 2718 secolo
1554 2697 1603 2718 XlV
1618 2703 1630 2718 e
1646 2698 1680 2718 nei
1697 2698 1762 2723 primi
1779 2698 1815 2718 dcl
1831 2698 1877 2724 XV,
1894 2699 1935 2719 che
1955 2704 1982 2719 ne
2001 2704 2079 2719 resero
2095 2703 2133 2719 ne-

1253 2741 1355 2762 cessario
1371 2741 1384 2762 il
1401 2742 1520 2767 trasporto
1535 2747 1547 2762 a
1565 2741 1684 2763 Piaccnza.
1711 2742 1766 2763 Vedi
1788 2743 1809 2763 in
1834 2743 1957 2768 proposito
1982 2743 2002 2764 la
2031 2744 2086 2764 nota
2110 2743 2131 2764 al

1253 2785 1304 2806 docâ´
1322 2785 1406 2807 CXLV*
