2347 3444
325 167 386 199 106

1075 351 1395 392 CCLXXIII.

411 459 562 486 Decreto
588 458 643 486 del
670 458 768 486 Duca
795 458 829 486 di
855 458 988 487 Milano
1015 468 1033 487 a
1061 460 1181 488 favore
1219 459 1311 495 degli
1349 459 1573 495 Agostiniani
1599 459 1634 487 di
1668 459 1816 487 Brescia
1852 459 2077 495 riguardante
2114 458 2138 486 il

321 516 535 540 testamento
562 511 596 539 di
622 520 666 539 un
692 511 863 540 cittadino
888 520 1032 548 pavese.

940 616 1095 647 1457,
1125 623 1238 648 gen
1246 624 1324 641 ιιι)
1332 617 1400 647 io,
1431 617 1520 641 29.

845 713 909 735 (Acii.
927 713 1006 733 Notat.
1024 713 1045 733 di
1063 713 1133 734 Pax-iri
1150 724 1173 726 —
1189 714 1236 734 Atti
1253 714 1274 734 di
1291 713 1404 738 Agostino
1420 713 1566 739 Gravanago.

562 881 563 892 l

398 907 504 1022 D
570 924 618 951 bx
645 919 828 950 Mediolani
856 921 916 949 etc.
937 918 1040 958 Papie
1060 918 1284 959 Anglerieque
1299 916 1423 950 Comes
1443 928 1480 950 ac
1499 917 1664 951 Cremone
1684 919 1852 951 dominus.
1873 918 2001 950 Dilecte
2020 920 2142 950 noster.

591 980 830 1021 Superioribus
856 981 988 1015 diebus,
1015 981 1242 1012 existentibus
1268 981 1366 1011 nobis
1393 981 1423 1012 in
1451 981 1505 1012 illa
1531 982 1666 1013 civitate
1705 984 1829 1019 nostra,
1866 981 2008 1012 fecimus
2046 981 2144 1012 vobis

590 1044 828 1075 comissionem
856 1043 896 1073 de
922 1051 1025 1073 causa
1042 1043 1092 1073 liis
1109 1043 1139 1073 in
1159 1043 1289 1074 inclusa
1308 1043 1557 1083 supplicatione
1577 1043 1817 1074 venerabilium
1838 1043 1986 1074 Fratrum
2006 1045 2037 1074 et
2055 1041 2146 1074 Con-

325 1110 444 1137 ventus
471 1107 613 1138 ecclesie
640 1106 744 1137 sancti
773 1104 926 1135 Barnabc
953 1103 1059 1135 Brisie
1085 1107 1114 1136 et
1141 1103 1298 1145 Salvagie
1323 1105 1364 1136 de
1392 1105 1537 1137 lnversis
1563 1106 1743 1144 declarata,
1771 1106 1822 1137 cui
1850 1105 1983 1145 quidem
2011 1114 2085 1136 cum
2113 1105 2143 1136 in

326 1169 412 1199 liunc
439 1178 545 1208 usque
573 1169 659 1199 diem
687 1168 785 1198 tinem
812 1167 921 1198 facere
955 1167 1164 1203 distuleritis,
1202 1168 1343 1198 eandem
1381 1168 1493 1198 denuo
1531 1168 1629 1198 vobis
1667 1168 1905 1198 committimus
1931 1167 2145 1204 audiendam,

324 1231 598 1270 cognoscendam
625 1233 655 1261 et
681 1231 746 1261 fine
772 1230 886 1261 debito
917 1230 1172 1267 terminandam,
1200 1230 1365 1270 premissa
1403 1230 1620 1270 expediendo
1658 1230 1848 1261 summatim
1887 1232 1917 1261 et
1955 1230 1996 1261 de
2033 1229 2145 1269 plano,

323 1293 395 1324 sine
422 1293 562 1333 strepitu
590 1295 620 1324 et
646 1293 751 1332 figura
778 1292 902 1329 iudicii,
929 1301 966 1323 ac
994 1292 1060 1323 ullo
1088 1292 1160 1323 sine
1187 1292 1303 1332 litigio,
1330 1292 1407 1323 facti
1436 1293 1574 1323 veritate
1601 1293 1764 1332 inspecta,
1790 1301 1828 1323 ac
1855 1292 1938 1323 intra
1956 1292 2030 1323 dies
2048 1292 2146 1331 quin-

324 1356 430 1386 decim
457 1356 637 1386 continuos
663 1355 704 1386 ad
732 1355 866 1395 longius
893 1357 969 1395 post
989 1355 1104 1385 harum
1124 1355 1360 1394 receptionem.
1380 1354 1610 1386 Decernentes
1626 1355 1763 1395 insuper
1781 1364 1841 1395 pro
1860 1355 1986 1386 minore
2002 1354 2145 1395 partium

324 1418 506 1457 dispendio
532 1419 563 1449 et
589 1420 737 1457 sumptu,
763 1417 855 1456 quod
882 1419 955 1448 acta
982 1418 1013 1448 et
1039 1417 1175 1448 actitata
1201 1426 1415 1457 quecumque
1434 1417 1598 1449 hactenus
1618 1417 1702 1448 inter
1720 1418 1844 1457 partes,
1870 1418 2043 1457 testesque
2070 1425 2147 1457 pro-

325 1480 428 1516 ducti,
456 1480 591 1511 valeant
617 1482 648 1511 et
683 1480 782 1511 tidem
824 1479 959 1516 faciant,
997 1479 1136 1519 perinde
1163 1488 1201 1510 ac
1228 1480 1255 1510 si
1293 1479 1405 1510 denuo
1432 1479 1698 1519 producerentur
1734 1480 1764 1510 et
1800 1479 1926 1516 fierent,
1963 1478 2147 1510 dummodo

325 1542 410 1573 alias
437 1542 582 1582 legitime
608 1541 695 1573 facta
722 1542 788 1573 sint
813 1544 845 1572 et
871 1542 1036 1581 producti.
1064 1540 1139 1572 Dat.
1166 1541 1363 1592 Mediolani,
1390 1541 1444 1573 die
1463 1541 1610 1582 XXVlllJ
1631 1541 1784 1579 Ianuarii,
1803 1539 2148 1582 MCCCCLV1J.An-

326 1613 422 1654 gelus
450 1612 600 1644 Auditor.

413 1673 564 1714 Sapienti
591 1675 719 1706 doctori
754 1675 891 1705 domino
926 1674 1088 1706 leronimo
1127 1674 1315 1715 Mangiarie
1342 1684 1382 1706 ex
1422 1675 1625 1716 iurisperitis
1663 1673 1804 1715 Collegii
1843 1676 1956 1706 nostre
1991 1673 2148 1706 Civitatis

327 1736 443 1777 Papie.

416 1852 643 1884 lllustrissime
670 1855 701 1884 et
727 1853 1012 1884 excellentissime
1038 1852 1212 1894 Princeps.

417 1914 647 1955 Emancipatis
673 1924 690 1946 a
717 1917 810 1956 patre
837 1913 996 1956 Georgio,
1023 1915 1169 1947 Iohanne
1196 1918 1227 1947 et
1254 1916 1450 1954 MichaeHe,
1488 1916 1647 1948 fratribus
1684 1916 1725 1948 de
1762 1916 1916 1948 Bertonis
1954 1916 1994 1948 de
2033 1915 2149 1956 Papia,

326 1977 413 2008 idem
441 1976 610 2018 Georgius
636 1977 715 2009 fecit
741 1978 852 2009 dotem
879 1976 1037 2018 Salvagie
1064 1978 1104 2009 de
1132 1978 1279 2010 Inversis
1305 1980 1382 2010 tunc
1408 1979 1480 2010 eius
1508 1979 1615 2016 uxori,
1642 1979 1683 2009 de
1701 1980 1791 2010 certa
1817 1979 2028 2010 denariorum
2044 1987 2151 2019 quan-

326 2040 428 2077 titate;
456 2040 576 2071 deinde
603 2040 689 2071 idem
717 2038 886 2080 Georgius
912 2049 987 2071 cum
1006 2040 1095 2071 dicto
1115 2040 1260 2072 Iohanne
1279 2042 1473 2072 societatem
1492 2041 1669 2079 contraxit,
1689 2050 1748 2082 pro
1767 2050 1833 2082 qua
1851 2042 1961 2072 dictus
1985 2040 2150 2073 lohannes

326 2102 367 2132 de
394 2102 528 2141 capitali
556 2102 635 2133 dicti
663 2100 800 2143 Georgii
828 2102 1009 2134 confessus
1034 2102 1095 2134 fuit
1123 2103 1284 2134 habuisse
1311 2103 1413 2134 libras
1440 2102 1600 2135 MDCL
1628 2104 1743 2144 imper.
1771 2106 1801 2135 et
1819 2104 1860 2135 de
1879 2103 2014 2144 capitali
2042 2103 2150 2144 ipsius

328 2163 484 2195 lobannis
511 2164 614 2195 libras
640 2164 686 2195 M.
714 2165 841 2205 imper„
868 2174 954 2205 quos
980 2165 1139 2196 denarios
1165 2165 1277 2196 dictus
1304 2165 1469 2197 lohannes
1495 2166 1660 2207 trafegare
1687 2166 1860 2207 promissit
1891 2168 1952 2197 etc.
1991 2168 2089 2206 prout
2116 2166 2146 2196 in

328 2226 435 2265 ipsius
463 2227 683 2258 instrumento
710 2227 883 2258 societatis
910 2228 1106 2258 continetur.
1134 2226 1264 2259 Deinde
1291 2228 1370 2259 dicti
1398 2230 1493 2268 pater
1525 2229 1603 2260 dicti
1642 2227 1779 2269 Georgii
1807 2230 1837 2260 et
1864 2228 2009 2260 Micnael
2049 2228 2150 2259 fillius

326 2289 546 2328 solempniter
563 2298 598 2320 se
618 2289 810 2329 obligarunt
836 2289 937 2321 dictis
963 2288 1111 2331 Georgio
1138 2292 1168 2321 et
1195 2289 1331 2321 Iohanni
1353 2291 1383 2321 in
1403 2293 1493 2322 certa
1518 2291 1733 2322 denariorum
1752 2291 1938 2331 quantitate
1965 2300 2066 2331 quam
2086 2292 2151 2322 tra-

328 2350 440 2389 tegare
467 2351 652 2389 debebant;
679 2352 983 2391 compromiserunt
1009 2352 1108 2383 etiam
1135 2352 1176 2383 de
1202 2352 1337 2392 capitali
1354 2353 1602 2384 restitucionem
1623 2353 1744 2390 facere,
1764 2353 1839 2384 inde
1857 2353 1898 2384 ad
1915 2354 2024 2384 certos
2042 2360 2150 2384 annos

329 2415 358 2443 et
385 2413 424 2443 de
451 2413 585 2444 florenis
612 2412 665 2444 XL
691 2414 780 2444 omni
807 2423 896 2445 anno
922 2414 1107 2445 occaxione
1134 2414 1213 2445 lucri
1253 2415 1468 2454 respondere,
1495 2417 1556 2446 etc.
1584 2417 1618 2446 ut
1645 2415 1721 2447 inde
1759 2415 1897 2455 publico
1933 2416 2064 2446 constat
2101 2415 2149 2445 in-

329 2477 524 2505 strumento.
552 2474 707 2506 Decessit
733 2476 844 2507 dictus
870 2474 1049 2516 Georgius,
1076 2476 1189 2507 relicta
1215 2477 1304 2508 dicta
1332 2486 1447 2515 uxore,
1474 2477 1611 2508 condito
1638 2478 1731 2518 prius
1758 2486 1815 2517 per
1840 2486 1914 2508 eum
1950 2478 2150 2508 testamento

330 2537 360 2567 in
387 2546 455 2576 quo
483 2546 618 2568 uxorem
647 2538 803 2577 relinquit
830 2538 1122 2575 usufructuariam,
1149 2540 1179 2570 et
1205 2539 1269 2570 sibi
1297 2539 1452 2570 heredem
1480 2548 1540 2579 pro
1566 2541 1654 2571 certa
1681 2540 1833 2580 portione
1875 2540 2016 2570 instituit
2053 2539 2151 2579 Mag-

329 2598 481 2629 dalenam
509 2599 582 2629 eius
608 2599 706 2629 liliam
735 2599 962 2639 legiptimam:
989 2602 1019 2631 et
1045 2600 1135 2640 quod
1163 2601 1203 2632 de
1231 2601 1391 2640 predictis
1417 2601 1565 2632 denariis
1583 2603 1614 2632 et
1632 2601 1730 2632 certis
1749 2601 1823 2632 aliis
1841 2601 1904 2632 erni
1923 2601 2060 2632 deberet
2086 2609 2150 2632 una

330 2660 507 2700 possessio
534 2669 592 2700 per
618 2664 728 2691 certos
765 2662 984 2692 comissarios
1011 2664 1041 2693 et
1067 2664 1267 2694 executores
1294 2663 1324 2693 in
1351 2663 1441 2694 dicto
1478 2665 1678 2694 testamento
1719 2664 1931 2700 constitutos,
1970 2672 2043 2694 cum
2086 2663 2148 2694 hoc

330 2722 433 2762 quod,
461 2722 534 2762 ipsa
561 2722 765 2763 Magdalena
792 2723 977 2755 decedente
1004 2724 1075 2755 sine
1102 2725 1189 2761 tiliis,
1217 2727 1293 2765 post
1320 2728 1457 2756 mortem
1484 2725 1571 2756 dicte
1597 2724 1765 2765 Salvagie,
1792 2726 1865 2766 ipsa
1892 2726 2068 2765 possessio
2094 2725 2152 2757 de-

330 2785 458 2815 veniret
484 2786 514 2815 et
540 2793 615 2815 esse
641 2785 777 2816 deberet
805 2794 864 2825 pro
890 2786 968 2816 dote
994 2787 1025 2816 et
1052 2786 1082 2816 in
1110 2786 1221 2817 dotem
1248 2787 1378 2827 capelle
1397 2787 1503 2818 sancti
1524 2786 1680 2818 lobannis
1700 2788 1808 2827 posite
1829 2788 1859 2818 in
1879 2787 2023 2819 ecclesia
2042 2787 2149 2819 sancti

331 2845 485 2877 Barnabe
512 2845 624 2877 Brixie
651 2845 789 2877 Ordinis
815 2848 922 2878 sancti
950 2847 1220 2888 Augustini‚·cui
1248 2849 1376 2888 capelle
1402 2849 1525 2880 dictam
1564 2850 1818 2889 possessionem
1857 2850 1943 2881 idem
1981 2848 2150 2890 Georgius

331 2908 464 2948 legavit.
493 2907 624 2940 Deinde
649 2909 823 2940 constituit
849 2911 958 2940 certos
985 2910 1203 2941 comissarios
1229 2912 1260 2942 et
1285 2913 1485 2942 executores
1511 2911 1590 2942 dicti
1617 2912 1806 2942 testamenti
1833 2913 1864 2943 et
1890 2913 1979 2943 certa
2015 2911 2079 2943 alia
2106 2911 2152 2943 le-

330 2973 406 3005 gata
434 2970 520 3008 fecit,
548 2973 607 3002 etc.
636 2970 673 3002 Et
701 2971 775 3002 licet
802 2971 913 3002 dictus
940 2971 1107 3003 Antonius
1134 2975 1227 3012 pater
1253 2973 1417 3003 dictorum
1445 2971 1581 3013 Georgii
1609 2975 1639 3004 et
1665 2972 1801 3004 fratrum
1828 2982 1866 3005 ac
1893 2973 2040 3005 Micliael
2078 2974 2150 3005 eius

331 3032 420 3062 filius
446 3032 616 3064 debitores
643 3035 676 3064 ut
702 3041 815 3074 supra,
841 3033 1060 3072 decesserint,
1088 3034 1245 3065 videlicet
1263 3034 1336 3075 ipse
1351 3033 1517 3066 Antonius
1537 3035 1660 3067 relictis
1679 3036 1778 3067 certis
1798 3036 1896 3067 bonis
1915 3045 1979 3076 que
1998 3037 2152 3068 tenentur
