2347 3444
1973 200 2037 232 243

226 338 271 370 ob
295 338 498 379 singularem
524 338 744 369 devocionem
772 345 871 377 quam
897 345 975 377 erga
1002 336 1077 367 illos
1103 337 1133 366 et
1159 344 1273 366 eorum
1300 334 1502 365 monasteria
1528 334 1708 374 gerimus...
1734 342 1774 364 ex
1794 335 1881 364 certa
1900 334 2037 364 scientia

225 402 256 432 et
281 401 321 432 de
347 402 459 432 nostre
485 400 662 441 potestatis
688 399 895 440 plenitudine
921 398 1047 429 eisdem
1067 396 1274 435 Guardiano,
1294 395 1478 433 Prioribus,
1499 395 1669 426 Fratribus
1688 397 1718 426 et
1737 396 1948 426 monasteriis
1967 396 2038 426 suis

225 462 393 503 predictis,
419 462 636 493 concedimus
661 462 692 492 et
718 461 967 501 dispensamus,
995 459 1278 500 quandocumque
1304 458 1353 489 eis
1387 457 1518 488 libuerit
1544 459 1574 488 et
1601 457 1655 488 ubi
1697 457 1874 488 comodius
1911 457 2036 487 eisdem

226 524 334 555 visum
360 523 467 561 fuerit,
493 524 637 564 desuper
662 523 926 554 travacliatorem
954 522 1077 562 navigii
1105 521 1207 552 nostri
1234 521 1432 551 existentem
1459 521 1552 550 extra
1578 521 1608 549 et
1628 528 1731 558 prope
1750 519 1870 549 dictam
1891 521 2037 549 nostram

226 586 416 623 civitatem,
454 585 650 617 extrahendi
678 587 708 616 et
733 585 919 616 conducere
946 583 1106 624 possendi
1134 583 1174 614 de
1200 583 1287 613 dicta
1321 590 1408 622 aqua
1443 581 1567 621 navigii
1611 581 1713 611 nostri
1749 581 1864 611 onzias
1898 582 2040 620 quatuor

225 656 311 688 aque
337 657 394 688 per
420 648 608 679 buchellum
636 656 736 678 unum
762 647 986 678 amodelatum
1015 646 1156 683 ibidem,
1197 654 1310 676 eorum
1351 644 1513 684 expensis
1549 643 1788 683 apponendum
1815 645 1845 674 et
1871 651 1942 673 eam
1981 642 2040 673 du—

225 710 354 741 cendi...
382 711 470 741 intus
495 712 525 740 et
550 712 643 740 extra
668 710 710 740 ad
738 710 810 749 ipsa
837 709 1049 745 monasteria,
1076 708 1117 739 ad
1145 716 1241 739 usum
1269 707 1417 747 ipsorum
1460 706 1759 741 monasteriorum,
1798 708 1895 745 prout
1923 705 1952 735 in
1980 713 2039 735 eos

225 773 415 812 compartiri
450 772 592 802 libuerit.
619 770 847 803 Concedimus
872 771 970 802 etiam
998 771 1082 811 ipsis
1120 770 1284 801 licentiam
1311 771 1341 800 et
1367 768 1557 800 facultatem
1595 767 1738 798 faciendi
1777 769 1841 798 tam
1881 767 1911 797 in
1950 767 2038 797 dicto

226 835 350 875 parcho
376 836 491 865 nostro
516 836 546 864 et
573 834 676 864 muris
701 833 863 869 eiusdem,
890 842 989 873 quam
1016 835 1109 863 extra
1136 841 1193 873 per
1219 834 1340 863 stratas
1366 831 1520 871 publicas
1561 838 1805 870 quecumque...
1842 831 2038 860 cavamenta

224 899 254 928 et
281 905 546 936 quoscumque...
572 898 637 926 tam
664 895 901 926 subterraneos
928 903 1027 935 quam
1055 903 1132 932 non,
1160 896 1257 934 prout
1283 895 1510 933 opportunum
1537 894 1567 923 et
1595 892 1819 923 necessarium
1847 890 1943 921 fuerit
1980 900 2039 931 pro

225 958 280 989 tali
306 967 393 998 aque
418 958 634 988 conductura.
662 957 700 987 Et
727 957 788 987 hoc
814 959 892 993 tute,
920 957 1020 987 libere
1046 959 1076 987 et
1103 957 1247 996 impune,
1273 955 1444 995 aliquibus
1472 954 1612 995 legibus,
1632 954 1776 990 statutis,
1795 953 1946 990 decretis,
1966 962 2042 993 pro-

224 1020 415 1051 visionibus
440 1021 471 1050 et
496 1019 673 1050 ordinibus
700 1019 730 1049 in
757 1019 957 1049 contrarium
985 1018 1186 1049 facientibus
1212 1027 1277 1048 non
1304 1013 1456 1057 attentisf,
1484 1016 1608 1056 quibus
1635 1016 1665 1046 in
1693 1017 1853 1055 quantum
1892 1015 2039 1055 predicta

223 1082 399 1113 obviarent
423 1083 479 1112 aut
504 1082 630 1112 aliter...
657 1090 698 1111 ex
726 1083 813 1111 certa
841 1081 978 1111 scientia
1005 1081 1218 1120 derogamus.
1234 1079 1341 1117 Quam
1369 1088 1454 1118 aque
1482 1079 1699 1118 quantitatem
1719 1086 1759 1108 ex
1778 1086 1865 1117 aqua
1893 1077 2039 1117 predicta

223 1144 349 1175 eisdem
377 1144 599 1179 monasteriis,
625 1145 737 1173 tenore
757 1143 959 1182 presentium
979 1145 1009 1173 et
1036 1151 1100 1172 non
1127 1142 1282 1173 obstante
1310 1142 1339 1172 in
1368 1141 1427 1172 liae
1454 1143 1545 1181 parte
1571 1140 1790 1171 concessione
1816 1139 1901 1170 facta
1929 1140 2040 1169 nostre

224 1205 428 1238 Comunitati
457 1204 570 1245 Papie,
596 1205 812 1236 concedimus
830 1207 859 1235 et
878 1204 1055 1245 elargimur
1080 1205 1273 1235 continuato
1299 1206 1457 1243 tempore.
1485 1202 1687 1233 Mandantes
1713 1202 1849 1241 insuper
1868 1201 2041 1241 Magistris

224 1268 417 1300 lntratarum
444 1268 617 1307 utriusque
642 1276 770 1298 camere
797 1268 919 1303 nostre,
938 1265 1181 1298 Commissario
1207 1267 1237 1296 et
1264 1264 1424 1297 Potestati
1450 1273 1487 1296 ac
1515 1264 1760 1301 ReferendariO,
1788 1262 2041 1294 presidentibus

224 1330 374 1371 negociis
400 1330 486 1360 dicte
513 1331 624 1361 nostre
651 1327 808 1360 Civitatis
833 1337 870 1359 ac
897 1327 1084 1368 Capitaneo
1111 1328 1187 1359 dicti
1216 1328 1319 1358 nostri
1348 1327 1435 1367 parci
1464 1325 1577 1366 Papie,
1616 1325 1828 1366 presentibus
1853 1327 1884 1356 et
1909 1324 2040 1362 futuris,

223 1395 390 1433 quatenus
416 1392 476 1423 lias
503 1393 635 1422 nostras
661 1391 892 1422 concessionis
919 1390 1043 1421 litteras
1069 1390 1249 1420 observent
1275 1392 1306 1420 et
1331 1388 1453 1420 faciant
1478 1388 1520 1419 ab
1546 1388 1621 1419 aliis
1640 1388 1838 1418 inconcusse
1857 1387 2041 1417 observari.

224 1454 256 1486 ln
283 1463 424 1495 quorum
450 1454 690 1491 testimonium,
716 1455 776 1484 etc.
804 1452 878 1484 Dat.
905 1452 1112 1489 Mediolani,
1150 1452 1202 1482 die
1241 1452 1347 1491 primo
1387 1450 1539 1491 Augusti,
1567 1450 1662 1481 2482.
1690 1449 1757 1480 lolt.
1797 1449 2039 1487 Francischus,

224 1517 381 1554 Michael,
408 1515 587 1556 Philippus
610 1512 672 1555 (1).

1010 1697 1259 1739 CDLXX.

316 1810 367 1837 La
393 1809 580 1837 Comunita
606 1808 641 1836 di
668 1808 703 1836 S.
731 1807 900 1835 Mostiola
926 1807 1046 1842 elegge
1072 1806 1096 1834 il
1121 1806 1264 1842 proprio
1290 1809 1541 1834 conservatore
1567 1813 1585 1832 e
1611 1804 1748 1840 giudice
1767 1804 1801 1831 in
1819 1812 1886 1831 una
1904 1808 2042 1831 contro-

226 1862 347 1891 versia
372 1862 427 1891 col
453 1862 597 1890 Vicario
621 1861 814 1892 vescovile,

887 1975 905 1998 1
913 1974 1041 2003 482,
1074 1980 1090 1997 ε
1097 1973 1294 2003 ugost09
1328 1973 1379 1996 2.

801 2062 878 2085 (Arclr.
895 2062 975 2082 Notas.
992 2061 1013 2082 tli
1031 2061 1108 2082 anin⁴
1126 2072 1149 2074 —
1165 2061 1213 2081 Atti
1229 2060 1251 2080 di
1269 2060 1369 2081 Luchino
1385 2059 1467 2083 Corti‘s.

245 2265 246 2316 1
314 2250 406 2366 L
472 2268 495 2293 Α
522 2261 696 2294 Comunitd
721 2261 756 2292 cli
780 2260 811 2293 S.
839 2260 1005 2293 Mosti'ola.
1033 2259 1176 2290 raccolta
1201 2259 1232 2289 in
1261 2257 1436 2298 capitolo.
1475 2258 1506 2288 ill
1532 2257 1585 2288 cui
1608 2265 1706 2287 ercmo
1732 2257 1743 2287 i
1766 2255 1913 2295 religiosi
1944 2255 2042 2286 frater

245 2323 246 2330 ¹
463 2345 464 2348 =
493 2326 650 2366 magister
676 2323 800 2356 Galeaz
826 2324 866 2354 de
894 2322 1008 2363 Papia,
1028 2321 1121 2353 Prior
1147 2322 1224 2352 dicti
1252 2320 1456 2356 monasterii,
1475 2319 1573 2350 frater
1592 2319 1793 2350 Eustachius
1812 2318 1851 2349 de
1871 2317 2041 2353 Becliaria,

246 2426 314 2428 W?
491 2388 590 2419 frater
617 2387 785 2418 Melcliion
813 2386 853 2417 de
881 2386 1017 2421 Lucino,
1044 2384 1142 2415 frater
1167 2382 1360 2415 Guilermus
1387 2382 1426 2412 de
1454 2381 1669 2421 Arigonibus,
1700 2379 1798 2410 frater
1833 2379 2042 2420 Augustinus

229 2453 270 2484 de
296 2451 464 2489 pinarolo,
490 2450 589 2481 frater
615 2449 818 2481 Laurencius
843 2449 883 2479 de
910 2447 1071 2487 Bugiella,
1094 2445 1192 2476 frater
1212 2445 1359 2485 Angelus
1378 2444 1418 2474 de
1438 2442 1662 2479 Rusconibus,
1688 2442 1787 2473 frater
1813 2441 2042 2472 Bertolameus

229 2515 270 2546 de
296 2514 455 2552 Ecclesia,
481 2513 580 2544 frater
606 2512 767 2543 Nicolaus
793 2511 833 2542 de
860 2510 994 2546 Trotis,
1029 2508 1085 2548 ριίἰ
1111 2508 1145 2539 di
1168 2508 1230 2539 due
1251 2507 1340 2547 pcm‘i
1364 2506 1446 2537 delle
1472 2507 1516 2536 tre
1541 2504 1594 2536 del
1620 2504 1791 2545 capitolo,
1817 2504 1901 2535 visis
1928 2512 2044 2543 quam-

229 2577 382 2618 pluribus
408 2575 594 2616 privilegiis
620 2575 705 2605 dicte
731 2573 882 2613 religioni
909 2571 1081 2603 concessis
1108 2579 1164 2610 per
1191 2569 1408 2609 quamplures
1435 2567 1614 2598 Pontifices
1651 2569 1681 2598 et
1719 2567 1758 2597 de
1789 2575 1930 2606 quorum
1957 2572 2044 2596 tran-

230 2641 365 2679 sumptu
391 2640 543 2679 rogatum
570 2637 631 2668 fuit
657 2637 910 2667 instrumentum
937 2643 1025 2665 anno
1051 2642 1149 2664 curso
1176 2631 1381 2666 mcccclxxv,
1420 2630 1599 2660 indictione
1637 2629 1789 2669 septima,
1824 2627 2043 2659 Pontificatus

229 2701 432 2733 sanctissimi
459 2700 585 2731 domini
612 2699 737 2730 domini
765 2698 867 2729 nostri
897 2696 986 2736 Pape
1013 2695 1090 2727 Sisti
1114 2695 1227 2725 divina
1248 2692 1468 2724 Providcncia
1488 2690 1578 2732 Pape
1612 2691 1730 2731 quarti,
1761 2700 1818 2731 per
1845 2690 1911 2721 loli.
1932 2689 2041 2720 Fortin

231 2764 271 2794 de
308 2763 474 2794 Berneriis
507 2762 684 2793 clericlium
723 2761 934 2791 baiocensem
981 2757 1174 2798 publiclium
1212 2755 1399 2795 apostolica
1433 2756 1463 2785 et
1497 2753 1658 2794 imperiali
1693 2752 1948 2784 auctoritatibus
1986 2761 2044 2782 no-

231 2826 348 2857 tarium
373 2822 445 2864 (2),
475 2833 532 2865 per
558 2833 699 2864 quorum
726 2823 876 2854 effectum
905 2822 986 2852 inter
1011 2822 1117 2851 cetera
1143 2818 1269 2849 eisdem
1296 2817 1442 2848 dominis
1469 2815 1572 2847 Priori
1599 2818 1629 2847 et
1656 2815 1826 2846 Fratribus
1851 2814 2044 2845 conceditur

291 2983 320 3007 (1)
335 2982 350 3003 ll
365 2982 505 3004 documento
520 2982 539 3003 si
555 2983 621 3003 trova
637 2981 658 3002 in
673 2980 824 3002 trascrizione
839 2979 872 3000 tra
883 2979 912 3005 gli
923 2978 966 2999 atti
982 2978 1017 2998 dcl
1029 2977 1108 2997 notaio
1162 2976 1250 2996 lezione
1266 2975 1287 2995 di
1303 2974 1461 2995 conservatori
1477 2973 1535 2994 farta
1551 2973 1587 2993 dnl
1605 2972 1683 2993 Priore
1699 2972 1810 2993 Generaie
1833 2971 1890 2991 irate
1914 2970 2038 2995 Anzluogin

235 3026 294 3048 Gran
308 3027 409 3048 Antonio
424 3026 539 3052 Roverini,
554 3031 626 3052 paceo
643 3025 762 3047 1502-1517.
1162 3021 1191 3041 da
1206 3019 1259 3041 Cori
1275 3018 1471 3040 contormemente
1486 3018 1531 3039 alla
1547 3017 1611 3038 Bulla
1627 3016 1712 3038 Sistina
1728 3016 1788 3037 Dum
1802 3015 1895 3042 fructus
1909 3015 1991 3035 uberes
2003 3014 2038 3034 dcl

288 3071 319 3095 (2)
335 3071 391 3092 Vedi
407 3071 421 3091 il
437 3071 578 3092 documento
593 3070 629 3091 del
645 3070 657 3090 7
672 3069 743 3095 luglio
761 3069 819 3094 1478,
835 3068 895 3089 dove
909 3068 1018 3089 abbiamo
1034 3072 1078 3087 una
1094 3072 1115 3086 c·
1168 3065 1180 3085 7
1196 3064 1302 3085 tebbraio
1320 3063 1376 3083 1474.
