<?xml version="1.0" encoding="UTF-8"?>
<!DOCTYPE html PUBLIC "-//W3C//DTD XHTML 1.0 Transitional//EN"
    "http://www.w3.org/TR/xhtml1/DTD/xhtml1-transitional.dtd">
<html xmlns="http://www.w3.org/1999/xhtml" xml:lang="en" lang="en">
 <head>
  <title>
</title>
<meta http-equiv="Content-Type" content="text/html;charset=utf-8" />
  <meta name='ocr-system' content='tesseract 3.04.00' />
  <meta name='ocr-capabilities' content='ocr_page ocr_carea ocr_par ocr_line ocrx_word'/>
</head>
<body>
  <div class='ocr_page' id='page_1' title='image "./codexdiplomaticu02maiouoft_0156.png"; bbox 0 0 2347 3444; ppageno 0'>
   <div class='ocr_carea' id='block_1_1' title="bbox 326 202 386 233">
    <p class='ocr_par' dir='ltr' id='par_1_1' title="bbox 326 202 386 233">
     <span class='ocr_line' id='line_1_1' title="bbox 326 202 386 233; baseline 0.017 -1"><span class='ocrx_word' id='word_1_1' title='bbox 326 202 386 233; x_wconf 92' lang='grc'>108</span> 
     </span>
    </p>
   </div>
   <div class='ocr_carea' id='block_1_2' title="bbox 1062 386 1383 426">
    <p class='ocr_par' dir='ltr' id='par_1_2' title="bbox 1062 386 1383 426">
     <span class='ocr_line' id='line_1_2' title="bbox 1062 386 1383 426; baseline 0.003 -2"><span class='ocrx_word' id='word_1_2' title='bbox 1062 386 1383 426; x_wconf 92' lang='lat' dir='ltr'>CCLXXIV.</span> 
     </span>
    </p>
   </div>
   <div class='ocr_carea' id='block_1_3' title="bbox 319 494 2137 584">
    <p class='ocr_par' dir='ltr' id='par_1_3' title="bbox 319 494 2137 584">
     <span class='ocr_line' id='line_1_3' title="bbox 387 494 2137 526; baseline 0.003 -5"><span class='ocrx_word' id='word_1_3' title='bbox 387 495 491 522; x_wconf 84' lang='lat' dir='ltr'>Frate</span> <span class='ocrx_word' id='word_1_4' title='bbox 530 494 704 522; x_wconf 84' lang='lat' dir='ltr'>Giovanni</span> <span class='ocrx_word' id='word_1_5' title='bbox 742 494 883 522; x_wconf 81' lang='lat' dir='ltr'>Andrea</span> <span class='ocrx_word' id='word_1_6' title='bbox 910 495 954 522; x_wconf 83' lang='lat' dir='ltr'>da</span> <span class='ocrx_word' id='word_1_7' title='bbox 981 494 1190 522; x_wconf 82' lang='lat' dir='ltr'>Fontanella</span> <span class='ocrx_word' id='word_1_8' title='bbox 1217 494 1451 523; x_wconf 88' lang='lat' dir='ltr'>Procuratore</span> <span class='ocrx_word' id='word_1_9' title='bbox 1477 495 1512 523; x_wconf 85' lang='lat' dir='ltr'>di</span> <span class='ocrx_word' id='word_1_10' title='bbox 1538 495 1628 524; x_wconf 80' lang='lat' dir='ltr'>frate</span> <span class='ocrx_word' id='word_1_11' title='bbox 1665 495 1841 524; x_wconf 86' lang='lat' dir='ltr'>Giovanni</span> <span class='ocrx_word' id='word_1_12' title='bbox 1878 497 1995 526; x_wconf 86' lang='lat' dir='ltr'>Roceo</span> <span class='ocrx_word' id='word_1_13' title='bbox 2032 497 2137 526; x_wconf 83' lang='lat' dir='ltr'>Porzi</span> 
     </span>
     <span class='ocr_line' id='line_1_4' title="bbox 319 547 1499 584; baseline 0 -8"><span class='ocrx_word' id='word_1_14' title='bbox 319 548 471 584; x_wconf 84' lang='lat' dir='ltr'>produce</span> <span class='ocrx_word' id='word_1_15' title='bbox 498 549 507 575; x_wconf 86' lang='lat' dir='ltr'>i</span> <span class='ocrx_word' id='word_1_16' title='bbox 534 547 645 575; x_wconf 83' lang='lat' dir='ltr'>diritti</span> <span class='ocrx_word' id='word_1_17' title='bbox 671 547 727 576; x_wconf 90' lang='lat' dir='ltr'>del</span> <span class='ocrx_word' id='word_1_18' title='bbox 754 547 935 576; x_wconf 83' lang='lat' dir='ltr'>Convento</span> <span class='ocrx_word' id='word_1_19' title='bbox 961 547 995 576; x_wconf 87' lang='lat' dir='ltr'>di</span> <span class='ocrx_word' id='word_1_20' title='bbox 1023 547 1057 576; x_wconf 92' lang='lat' dir='ltr'>S.</span> <span class='ocrx_word' id='word_1_21' title='bbox 1086 548 1251 576; x_wconf 85' lang='lat' dir='ltr'>Barnaba</span> <span class='ocrx_word' id='word_1_22' title='bbox 1277 548 1312 576; x_wconf 90' lang='lat' dir='ltr'>di</span> <span class='ocrx_word' id='word_1_23' title='bbox 1338 548 1499 576; x_wconf 87' lang='lat' dir='ltr'>Breseia.</span> 
     </span>
    </p>
   </div>
   <div class='ocr_carea' id='block_1_4' title="bbox 956 651 1499 684">
    <p class='ocr_par' dir='ltr' id='par_1_4' title="bbox 956 651 1499 684">
     <span class='ocr_line' id='line_1_5' title="bbox 956 651 1499 684; baseline 0.002 -9"><span class='ocrx_word' id='word_1_24' title='bbox 956 651 1110 683; x_wconf 67' lang='lat'>1437,</span> <span class='ocrx_word' id='word_1_25' title='bbox 1139 652 1417 684; x_wconf 55' lang='lat' dir='ltr'>solun-oio,</span> <span class='ocrx_word' id='word_1_26' title='bbox 1447 652 1499 677; x_wconf 77' lang='lat'>7.</span> 
     </span>
    </p>
   </div>
   <div class='ocr_carea' id='block_1_5' title="bbox 850 739 1602 765">
    <p class='ocr_par' dir='ltr' id='par_1_5' title="bbox 850 739 1602 765">
     <span class='ocr_line' id='line_1_6' title="bbox 850 739 1602 765; baseline 0.001 -6"><span class='ocrx_word' id='word_1_27' title='bbox 850 739 926 760; x_wconf 69' lang='lat' dir='ltr'>tArch.</span> <span class='ocrx_word' id='word_1_28' title='bbox 944 739 1023 760; x_wconf 83' lang='lat' dir='ltr'>Notar.</span> <span class='ocrx_word' id='word_1_29' title='bbox 1041 739 1062 759; x_wconf 79' lang='lat' dir='ltr'>ui</span> <span class='ocrx_word' id='word_1_30' title='bbox 1079 739 1156 760; x_wconf 77' lang='lat' dir='ltr'>l‘avia</span> <span class='ocrx_word' id='word_1_31' title='bbox 1176 750 1197 753; x_wconf 69' lang='lat'>—</span> <span class='ocrx_word' id='word_1_32' title='bbox 1215 739 1262 760; x_wconf 75' lang='lat' dir='ltr'>Atti</span> <span class='ocrx_word' id='word_1_33' title='bbox 1279 739 1300 760; x_wconf 89' lang='lat' dir='ltr'>di</span> <span class='ocrx_word' id='word_1_34' title='bbox 1317 740 1430 764; x_wconf 70' lang='lat' dir='ltr'>Agostino</span> <span class='ocrx_word' id='word_1_35' title='bbox 1447 739 1585 765; x_wconf 75' lang='lat' dir='ltr'>Gravanago</span> <span class='ocrx_word' id='word_1_36' title='bbox 1600 757 1602 760; x_wconf 93' lang='lat'>.</span> 
     </span>
    </p>
   </div>
   <div class='ocr_carea' id='block_1_6' title="bbox 314 925 2139 1664">
    <p class='ocr_par' dir='ltr' id='par_1_6' title="bbox 314 925 2139 1664">
     <span class='ocr_line' id='line_1_7' title="bbox 427 925 2138 1042; baseline 0.002 -74"><span class='ocrx_word' id='word_1_37' title='bbox 427 925 473 1042; x_wconf 85' lang='grc' dir='ltr'>Ι</span> <span class='ocrx_word' id='word_1_38' title='bbox 563 943 585 969; x_wconf 85' lang='grc' dir='ltr'>Ν</span> <span class='ocrx_word' id='word_1_39' title='bbox 613 938 745 969; x_wconf 86' lang='lat' dir='ltr'>nomine</span> <span class='ocrx_word' id='word_1_40' title='bbox 772 937 905 968; x_wconf 78' lang='lat' dir='ltr'>Domini</span> <span class='ocrx_word' id='word_1_41' title='bbox 926 937 1043 968; x_wconf 88' lang='lat' dir='ltr'>Amen.</span> <span class='ocrx_word' id='word_1_42' title='bbox 1063 935 1321 978; x_wconf 84' lang='lat' dir='ltr'>MCCCCLVlJ,</span> <span class='ocrx_word' id='word_1_43' title='bbox 1349 937 1530 969; x_wconf 84' lang='lat' dir='ltr'>indictione</span> <span class='ocrx_word' id='word_1_44' title='bbox 1548 939 1675 978; x_wconf 82' lang='lat' dir='ltr'>quinta,</span> <span class='ocrx_word' id='word_1_45' title='bbox 1694 939 1747 970; x_wconf 89' lang='lat' dir='ltr'>die</span> <span class='ocrx_word' id='word_1_46' title='bbox 1766 940 1912 980; x_wconf 83' lang='lat' dir='ltr'>septimo</span> <span class='ocrx_word' id='word_1_47' title='bbox 1939 940 2065 971; x_wconf 81' lang='lat' dir='ltr'>mensis</span> <span class='ocrx_word' id='word_1_48' title='bbox 2090 939 2138 972; x_wconf 85' lang='lat' dir='ltr'>fe—</span> 
     </span>
     <span class='ocr_line' id='line_1_8' title="bbox 586 997 2139 1042; baseline 0.001 -11"><span class='ocrx_word' id='word_1_49' title='bbox 586 1000 719 1035; x_wconf 79' lang='lat' dir='ltr'>bruarii,</span> <span class='ocrx_word' id='word_1_50' title='bbox 747 1000 826 1030; x_wconf 81' lang='lat' dir='ltr'>liora</span> <span class='ocrx_word' id='word_1_51' title='bbox 853 1008 1080 1039; x_wconf 85' lang='lat' dir='ltr'>vesperarum.</span> <span class='ocrx_word' id='word_1_52' title='bbox 1108 997 1229 1031; x_wconf 88' lang='lat' dir='ltr'>Coram</span> <span class='ocrx_word' id='word_1_53' title='bbox 1257 999 1355 1031; x_wconf 90' lang='lat' dir='ltr'>vobis</span> <span class='ocrx_word' id='word_1_54' title='bbox 1381 1000 1534 1040; x_wconf 80' lang='lat' dir='ltr'>sapiente</span> <span class='ocrx_word' id='word_1_55' title='bbox 1561 1002 1592 1031; x_wconf 87' lang='lat' dir='ltr'>et</span> <span class='ocrx_word' id='word_1_56' title='bbox 1617 1002 1753 1041; x_wconf 86' lang='lat' dir='ltr'>egregio</span> <span class='ocrx_word' id='word_1_57' title='bbox 1779 1002 1888 1042; x_wconf 87' lang='lat' dir='ltr'>legum</span> <span class='ocrx_word' id='word_1_58' title='bbox 1915 1002 2052 1033; x_wconf 89' lang='lat' dir='ltr'>doctore</span> <span class='ocrx_word' id='word_1_59' title='bbox 2078 1002 2139 1033; x_wconf 87' lang='lat' dir='ltr'>do—</span> 
     </span>
     <span class='ocr_line' id='line_1_9' title="bbox 586 1060 2137 1105; baseline 0.002 -12"><span class='ocrx_word' id='word_1_60' title='bbox 586 1063 675 1093; x_wconf 86' lang='lat' dir='ltr'>mino</span> <span class='ocrx_word' id='word_1_61' title='bbox 713 1062 876 1093; x_wconf 86' lang='lat' dir='ltr'>leronimo</span> <span class='ocrx_word' id='word_1_62' title='bbox 902 1061 943 1092; x_wconf 89' lang='lat' dir='ltr'>de</span> <span class='ocrx_word' id='word_1_63' title='bbox 970 1061 1170 1101; x_wconf 77' lang='lat' dir='ltr'>MangIariis</span> <span class='ocrx_word' id='word_1_64' title='bbox 1196 1062 1237 1093; x_wconf 89' lang='lat' dir='ltr'>de</span> <span class='ocrx_word' id='word_1_65' title='bbox 1264 1060 1418 1102; x_wconf 81' lang='lat' dir='ltr'>Collegio</span> <span class='ocrx_word' id='word_1_66' title='bbox 1456 1061 1675 1094; x_wconf 87' lang='lat' dir='ltr'>Dominorum</span> <span class='ocrx_word' id='word_1_67' title='bbox 1715 1063 1982 1104; x_wconf 86' lang='lat' dir='ltr'>lurisperitorum</span> <span class='ocrx_word' id='word_1_68' title='bbox 2022 1064 2137 1105; x_wconf 76' lang='lat' dir='ltr'>Papie,</span> 
     </span>
     <span class='ocr_line' id='line_1_10' title="bbox 318 1123 2138 1166; baseline 0 -8"><span class='ocrx_word' id='word_1_69' title='bbox 318 1128 348 1158; x_wconf 94' lang='lat' dir='ltr'>in</span> <span class='ocrx_word' id='word_1_70' title='bbox 377 1128 436 1157; x_wconf 88' lang='lat' dir='ltr'>hac</span> <span class='ocrx_word' id='word_1_71' title='bbox 463 1131 555 1166; x_wconf 84' lang='lat' dir='ltr'>parte</span> <span class='ocrx_word' id='word_1_72' title='bbox 582 1125 780 1156; x_wconf 84' lang='lat' dir='ltr'>comissario</span> <span class='ocrx_word' id='word_1_73' title='bbox 806 1126 837 1155; x_wconf 86' lang='lat' dir='ltr'>et</span> <span class='ocrx_word' id='word_1_74' title='bbox 862 1123 1018 1164; x_wconf 85' lang='lat' dir='ltr'>delegato</span> <span class='ocrx_word' id='word_1_75' title='bbox 1043 1133 1102 1164; x_wconf 83' lang='lat' dir='ltr'>per</span> <span class='ocrx_word' id='word_1_76' title='bbox 1128 1124 1253 1156; x_wconf 79' lang='lat' dir='ltr'>litteras</span> <span class='ocrx_word' id='word_1_77' title='bbox 1278 1125 1428 1162; x_wconf 78' lang='lat' dir='ltr'>ducales,</span> <span class='ocrx_word' id='word_1_78' title='bbox 1455 1127 1514 1156; x_wconf 91' lang='lat' dir='ltr'>etc.</span> <span class='ocrx_word' id='word_1_79' title='bbox 1542 1134 1602 1165; x_wconf 91' lang='lat' dir='ltr'>pro</span> <span class='ocrx_word' id='word_1_80' title='bbox 1628 1126 1783 1157; x_wconf 89' lang='lat' dir='ltr'>tribunali</span> <span class='ocrx_word' id='word_1_81' title='bbox 1811 1127 1994 1158; x_wconf 77' lang='lat' dir='ltr'>sedente...</span> <span class='ocrx_word' id='word_1_82' title='bbox 2014 1127 2045 1158; x_wconf 95' lang='lat' dir='ltr'>in</span> <span class='ocrx_word' id='word_1_83' title='bbox 2065 1127 2138 1159; x_wconf 86' lang='lat' dir='ltr'>eius</span> 
     </span>
     <span class='ocr_line' id='line_1_11' title="bbox 317 1185 2136 1230; baseline 0.001 -10"><span class='ocrx_word' id='word_1_84' title='bbox 317 1190 417 1220; x_wconf 79' lang='lat' dir='ltr'>domo</span> <span class='ocrx_word' id='word_1_85' title='bbox 445 1188 662 1219; x_wconf 73' lang='lat' dir='ltr'>habitationis</span> <span class='ocrx_word' id='word_1_86' title='bbox 689 1188 719 1217; x_wconf 93' lang='lat' dir='ltr'>in</span> <span class='ocrx_word' id='word_1_87' title='bbox 747 1187 881 1218; x_wconf 85' lang='lat' dir='ltr'>civitate</span> <span class='ocrx_word' id='word_1_88' title='bbox 909 1186 1024 1227; x_wconf 76' lang='lat' dir='ltr'>papie,</span> <span class='ocrx_word' id='word_1_89' title='bbox 1051 1187 1082 1217; x_wconf 89' lang='lat' dir='ltr'>in</span> <span class='ocrx_word' id='word_1_90' title='bbox 1109 1185 1209 1218; x_wconf 77' lang='lat' dir='ltr'>Porta</span> <span class='ocrx_word' id='word_1_91' title='bbox 1236 1188 1342 1218; x_wconf 85' lang='lat' dir='ltr'>sancti</span> <span class='ocrx_word' id='word_1_92' title='bbox 1371 1187 1538 1225; x_wconf 81' lang='lat' dir='ltr'>lobannis,</span> <span class='ocrx_word' id='word_1_93' title='bbox 1566 1188 1596 1218; x_wconf 91' lang='lat' dir='ltr'>in</span> <span class='ocrx_word' id='word_1_94' title='bbox 1624 1187 1788 1220; x_wconf 82' lang='lat' dir='ltr'>Parochia</span> <span class='ocrx_word' id='word_1_95' title='bbox 1822 1189 1929 1221; x_wconf 83' lang='lat' dir='ltr'>sancti</span> <span class='ocrx_word' id='word_1_96' title='bbox 1957 1189 2136 1230; x_wconf 83' lang='lat' dir='ltr'>Fillippi....</span> 
     </span>
     <span class='ocr_line' id='line_1_12' title="bbox 322 1248 2139 1292; baseline 0.001 -10"><span class='ocrx_word' id='word_1_97' title='bbox 322 1253 493 1291; x_wconf 86' lang='lat' dir='ltr'>comparet</span> <span class='ocrx_word' id='word_1_98' title='bbox 520 1250 724 1282; x_wconf 88' lang='lat' dir='ltr'>venerabilis</span> <span class='ocrx_word' id='word_1_99' title='bbox 751 1250 800 1280; x_wconf 90' lang='lat' dir='ltr'>vir</span> <span class='ocrx_word' id='word_1_100' title='bbox 826 1249 985 1281; x_wconf 89' lang='lat' dir='ltr'>dominus</span> <span class='ocrx_word' id='word_1_101' title='bbox 1010 1249 1110 1280; x_wconf 82' lang='lat' dir='ltr'>frater</span> <span class='ocrx_word' id='word_1_102' title='bbox 1136 1248 1301 1281; x_wconf 87' lang='lat' dir='ltr'>lohannes</span> <span class='ocrx_word' id='word_1_103' title='bbox 1317 1249 1469 1281; x_wconf 79' lang='lat' dir='ltr'>Andreas</span> <span class='ocrx_word' id='word_1_104' title='bbox 1495 1250 1536 1281; x_wconf 86' lang='lat' dir='ltr'>de</span> <span class='ocrx_word' id='word_1_105' title='bbox 1561 1249 1756 1282; x_wconf 82' lang='lat' dir='ltr'>Fontanella</span> <span class='ocrx_word' id='word_1_106' title='bbox 1782 1251 1935 1283; x_wconf 82' lang='lat' dir='ltr'>sindicus</span> <span class='ocrx_word' id='word_1_107' title='bbox 1960 1254 1991 1283; x_wconf 92' lang='lat' dir='ltr'>et</span> <span class='ocrx_word' id='word_1_108' title='bbox 2018 1260 2139 1292; x_wconf 89' lang='lat' dir='ltr'>procu-</span> 
     </span>
     <span class='ocr_line' id='line_1_13' title="bbox 317 1311 2139 1353; baseline 0.001 -9"><span class='ocrx_word' id='word_1_109' title='bbox 317 1318 447 1344; x_wconf 69' lang='lat' dir='ltr'>rator...</span> <span class='ocrx_word' id='word_1_110' title='bbox 475 1312 678 1344; x_wconf 83' lang='lat' dir='ltr'>venerabilis</span> <span class='ocrx_word' id='word_1_111' title='bbox 705 1312 764 1343; x_wconf 91' lang='lat' dir='ltr'>viri</span> <span class='ocrx_word' id='word_1_112' title='bbox 792 1312 917 1343; x_wconf 89' lang='lat' dir='ltr'>domini</span> <span class='ocrx_word' id='word_1_113' title='bbox 946 1311 1056 1343; x_wconf 79' lang='lat' dir='ltr'>fratris</span> <span class='ocrx_word' id='word_1_114' title='bbox 1094 1312 1251 1343; x_wconf 80' lang='lat' dir='ltr'>Iohannis</span> <span class='ocrx_word' id='word_1_115' title='bbox 1289 1311 1391 1344; x_wconf 80' lang='lat' dir='ltr'>Rochi</span> <span class='ocrx_word' id='word_1_116' title='bbox 1419 1322 1512 1344; x_wconf 83' lang='lat' dir='ltr'>sacre</span> <span class='ocrx_word' id='word_1_117' title='bbox 1539 1313 1661 1353; x_wconf 80' lang='lat' dir='ltr'>pagine</span> <span class='ocrx_word' id='word_1_118' title='bbox 1687 1313 1836 1345; x_wconf 88' lang='lat' dir='ltr'>doctoris</span> <span class='ocrx_word' id='word_1_119' title='bbox 1862 1316 1892 1345; x_wconf 90' lang='lat' dir='ltr'>et</span> <span class='ocrx_word' id='word_1_120' title='bbox 1919 1313 2039 1345; x_wconf 87' lang='lat' dir='ltr'>Vicarii</span> <span class='ocrx_word' id='word_1_121' title='bbox 2071 1311 2139 1345; x_wconf 86' lang='lat' dir='ltr'>Ge-</span> 
     </span>
     <span class='ocr_line' id='line_1_14' title="bbox 317 1373 2136 1416; baseline 0 -9"><span class='ocrx_word' id='word_1_122' title='bbox 317 1376 438 1407; x_wconf 87' lang='lat' dir='ltr'>neralis</span> <span class='ocrx_word' id='word_1_123' title='bbox 465 1376 638 1416; x_wconf 79' lang='lat' dir='ltr'>provincie</span> <span class='ocrx_word' id='word_1_124' title='bbox 665 1374 865 1405; x_wconf 86' lang='lat' dir='ltr'>Lombardie</span> <span class='ocrx_word' id='word_1_125' title='bbox 892 1373 1041 1405; x_wconf 81' lang='lat' dir='ltr'>Fratrum</span> <span class='ocrx_word' id='word_1_126' title='bbox 1069 1374 1311 1406; x_wconf 84' lang='lat' dir='ltr'>Heremitarum</span> <span class='ocrx_word' id='word_1_127' title='bbox 1347 1374 1485 1406; x_wconf 87' lang='lat' dir='ltr'>Ordinis</span> <span class='ocrx_word' id='word_1_128' title='bbox 1523 1376 1629 1407; x_wconf 88' lang='lat' dir='ltr'>sancti</span> <span class='ocrx_word' id='word_1_129' title='bbox 1667 1374 1846 1416; x_wconf 78' lang='lat' dir='ltr'>Augustini</span> <span class='ocrx_word' id='word_1_130' title='bbox 1865 1373 1958 1416; x_wconf 92' lang='lat' dir='ltr'>(l)....</span> <span class='ocrx_word' id='word_1_131' title='bbox 1986 1385 2046 1408; x_wconf 93' lang='lat' dir='ltr'>nec</span> <span class='ocrx_word' id='word_1_132' title='bbox 2072 1385 2136 1407; x_wconf 94' lang='lat' dir='ltr'>non</span> 
     </span>
     <span class='ocr_line' id='line_1_15' title="bbox 316 1435 2136 1477; baseline 0 -7"><span class='ocrx_word' id='word_1_133' title='bbox 316 1438 519 1470; x_wconf 88' lang='lat' dir='ltr'>venerabilis</span> <span class='ocrx_word' id='word_1_134' title='bbox 546 1438 604 1468; x_wconf 90' lang='lat' dir='ltr'>viri</span> <span class='ocrx_word' id='word_1_135' title='bbox 631 1437 757 1468; x_wconf 86' lang='lat' dir='ltr'>domini</span> <span class='ocrx_word' id='word_1_136' title='bbox 786 1437 896 1468; x_wconf 84' lang='lat' dir='ltr'>fratris</span> <span class='ocrx_word' id='word_1_137' title='bbox 922 1435 1058 1477; x_wconf 82' lang='lat' dir='ltr'>Georgii</span> <span class='ocrx_word' id='word_1_138' title='bbox 1085 1437 1126 1468; x_wconf 89' lang='lat' dir='ltr'>de</span> <span class='ocrx_word' id='word_1_139' title='bbox 1152 1436 1348 1468; x_wconf 83' lang='lat' dir='ltr'>Mediolano</span> <span class='ocrx_word' id='word_1_140' title='bbox 1375 1436 1500 1468; x_wconf 80' lang='lat' dir='ltr'>Prioris</span> <span class='ocrx_word' id='word_1_141' title='bbox 1527 1438 1719 1469; x_wconf 83' lang='lat' dir='ltr'>monasterii</span> <span class='ocrx_word' id='word_1_142' title='bbox 1746 1440 1777 1469; x_wconf 87' lang='lat' dir='ltr'>et</span> <span class='ocrx_word' id='word_1_143' title='bbox 1803 1441 1993 1470; x_wconf 89' lang='lat' dir='ltr'>conventus</span> <span class='ocrx_word' id='word_1_144' title='bbox 2030 1438 2136 1470; x_wconf 89' lang='lat' dir='ltr'>sancti</span> 
     </span>
     <span class='ocr_line' id='line_1_16' title="bbox 316 1498 2136 1540; baseline 0 -8"><span class='ocrx_word' id='word_1_145' title='bbox 316 1501 468 1532; x_wconf 83' lang='lat' dir='ltr'>Barnabe</span> <span class='ocrx_word' id='word_1_146' title='bbox 495 1501 536 1532; x_wconf 92' lang='lat' dir='ltr'>de</span> <span class='ocrx_word' id='word_1_147' title='bbox 563 1500 690 1531; x_wconf 85' lang='lat' dir='ltr'>Brissia</span> <span class='ocrx_word' id='word_1_148' title='bbox 717 1498 856 1531; x_wconf 83' lang='lat' dir='ltr'>Ordinis</span> <span class='ocrx_word' id='word_1_149' title='bbox 883 1500 989 1531; x_wconf 84' lang='lat' dir='ltr'>sancti</span> <span class='ocrx_word' id='word_1_150' title='bbox 1017 1499 1197 1540; x_wconf 78' lang='lat' dir='ltr'>Augustini</span> <span class='ocrx_word' id='word_1_151' title='bbox 1224 1499 1265 1530; x_wconf 88' lang='lat' dir='ltr'>dc</span> <span class='ocrx_word' id='word_1_152' title='bbox 1292 1498 1563 1531; x_wconf 73' lang='lat' dir='ltr'>Observantia.,..</span> <span class='ocrx_word' id='word_1_153' title='bbox 1590 1509 1607 1531; x_wconf 82' lang='lat' dir='ltr'>e</span> <span class='ocrx_word' id='word_1_154' title='bbox 1627 1500 1772 1540; x_wconf 80' lang='lat' dir='ltr'>produce</span> <span class='ocrx_word' id='word_1_155' title='bbox 1797 1501 1871 1532; x_wconf 73' lang='lat' dir='ltr'>tutti·</span> <span class='ocrx_word' id='word_1_156' title='bbox 1891 1500 1942 1540; x_wconf 79' lang='lat' dir='ltr'>gli</span> <span class='ocrx_word' id='word_1_157' title='bbox 1965 1501 2026 1532; x_wconf 79' lang='lat' dir='ltr'>atti</span> <span class='ocrx_word' id='word_1_158' title='bbox 2049 1500 2136 1532; x_wconf 79' lang='lat' dir='ltr'>della</span> 
     </span>
     <span class='ocr_line' id='line_1_17' title="bbox 314 1561 2139 1603; baseline 0 -9"><span class='ocrx_word' id='word_1_159' title='bbox 314 1572 416 1595; x_wconf 75' lang='lat' dir='ltr'>causa</span> <span class='ocrx_word' id='word_1_160' title='bbox 450 1563 510 1603; x_wconf 78' lang='lat' dir='ltr'>gici</span> <span class='ocrx_word' id='word_1_161' title='bbox 547 1563 687 1602; x_wconf 76' lang='lat' dir='ltr'>agitatu,</span> <span class='ocrx_word' id='word_1_162' title='bbox 726 1571 742 1593; x_wconf 83' lang='lat' dir='ltr'>e</span> <span class='ocrx_word' id='word_1_163' title='bbox 776 1562 826 1601; x_wconf 78' lang='lat' dir='ltr'>gli</span> <span class='ocrx_word' id='word_1_164' title='bbox 862 1563 1044 1593; x_wconf 79' lang='lat' dir='ltr'>istrumenti</span> <span class='ocrx_word' id='word_1_165' title='bbox 1079 1571 1117 1593; x_wconf 81' lang='lat' dir='ltr'>su</span> <span class='ocrx_word' id='word_1_166' title='bbox 1154 1562 1208 1593; x_wconf 79' lang='lat' dir='ltr'>Clli</span> <span class='ocrx_word' id='word_1_167' title='bbox 1241 1562 1272 1593; x_wconf 80' lang='lat' dir='ltr'>si</span> <span class='ocrx_word' id='word_1_168' title='bbox 1299 1561 1453 1602; x_wconf 65' lang='lat' dir='ltr'>fontiano</span> <span class='ocrx_word' id='word_1_169' title='bbox 1487 1563 1498 1593; x_wconf 91' lang='lat' dir='ltr'>i</span> <span class='ocrx_word' id='word_1_170' title='bbox 1529 1562 1630 1594; x_wconf 74' lang='lat' dir='ltr'>dirim</span> <span class='ocrx_word' id='word_1_171' title='bbox 1657 1562 1711 1593; x_wconf 79' lang='lat' dir='ltr'>del</span> <span class='ocrx_word' id='word_1_172' title='bbox 1745 1565 1932 1594; x_wconf 77' lang='lat' dir='ltr'>monastero</span> <span class='ocrx_word' id='word_1_173' title='bbox 1968 1565 2079 1595; x_wconf 84' lang='lat' dir='ltr'>contro</span> <span class='ocrx_word' id='word_1_174' title='bbox 2115 1562 2139 1594; x_wconf 87' lang='lat' dir='ltr'>il</span> 
     </span>
     <span class='ocr_line' id='line_1_18' title="bbox 315 1624 527 1664; baseline -0.005 -7"><span class='ocrx_word' id='word_1_175' title='bbox 315 1625 450 1657; x_wconf 79' lang='lat' dir='ltr'>Bertoizi</span> <span class='ocrx_word' id='word_1_176' title='bbox 466 1624 527 1664; x_wconf 83' lang='lat'>(2).</span> 
     </span>
    </p>
   </div>
   <div class='ocr_carea' id='block_1_7' title="bbox 1080 1727 1376 1768">
    <p class='ocr_par' dir='ltr' id='par_1_7' title="bbox 1080 1727 1376 1768">
     <span class='ocr_line' id='line_1_19' title="bbox 1080 1727 1376 1768; baseline -0.007 0"><span class='ocrx_word' id='word_1_177' title='bbox 1080 1727 1376 1768; x_wconf 89' lang='lat' dir='ltr'>CCLXXV.</span> 
     </span>
    </p>
   </div>
   <div class='ocr_carea' id='block_1_8' title="bbox 316 1845 2137 1931">
    <p class='ocr_par' dir='ltr' id='par_1_8' title="bbox 316 1845 2137 1931">
     <span class='ocr_line' id='line_1_20' title="bbox 405 1845 2137 1883; baseline -0.001 -7"><span class='ocrx_word' id='word_1_178' title='bbox 405 1848 511 1876; x_wconf 82' lang='lat' dir='ltr'>Frate</span> <span class='ocrx_word' id='word_1_179' title='bbox 537 1847 699 1875; x_wconf 88' lang='lat' dir='ltr'>Lorenzo</span> <span class='ocrx_word' id='word_1_180' title='bbox 733 1847 826 1880; x_wconf 81' lang='lat' dir='ltr'>Bisfi,</span> <span class='ocrx_word' id='word_1_181' title='bbox 866 1847 968 1883; x_wconf 87' lang='lat' dir='ltr'>quale</span> <span class='ocrx_word' id='word_1_182' title='bbox 1006 1846 1185 1874; x_wconf 86' lang='lat' dir='ltr'>Direttore</span> <span class='ocrx_word' id='word_1_183' title='bbox 1222 1846 1314 1874; x_wconf 86' lang='lat' dir='ltr'>delle</span> <span class='ocrx_word' id='word_1_184' title='bbox 1352 1846 1522 1875; x_wconf 88' lang='lat' dir='ltr'>Umiliate</span> <span class='ocrx_word' id='word_1_185' title='bbox 1548 1846 1583 1874; x_wconf 91' lang='lat' dir='ltr'>di</span> <span class='ocrx_word' id='word_1_186' title='bbox 1609 1846 1644 1875; x_wconf 91' lang='lat' dir='ltr'>S.</span> <span class='ocrx_word' id='word_1_187' title='bbox 1672 1846 1847 1882; x_wconf 82' lang='lat' dir='ltr'>Agostino</span> <span class='ocrx_word' id='word_1_188' title='bbox 1885 1845 2067 1874; x_wconf 83' lang='lat' dir='ltr'>autorizza</span> <span class='ocrx_word' id='word_1_189' title='bbox 2091 1854 2137 1874; x_wconf 91' lang='lat' dir='ltr'>un</span> 
     </span>
     <span class='ocr_line' id='line_1_21' title="bbox 316 1901 734 1931; baseline -0.005 -1"><span class='ocrx_word' id='word_1_190' title='bbox 316 1906 492 1930; x_wconf 83' lang='lat' dir='ltr'>contratto</span> <span class='ocrx_word' id='word_1_191' title='bbox 518 1901 553 1929; x_wconf 85' lang='lat' dir='ltr'>di</span> <span class='ocrx_word' id='word_1_192' title='bbox 579 1901 734 1931; x_wconf 80' lang='lat' dir='ltr'>vendita,</span> 
     </span>
    </p>
   </div>
   <div class='ocr_carea' id='block_1_9' title="bbox 954 1977 1504 2009">
    <p class='ocr_par' dir='ltr' id='par_1_9' title="bbox 954 1977 1504 2009">
     <span class='ocr_line' id='line_1_22' title="bbox 954 1977 1504 2009; baseline 0 -7"><span class='ocrx_word' id='word_1_193' title='bbox 954 1977 1103 2009; x_wconf 73' lang='lat'>1457,</span> <span class='ocrx_word' id='word_1_194' title='bbox 1132 1978 1398 2003; x_wconf 64' lang='lat' dir='ltr'>sehin-aio</span> <span class='ocrx_word' id='word_1_195' title='bbox 1428 1978 1504 2003; x_wconf 79' lang='lat'>12.</span> 
     </span>
    </p>
   </div>
   <div class='ocr_carea' id='block_1_10' title="bbox 884 2066 1573 2087">
    <p class='ocr_par' dir='ltr' id='par_1_10' title="bbox 884 2066 1573 2087">
     <span class='ocr_line' id='line_1_23' title="bbox 884 2066 1573 2087; baseline 0 -1"><span class='ocrx_word' id='word_1_196' title='bbox 884 2066 960 2087; x_wconf 53' lang='lat' dir='ltr'>,Arclh</span> <span class='ocrx_word' id='word_1_197' title='bbox 978 2067 1057 2087; x_wconf 76' lang='lat' dir='ltr'>Notat.</span> <span class='ocrx_word' id='word_1_198' title='bbox 1075 2067 1096 2087; x_wconf 88' lang='lat' dir='ltr'>di</span> <span class='ocrx_word' id='word_1_199' title='bbox 1114 2066 1191 2087; x_wconf 78' lang='lat' dir='ltr'>Pavia.</span> <span class='ocrx_word' id='word_1_200' title='bbox 1208 2077 1233 2080; x_wconf 43' lang='lat' dir='ltr'>-m</span> <span class='ocrx_word' id='word_1_201' title='bbox 1250 2066 1297 2087; x_wconf 78' lang='lat' dir='ltr'>Atti</span> <span class='ocrx_word' id='word_1_202' title='bbox 1314 2066 1335 2086; x_wconf 85' lang='lat' dir='ltr'>di</span> <span class='ocrx_word' id='word_1_203' title='bbox 1353 2066 1457 2087; x_wconf 87' lang='lat' dir='ltr'>Nicolino</span> <span class='ocrx_word' id='word_1_204' title='bbox 1473 2066 1573 2087; x_wconf 67' lang='lat' dir='ltr'>Sicleri&#39;.</span> 
     </span>
    </p>
   </div>
   <div class='ocr_carea' id='block_1_11' title="bbox 313 2200 2137 2750">
    <p class='ocr_par' dir='ltr' id='par_1_11' title="bbox 420 2200 2137 2377">
     <span class='ocr_line' id='line_1_24' title="bbox 420 2200 2137 2315; baseline -0.001 -72"><span class='ocrx_word' id='word_1_205' title='bbox 420 2200 467 2315; x_wconf 86' lang='lat' dir='ltr'>I</span> <span class='ocrx_word' id='word_1_206' title='bbox 561 2217 584 2243; x_wconf 88' lang='grc' dir='ltr'>Ν</span> <span class='ocrx_word' id='word_1_207' title='bbox 610 2211 726 2252; x_wconf 82' lang='lat' dir='ltr'>Papia,</span> <span class='ocrx_word' id='word_1_208' title='bbox 753 2212 908 2243; x_wconf 89' lang='lat' dir='ltr'>videlizet</span> <span class='ocrx_word' id='word_1_209' title='bbox 933 2212 964 2242; x_wconf 94' lang='lat' dir='ltr'>in</span> <span class='ocrx_word' id='word_1_210' title='bbox 991 2211 1150 2243; x_wconf 84' lang='lat' dir='ltr'>domibus</span> <span class='ocrx_word' id='word_1_211' title='bbox 1176 2211 1465 2251; x_wconf 82' lang='lat' dir='ltr'>infrascriptarum</span> <span class='ocrx_word' id='word_1_212' title='bbox 1504 2211 1727 2248; x_wconf 82' lang='lat' dir='ltr'>dominarum,</span> <span class='ocrx_word' id='word_1_213' title='bbox 1754 2210 1852 2242; x_wconf 81' lang='lat' dir='ltr'>Porte</span> <span class='ocrx_word' id='word_1_214' title='bbox 1879 2210 2045 2249; x_wconf 80' lang='lat' dir='ltr'>Damiani‚</span> <span class='ocrx_word' id='word_1_215' title='bbox 2073 2209 2137 2242; x_wconf 78' lang='lat' dir='ltr'>Pa-</span> 
     </span>
     <span class='ocr_line' id='line_1_25' title="bbox 554 2266 2135 2317; baseline -0.001 -12"><span class='ocrx_word' id='word_1_216' title='bbox 554 2266 555 2317; x_wconf 68' lang='lat'><em>]</em></span> <span class='ocrx_word' id='word_1_217' title='bbox 584 2275 695 2306; x_wconf 90' lang='lat' dir='ltr'>rochie</span> <span class='ocrx_word' id='word_1_218' title='bbox 722 2273 754 2306; x_wconf 91' lang='lat' dir='ltr'>S.</span> <span class='ocrx_word' id='word_1_219' title='bbox 781 2274 936 2305; x_wconf 82' lang='lat' dir='ltr'>Iohannis</span> <span class='ocrx_word' id='word_1_220' title='bbox 963 2275 993 2305; x_wconf 94' lang='lat' dir='ltr'>in</span> <span class='ocrx_word' id='word_1_221' title='bbox 1020 2273 1142 2315; x_wconf 86' lang='lat' dir='ltr'>Burgo.</span> <span class='ocrx_word' id='word_1_222' title='bbox 1170 2273 1380 2305; x_wconf 87' lang='lat' dir='ltr'>Venerabilis</span> <span class='ocrx_word' id='word_1_223' title='bbox 1406 2275 1438 2305; x_wconf 87' lang='lat' dir='ltr'>et</span> <span class='ocrx_word' id='word_1_224' title='bbox 1463 2274 1604 2305; x_wconf 83' lang='lat' dir='ltr'>honesta</span> <span class='ocrx_word' id='word_1_225' title='bbox 1638 2273 1773 2305; x_wconf 88' lang='lat' dir='ltr'>domina</span> <span class='ocrx_word' id='word_1_226' title='bbox 1799 2282 1894 2305; x_wconf 89' lang='lat' dir='ltr'>soror</span> <span class='ocrx_word' id='word_1_227' title='bbox 1919 2272 2068 2306; x_wconf 77' lang='lat' dir='ltr'>Romana</span> <span class='ocrx_word' id='word_1_228' title='bbox 2094 2273 2135 2304; x_wconf 91' lang='lat' dir='ltr'>de</span> 
     </span>
     <span class='ocr_line' id='line_1_26' title="bbox 584 2335 2134 2377; baseline -0.001 -9"><span class='ocrx_word' id='word_1_229' title='bbox 584 2337 706 2375; x_wconf 84' lang='lat' dir='ltr'>Baziis,</span> <span class='ocrx_word' id='word_1_230' title='bbox 732 2336 899 2369; x_wconf 76' lang='lat' dir='ltr'>priorissa</span> <span class='ocrx_word' id='word_1_231' title='bbox 936 2337 1058 2368; x_wconf 88' lang='lat' dir='ltr'>domus</span> <span class='ocrx_word' id='word_1_232' title='bbox 1085 2337 1255 2377; x_wconf 88' lang='lat' dir='ltr'>quondam</span> <span class='ocrx_word' id='word_1_233' title='bbox 1282 2337 1417 2367; x_wconf 89' lang='lat' dir='ltr'>domine</span> <span class='ocrx_word' id='word_1_234' title='bbox 1443 2336 1626 2368; x_wconf 87' lang='lat' dir='ltr'>Mabelline</span> <span class='ocrx_word' id='word_1_235' title='bbox 1652 2336 1693 2367; x_wconf 90' lang='lat' dir='ltr'>de</span> <span class='ocrx_word' id='word_1_236' title='bbox 1720 2335 1843 2377; x_wconf 87' lang='lat' dir='ltr'>Burgo,</span> <span class='ocrx_word' id='word_1_237' title='bbox 1870 2335 2024 2376; x_wconf 86' lang='lat' dir='ltr'>professa</span> <span class='ocrx_word' id='word_1_238' title='bbox 2049 2335 2134 2367; x_wconf 86' lang='lat' dir='ltr'>tertii</span> 
     </span>
    </p>

    <p class='ocr_par' dir='ltr' id='par_1_12' title="bbox 313 2397 2136 2750">
     <span class='ocr_line' id='line_1_27' title="bbox 315 2397 2135 2440; baseline -0.002 -9"><span class='ocrx_word' id='word_1_239' title='bbox 315 2400 452 2431; x_wconf 87' lang='lat' dir='ltr'>Ordinis</span> <span class='ocrx_word' id='word_1_240' title='bbox 479 2401 585 2432; x_wconf 87' lang='lat' dir='ltr'>sancti</span> <span class='ocrx_word' id='word_1_241' title='bbox 613 2399 804 2440; x_wconf 83' lang='lat' dir='ltr'>Augustini,</span> <span class='ocrx_word' id='word_1_242' title='bbox 831 2399 883 2431; x_wconf 85' lang='lat' dir='ltr'>col</span> <span class='ocrx_word' id='word_1_243' title='bbox 906 2408 1065 2430; x_wconf 81' lang='lat' dir='ltr'>consenso</span> <span class='ocrx_word' id='word_1_244' title='bbox 1091 2399 1174 2430; x_wconf 78' lang='lat' dir='ltr'>delle</span> <span class='ocrx_word' id='word_1_245' title='bbox 1199 2399 1314 2430; x_wconf 84' lang='lat' dir='ltr'>sorelle</span> <span class='ocrx_word' id='word_1_246' title='bbox 1333 2398 1555 2438; x_wconf 83' lang='lat' dir='ltr'>Alegrancina</span> <span class='ocrx_word' id='word_1_247' title='bbox 1582 2399 1623 2430; x_wconf 94' lang='lat' dir='ltr'>de</span> <span class='ocrx_word' id='word_1_248' title='bbox 1650 2398 1902 2430; x_wconf 80' lang='lat' dir='ltr'>Fraschonibus</span> <span class='ocrx_word' id='word_1_249' title='bbox 1925 2400 1957 2429; x_wconf 91' lang='lat' dir='ltr'>et</span> <span class='ocrx_word' id='word_1_250' title='bbox 1976 2397 2135 2439; x_wconf 87' lang='lat' dir='ltr'>Marghe—</span> 
     </span>
     <span class='ocr_line' id='line_1_28' title="bbox 315 2459 2136 2502; baseline -0.002 -9"><span class='ocrx_word' id='word_1_251' title='bbox 315 2464 373 2494; x_wconf 87' lang='lat' dir='ltr'>rita</span> <span class='ocrx_word' id='word_1_252' title='bbox 399 2464 439 2494; x_wconf 87' lang='lat' dir='ltr'>de</span> <span class='ocrx_word' id='word_1_253' title='bbox 467 2462 589 2502; x_wconf 75' lang='lat' dir='ltr'>Burgo‚</span> <span class='ocrx_word' id='word_1_254' title='bbox 617 2463 717 2493; x_wconf 77' lang='lat' dir='ltr'>vende</span> <span class='ocrx_word' id='word_1_255' title='bbox 742 2462 776 2493; x_wconf 78' lang='lat' dir='ltr'>ul</span> <span class='ocrx_word' id='word_1_256' title='bbox 799 2461 872 2493; x_wconf 80' lang='lat' dir='ltr'>nob.</span> <span class='ocrx_word' id='word_1_257' title='bbox 899 2462 1061 2501; x_wconf 71' lang='lat' dir='ltr'>Agostiito</span> <span class='ocrx_word' id='word_1_258' title='bbox 1087 2461 1126 2493; x_wconf 81' lang='lat' dir='ltr'>de</span> <span class='ocrx_word' id='word_1_259' title='bbox 1152 2461 1272 2501; x_wconf 77' lang='lat' dir='ltr'>lucopo</span> <span class='ocrx_word' id='word_1_260' title='bbox 1290 2460 1390 2501; x_wconf 78' lang='lat' dir='ltr'>figlio</span> <span class='ocrx_word' id='word_1_261' title='bbox 1416 2461 1470 2492; x_wconf 77' lang='lat' dir='ltr'>del</span> <span class='ocrx_word' id='word_1_262' title='bbox 1486 2460 1527 2501; x_wconf 80' lang='lat' dir='ltr'>fu</span> <span class='ocrx_word' id='word_1_263' title='bbox 1557 2460 1690 2493; x_wconf 83' lang='lat' dir='ltr'>Urbano</span> <span class='ocrx_word' id='word_1_264' title='bbox 1715 2460 1889 2491; x_wconf 78' lang='lat' dir='ltr'>secretorio</span> <span class='ocrx_word' id='word_1_265' title='bbox 1915 2459 2040 2495; x_wconf 78' lang='lat' dir='ltr'>ducale,</span> <span class='ocrx_word' id='word_1_266' title='bbox 2062 2460 2136 2491; x_wconf 79' lang='lat' dir='ltr'>tutti</span> 
     </span>
     <span class='ocr_line' id='line_1_29' title="bbox 314 2521 2135 2563; baseline -0.002 -7"><span class='ocrx_word' id='word_1_267' title='bbox 314 2526 324 2556; x_wconf 86' lang='lat' dir='ltr'>i</span> <span class='ocrx_word' id='word_1_268' title='bbox 348 2525 422 2556; x_wconf 81' lang='lat' dir='ltr'>beni</span> <span class='ocrx_word' id='word_1_269' title='bbox 446 2524 559 2555; x_wconf 80' lang='lat' dir='ltr'>mobili</span> <span class='ocrx_word' id='word_1_270' title='bbox 594 2524 647 2555; x_wconf 72' lang='lat' dir='ltr'>del</span> <span class='ocrx_word' id='word_1_271' title='bbox 682 2533 741 2555; x_wconf 82' lang='lat' dir='ltr'>suo</span> <span class='ocrx_word' id='word_1_272' title='bbox 775 2526 932 2555; x_wconf 77' lang='lat' dir='ltr'>convento</span> <span class='ocrx_word' id='word_1_273' title='bbox 957 2525 1013 2555; x_wconf 86' lang='lat' dir='ltr'>siti</span> <span class='ocrx_word' id='word_1_274' title='bbox 1036 2524 1090 2555; x_wconf 82' lang='lat' dir='ltr'>nei</span> <span class='ocrx_word' id='word_1_275' title='bbox 1113 2524 1263 2555; x_wconf 83' lang='lat' dir='ltr'>territorii</span> <span class='ocrx_word' id='word_1_276' title='bbox 1286 2523 1321 2554; x_wconf 77' lang='lat' dir='ltr'>di</span> <span class='ocrx_word' id='word_1_277' title='bbox 1345 2523 1468 2563; x_wconf 60' lang='lat' dir='ltr'>Argiae</span> <span class='ocrx_word' id='word_1_278' title='bbox 1493 2532 1509 2554; x_wconf 85' lang='lat' dir='ltr'>e</span> <span class='ocrx_word' id='word_1_279' title='bbox 1534 2523 1569 2554; x_wconf 73' lang='lat' dir='ltr'>sii</span> <span class='ocrx_word' id='word_1_280' title='bbox 1593 2522 1792 2554; x_wconf 81' lang='lat' dir='ltr'>Montebello</span> <span class='ocrx_word' id='word_1_281' title='bbox 1816 2522 1892 2553; x_wconf 83' lang='lat' dir='ltr'>nell&#39;</span> <span class='ocrx_word' id='word_1_282' title='bbox 1908 2521 2042 2562; x_wconf 79' lang='lat' dir='ltr'>Oltrepo</span> <span class='ocrx_word' id='word_1_283' title='bbox 2068 2521 2135 2553; x_wconf 84' lang='grc' dir='ltr'>Ρα-</span> 
     </span>
     <span class='ocr_line' id='line_1_30' title="bbox 316 2582 2132 2626; baseline -0.002 -8"><span class='ocrx_word' id='word_1_284' title='bbox 316 2596 397 2618; x_wconf 73' lang='lat' dir='ltr'>vese.</span> <span class='ocrx_word' id='word_1_285' title='bbox 429 2587 523 2618; x_wconf 73' lang='lat' dir='ltr'>Tatio</span> <span class='ocrx_word' id='word_1_286' title='bbox 549 2586 599 2617; x_wconf 75' lang='lat' dir='ltr'>cio</span> <span class='ocrx_word' id='word_1_287' title='bbox 637 2595 711 2617; x_wconf 89' lang='lat' dir='ltr'>cum</span> <span class='ocrx_word' id='word_1_288' title='bbox 751 2587 930 2626; x_wconf 83' lang='lat' dir='ltr'>presentia,</span> <span class='ocrx_word' id='word_1_289' title='bbox 968 2587 1165 2617; x_wconf 88' lang='lat' dir='ltr'>auctoritate</span> <span class='ocrx_word' id='word_1_290' title='bbox 1192 2588 1222 2617; x_wconf 85' lang='lat' dir='ltr'>et</span> <span class='ocrx_word' id='word_1_291' title='bbox 1248 2594 1416 2617; x_wconf 86' lang='lat' dir='ltr'>consensu</span> <span class='ocrx_word' id='word_1_292' title='bbox 1455 2585 1629 2617; x_wconf 87' lang='lat' dir='ltr'>reverendi</span> <span class='ocrx_word' id='word_1_293' title='bbox 1661 2585 1691 2615; x_wconf 94' lang='lat' dir='ltr'>in</span> <span class='ocrx_word' id='word_1_294' title='bbox 1719 2582 1855 2616; x_wconf 87' lang='lat' dir='ltr'>Christo</span> <span class='ocrx_word' id='word_1_295' title='bbox 1893 2584 2002 2616; x_wconf 84' lang='lat' dir='ltr'>Patris</span> <span class='ocrx_word' id='word_1_296' title='bbox 2039 2592 2132 2615; x_wconf 86' lang='lat' dir='ltr'>sacre</span> 
     </span>
     <span class='ocr_line' id='line_1_31' title="bbox 313 2645 2135 2689; baseline -0.002 -9"><span class='ocrx_word' id='word_1_297' title='bbox 313 2649 480 2689; x_wconf 80' lang='lat' dir='ltr'>theologie</span> <span class='ocrx_word' id='word_1_298' title='bbox 507 2648 710 2689; x_wconf 83' lang='lat' dir='ltr'>professoris</span> <span class='ocrx_word' id='word_1_299' title='bbox 737 2649 885 2689; x_wconf 81' lang='lat' dir='ltr'>magistri</span> <span class='ocrx_word' id='word_1_300' title='bbox 914 2648 1086 2680; x_wconf 86' lang='lat' dir='ltr'>Laurencii</span> <span class='ocrx_word' id='word_1_301' title='bbox 1114 2649 1154 2680; x_wconf 94' lang='lat' dir='ltr'>de</span> <span class='ocrx_word' id='word_1_302' title='bbox 1182 2648 1276 2679; x_wconf 83' lang='lat' dir='ltr'>Biflis</span> <span class='ocrx_word' id='word_1_303' title='bbox 1303 2647 1428 2679; x_wconf 83' lang='lat' dir='ltr'>Prioris</span> <span class='ocrx_word' id='word_1_304' title='bbox 1448 2647 1638 2678; x_wconf 85' lang='lat' dir='ltr'>monasterii</span> <span class='ocrx_word' id='word_1_305' title='bbox 1658 2648 1688 2678; x_wconf 82' lang='lat' dir='ltr'>et</span> <span class='ocrx_word' id='word_1_306' title='bbox 1707 2648 1896 2678; x_wconf 85' lang='lat' dir='ltr'>conventus</span> <span class='ocrx_word' id='word_1_307' title='bbox 1922 2648 2038 2677; x_wconf 88' lang='lat' dir='ltr'>sancte</span> <span class='ocrx_word' id='word_1_308' title='bbox 2058 2645 2135 2676; x_wconf 87' lang='lat' dir='ltr'>Mu-</span> 
     </span>
     <span class='ocr_line' id='line_1_32' title="bbox 313 2707 2132 2750; baseline -0.002 -8"><span class='ocrx_word' id='word_1_309' title='bbox 313 2711 410 2742; x_wconf 83' lang='lat' dir='ltr'>stiolc</span> <span class='ocrx_word' id='word_1_310' title='bbox 437 2710 515 2741; x_wconf 87' lang='lat' dir='ltr'>dicti</span> <span class='ocrx_word' id='word_1_311' title='bbox 543 2709 692 2747; x_wconf 83' lang='lat' dir='ltr'>Ordinis,</span> <span class='ocrx_word' id='word_1_312' title='bbox 718 2711 774 2749; x_wconf 80' lang='lat' dir='ltr'>qui</span> <span class='ocrx_word' id='word_1_313' title='bbox 803 2710 901 2741; x_wconf 87' lang='lat' dir='ltr'>habet</span> <span class='ocrx_word' id='word_1_314' title='bbox 929 2711 1076 2750; x_wconf 86' lang='lat' dir='ltr'>ipsarum</span> <span class='ocrx_word' id='word_1_315' title='bbox 1103 2710 1313 2741; x_wconf 88' lang='lat' dir='ltr'>dominarum</span> <span class='ocrx_word' id='word_1_316' title='bbox 1341 2718 1453 2740; x_wconf 87' lang='lat' dir='ltr'>curam</span> <span class='ocrx_word' id='word_1_317' title='bbox 1472 2707 1533 2748; x_wconf 84' lang='lat'>(3),</span> <span class='ocrx_word' id='word_1_318' title='bbox 1561 2709 1786 2740; x_wconf 90' lang='lat' dir='ltr'>mediantibus</span> <span class='ocrx_word' id='word_1_319' title='bbox 1813 2709 1913 2740; x_wconf 87' lang='lat' dir='ltr'>certis</span> <span class='ocrx_word' id='word_1_320' title='bbox 1940 2708 2056 2739; x_wconf 86' lang='lat' dir='ltr'>litteris</span> <span class='ocrx_word' id='word_1_321' title='bbox 2081 2716 2132 2739; x_wconf 91' lang='lat' dir='ltr'>re-</span> 
     </span>
    </p>
   </div>
   <div class='ocr_carea' id='block_1_12' title="bbox 317 2864 2127 3115">
    <p class='ocr_par' dir='ltr' id='par_1_13' title="bbox 317 2864 2127 3115">
     <span class='ocr_line' id='line_1_33' title="bbox 370 2864 2127 2892; baseline -0.002 -4"><span class='ocrx_word' id='word_1_322' title='bbox 370 2869 399 2891; x_wconf 60' lang='lat' dir='ltr'>ll&gt;</span> <span class='ocrx_word' id='word_1_323' title='bbox 415 2868 441 2888; x_wconf 84' lang='lat' dir='ltr'>Di</span> <span class='ocrx_word' id='word_1_324' title='bbox 458 2867 516 2888; x_wconf 77' lang='lat' dir='ltr'>irate</span> <span class='ocrx_word' id='word_1_325' title='bbox 531 2867 643 2888; x_wconf 82' lang='lat' dir='ltr'>Giovanni</span> <span class='ocrx_word' id='word_1_326' title='bbox 668 2866 750 2890; x_wconf 70' lang='lat' dir='ltr'>Roccu.</span> <span class='ocrx_word' id='word_1_327' title='bbox 767 2867 808 2887; x_wconf 80' lang='lat' dir='ltr'>che</span> <span class='ocrx_word' id='word_1_328' title='bbox 825 2867 862 2892; x_wconf 79' lang='lat' dir='ltr'>qui</span> <span class='ocrx_word' id='word_1_329' title='bbox 880 2867 986 2887; x_wconf 78' lang='lat' dir='ltr'>vediamo</span> <span class='ocrx_word' id='word_1_330' title='bbox 1009 2867 1099 2887; x_wconf 77' lang='lat' dir='ltr'>Vicario</span> <span class='ocrx_word' id='word_1_331' title='bbox 1122 2866 1194 2887; x_wconf 79' lang='lat' dir='ltr'>Genc-</span> <span class='ocrx_word' id='word_1_332' title='bbox 1251 2872 1302 2892; x_wconf 70' lang='lat' dir='ltr'>pag,</span> <span class='ocrx_word' id='word_1_333' title='bbox 1322 2867 1352 2889; x_wconf 66' lang='lat'>1⁴:</span> <span class='ocrx_word' id='word_1_334' title='bbox 1369 2866 1448 2891; x_wconf 78' lang='lat' dir='ltr'>quindi</span> <span class='ocrx_word' id='word_1_335' title='bbox 1464 2871 1476 2886; x_wconf 84' lang='lat' dir='ltr'>a</span> <span class='ocrx_word' id='word_1_336' title='bbox 1493 2865 1580 2885; x_wconf 85' lang='lat' dir='ltr'>Milano</span> <span class='ocrx_word' id='word_1_337' title='bbox 1596 2865 1630 2885; x_wconf 78' lang='lat' dir='ltr'>nel</span> <span class='ocrx_word' id='word_1_338' title='bbox 1649 2865 1699 2886; x_wconf 68' lang='lat'>1456</span> <span class='ocrx_word' id='word_1_339' title='bbox 1714 2870 1725 2885; x_wconf 85' lang='lat' dir='ltr'>e</span> <span class='ocrx_word' id='word_1_340' title='bbox 1742 2866 1776 2885; x_wconf 84' lang='lat' dir='ltr'>nel</span> <span class='ocrx_word' id='word_1_341' title='bbox 1795 2865 1852 2889; x_wconf 69' lang='lat'>1461,</span> <span class='ocrx_word' id='word_1_342' title='bbox 1869 2865 1926 2890; x_wconf 75' lang='lat' dir='ltr'>ibid,</span> <span class='ocrx_word' id='word_1_343' title='bbox 1943 2870 1994 2890; x_wconf 75' lang='lat' dir='ltr'>pag.</span> <span class='ocrx_word' id='word_1_344' title='bbox 2013 2865 2039 2885; x_wconf 88' lang='grc'>23</span> <span class='ocrx_word' id='word_1_345' title='bbox 2054 2870 2065 2885; x_wconf 84' lang='lat' dir='ltr'>e</span> <span class='ocrx_word' id='word_1_346' title='bbox 2083 2864 2127 2887; x_wconf 79' lang='lat'>106)</span> 
     </span>
     <span class='ocr_line' id='line_1_34' title="bbox 317 2908 2126 2937; baseline -0.001 -6"><span class='ocrx_word' id='word_1_347' title='bbox 317 2913 362 2932; x_wconf 72' lang='lat' dir='ltr'>mle</span> <span class='ocrx_word' id='word_1_348' title='bbox 378 2912 436 2932; x_wconf 77' lang='lat' dir='ltr'>della</span> <span class='ocrx_word' id='word_1_349' title='bbox 453 2912 642 2937; x_wconf 65' lang='lat' dir='ltr'>congregazione</span> <span class='ocrx_word' id='word_1_350' title='bbox 667 2911 795 2936; x_wconf 81' lang='lat' dir='ltr'>lombarda,</span> <span class='ocrx_word' id='word_1_351' title='bbox 818 2911 926 2931; x_wconf 79' lang='lat' dir='ltr'>abbiamo</span> <span class='ocrx_word' id='word_1_352' title='bbox 942 2910 978 2935; x_wconf 60' lang='lat' dir='ltr'>gia</span> <span class='ocrx_word' id='word_1_353' title='bbox 995 2910 1060 2931; x_wconf 70' lang='lat' dir='ltr'>detto</span> <span class='ocrx_word' id='word_1_354' title='bbox 1082 2911 1102 2930; x_wconf 93' lang='lat' dir='ltr'>al</span> <span class='ocrx_word' id='word_1_355' title='bbox 1125 2911 1194 2931; x_wconf 85' lang='lat' dir='ltr'>docu-</span> <span class='ocrx_word' id='word_1_356' title='bbox 1250 2916 1261 2931; x_wconf 84' lang='lat' dir='ltr'>e</span> <span class='ocrx_word' id='word_1_357' title='bbox 1278 2911 1333 2931; x_wconf 83' lang='lat' dir='ltr'>morl</span> <span class='ocrx_word' id='word_1_358' title='bbox 1350 2911 1427 2930; x_wconf 77' lang='lat' dir='ltr'>l&#39;anno</span> <span class='ocrx_word' id='word_1_359' title='bbox 1445 2910 1494 2930; x_wconf 67' lang='lat'>1452</span> <span class='ocrx_word' id='word_1_360' title='bbox 1510 2910 1601 2930; x_wconf 76' lang='lat' dir='ltr'>ncll&#39;cta</span> <span class='ocrx_word' id='word_1_361' title='bbox 1617 2910 1638 2930; x_wconf 88' lang='lat' dir='ltr'>di</span> <span class='ocrx_word' id='word_1_362' title='bbox 1655 2910 1677 2930; x_wconf 89' lang='grc'>71</span> <span class='ocrx_word' id='word_1_363' title='bbox 1695 2915 1762 2930; x_wconf 35' lang='lat' dir='ltr'>annot</span> <span class='ocrx_word' id='word_1_364' title='bbox 1781 2910 1811 2930; x_wconf 73' lang='lat' dir='ltr'>l-&#39;u</span> <span class='ocrx_word' id='word_1_365' title='bbox 1827 2912 1909 2930; x_wconf 83' lang='lat' dir='ltr'>autore</span> <span class='ocrx_word' id='word_1_366' title='bbox 1925 2909 1946 2929; x_wconf 90' lang='lat' dir='ltr'>di</span> <span class='ocrx_word' id='word_1_367' title='bbox 1963 2909 2018 2929; x_wconf 83' lang='lat' dir='ltr'>varii</span> <span class='ocrx_word' id='word_1_368' title='bbox 2044 2908 2126 2933; x_wconf 77' lang='lat' dir='ltr'>scritti,</span> 
     </span>
     <span class='ocr_line' id='line_1_35' title="bbox 318 2954 2126 2981; baseline -0.002 -5"><span class='ocrx_word' id='word_1_369' title='bbox 318 2959 394 2977; x_wconf 78' lang='lat' dir='ltr'>mento</span> <span class='ocrx_word' id='word_1_370' title='bbox 411 2963 431 2977; x_wconf 69' lang='lat' dir='ltr'>n,</span> <span class='ocrx_word' id='word_1_371' title='bbox 448 2957 584 2977; x_wconf 54' lang='lat' dir='ltr'>cmxxxiv,</span> <span class='ocrx_word' id='word_1_372' title='bbox 601 2956 671 2977; x_wconf 81' lang='lat' dir='ltr'>Come</span> <span class='ocrx_word' id='word_1_373' title='bbox 692 2956 792 2976; x_wconf 77' lang='lat' dir='ltr'>rileriscc</span> <span class='ocrx_word' id='word_1_374' title='bbox 809 2956 822 2975; x_wconf 93' lang='lat' dir='ltr'>il</span> <span class='ocrx_word' id='word_1_375' title='bbox 840 2956 955 2980; x_wconf 57' lang='lat' dir='ltr'>Laurum,</span> <span class='ocrx_word' id='word_1_376' title='bbox 978 2956 1023 2976; x_wconf 79' lang='lat' dir='ltr'>vol.</span> <span class='ocrx_word' id='word_1_377' title='bbox 1041 2955 1066 2979; x_wconf 81' lang='lat' dir='ltr'>ll,</span> <span class='ocrx_word' id='word_1_378' title='bbox 1083 2961 1134 2981; x_wconf 68' lang='lat' dir='ltr'>pag.</span> <span class='ocrx_word' id='word_1_379' title='bbox 1159 2956 1192 2981; x_wconf 67' lang='lat'>99,</span> <span class='ocrx_word' id='word_1_380' title='bbox 1248 2962 1313 2976; x_wconf 79' lang='lat' dir='ltr'>coine</span> <span class='ocrx_word' id='word_1_381' title='bbox 1329 2955 1436 2978; x_wconf 70' lang='lat' dir='ltr'>sermoni,</span> <span class='ocrx_word' id='word_1_382' title='bbox 1454 2955 1611 2975; x_wconf 74' lang='lat' dir='ltr'>conuiwntarii</span> <span class='ocrx_word' id='word_1_383' title='bbox 1628 2959 1674 2975; x_wconf 85' lang='lat' dir='ltr'>ecc.</span> <span class='ocrx_word' id='word_1_384' title='bbox 1687 2955 1778 2975; x_wconf 81' lang='lat' dir='ltr'>intorno</span> <span class='ocrx_word' id='word_1_385' title='bbox 1789 2955 1809 2975; x_wconf 85' lang='lat' dir='ltr'>ai</span> <span class='ocrx_word' id='word_1_386' title='bbox 1823 2954 1883 2979; x_wconf 78' lang='lat' dir='ltr'>quali</span> <span class='ocrx_word' id='word_1_387' title='bbox 1896 2954 1946 2974; x_wconf 85' lang='lat' dir='ltr'>vcdi</span> <span class='ocrx_word' id='word_1_388' title='bbox 1960 2954 1982 2974; x_wconf 79' lang='lat' dir='ltr'>F.</span> <span class='ocrx_word' id='word_1_389' title='bbox 1997 2954 2126 2978; x_wconf 73' lang='lat' dir='ltr'>OSSlNGER,</span> 
     </span>
     <span class='ocr_line' id='line_1_36' title="bbox 317 2999 1498 3026; baseline -0.002 -5"><span class='ocrx_word' id='word_1_390' title='bbox 317 3002 359 3024; x_wconf 70' lang='lat' dir='ltr'>culi</span> <span class='ocrx_word' id='word_1_391' title='bbox 377 3002 397 3021; x_wconf 87' lang='lat' dir='ltr'>lu</span> <span class='ocrx_word' id='word_1_392' title='bbox 422 3002 511 3022; x_wconf 56' lang='lat' dir='ltr'>Vicani·</span> <span class='ocrx_word' id='word_1_393' title='bbox 537 3002 647 3022; x_wconf 66' lang='lat' dir='ltr'>(iuuenile</span> <span class='ocrx_word' id='word_1_394' title='bbox 673 3007 713 3026; x_wconf 82' lang='lat' dir='ltr'>per</span> <span class='ocrx_word' id='word_1_395' title='bbox 738 3002 780 3021; x_wconf 74' lang='lat' dir='ltr'>ben</span> <span class='ocrx_word' id='word_1_396' title='bbox 804 3002 899 3026; x_wconf 68' lang='lat' dir='ltr'>quatuo</span> <span class='ocrx_word' id='word_1_397' title='bbox 921 3001 998 3024; x_wconf 76' lang='lat' dir='ltr'>volte,</span> <span class='ocrx_word' id='word_1_398' title='bbox 1022 3000 1052 3020; x_wconf 67' lang='lat' dir='ltr'>liu</span> <span class='ocrx_word' id='word_1_399' title='bbox 1079 3001 1150 3021; x_wconf 75' lang='lat' dir='ltr'>eletio</span> <span class='ocrx_word' id='word_1_400' title='bbox 1175 3001 1195 3021; x_wconf 94' lang='lat' dir='ltr'>la</span> <span class='ocrx_word' id='word_1_401' title='bbox 1252 3005 1287 3025; x_wconf 81' lang='lat' dir='ltr'>op.</span> <span class='ocrx_word' id='word_1_402' title='bbox 1305 3000 1352 3023; x_wconf 78' lang='lat' dir='ltr'>ci!.,</span> <span class='ocrx_word' id='word_1_403' title='bbox 1377 3005 1429 3024; x_wconf 64' lang='lat' dir='ltr'>pag.</span> <span class='ocrx_word' id='word_1_404' title='bbox 1452 2999 1498 3019; x_wconf 84' lang='grc'>712.</span> 
     </span>
     <span class='ocr_line' id='line_1_37' title="bbox 318 3041 2109 3070; baseline -0.002 -5"><span class='ocrx_word' id='word_1_405' title='bbox 318 3046 389 3070; x_wconf 77' lang='lat' dir='ltr'>prima</span> <span class='ocrx_word' id='word_1_406' title='bbox 406 3046 467 3065; x_wconf 69' lang='lat' dir='ltr'>volta</span> <span class='ocrx_word' id='word_1_407' title='bbox 484 3046 518 3065; x_wconf 79' lang='lat' dir='ltr'>nel</span> <span class='ocrx_word' id='word_1_408' title='bbox 535 3046 643 3070; x_wconf 68' lang='lat' dir='ltr'>Capitoli»</span> <span class='ocrx_word' id='word_1_409' title='bbox 659 3045 680 3065; x_wconf 85' lang='lat' dir='ltr'>di</span> <span class='ocrx_word' id='word_1_410' title='bbox 697 3045 809 3066; x_wconf 75' lang='lat' dir='ltr'>Cremona</span> <span class='ocrx_word' id='word_1_411' title='bbox 826 3045 861 3065; x_wconf 76' lang='lat' dir='ltr'>dcl</span> <span class='ocrx_word' id='word_1_412' title='bbox 877 3046 889 3065; x_wconf 71' lang='lat'><strong>4</strong></span> <span class='ocrx_word' id='word_1_413' title='bbox 905 3045 996 3069; x_wconf 57' lang='lat' dir='ltr'>magalo</span> <span class='ocrx_word' id='word_1_414' title='bbox 1010 3045 1066 3068; x_wconf 63' lang='lat'>1451:</span> <span class='ocrx_word' id='word_1_415' title='bbox 1078 3045 1128 3065; x_wconf 69' lang='lat' dir='ltr'>vetii</span> <span class='ocrx_word' id='word_1_416' title='bbox 1148 3044 1194 3065; x_wconf 83' lang='grc' dir='ltr'>ΤΟ·</span> <span class='ocrx_word' id='word_1_417' title='bbox 1302 3044 1332 3067; x_wconf 77' lang='lat'>(2)</span> <span class='ocrx_word' id='word_1_418' title='bbox 1348 3044 1436 3068; x_wconf 78' lang='lat' dir='ltr'>ansto</span> <span class='ocrx_word' id='word_1_419' title='bbox 1453 3043 1593 3063; x_wconf 83' lang='lat' dir='ltr'>documento</span> <span class='ocrx_word' id='word_1_420' title='bbox 1609 3043 1635 3063; x_wconf 76' lang='lat' dir='ltr'>lia</span> <span class='ocrx_word' id='word_1_421' title='bbox 1652 3043 1672 3063; x_wconf 86' lang='lat' dir='ltr'>la</span> <span class='ocrx_word' id='word_1_422' title='bbox 1688 3048 1729 3063; x_wconf 82' lang='lat' dir='ltr'>sua</span> <span class='ocrx_word' id='word_1_423' title='bbox 1746 3042 1894 3068; x_wconf 75' lang='lat' dir='ltr'>spiegazioue</span> <span class='ocrx_word' id='word_1_424' title='bbox 1911 3042 1945 3062; x_wconf 70' lang='lat' dir='ltr'>nel</span> <span class='ocrx_word' id='word_1_425' title='bbox 1962 3041 2109 3067; x_wconf 75' lang='lat' dir='ltr'>precedente.</span> 
     </span>
     <span class='ocr_line' id='line_1_38' title="bbox 318 3085 2126 3115; baseline -0.002 -6"><span class='ocrx_word' id='word_1_426' title='bbox 318 3093 392 3112; x_wconf 59' lang='grc' dir='ltr'>νειμ,</span> <span class='ocrx_word' id='word_1_427' title='bbox 409 3090 452 3112; x_wconf 71' lang='lat' dir='ltr'>vol,</span> <span class='ocrx_word' id='word_1_428' title='bbox 471 3090 516 3113; x_wconf 66' lang='lat' dir='ltr'>Vll.</span> <span class='ocrx_word' id='word_1_429' title='bbox 534 3096 577 3115; x_wconf 59' lang='lat' dir='ltr'>pag</span> <span class='ocrx_word' id='word_1_430' title='bbox 602 3090 621 3114; x_wconf 58' lang='grc' dir='ltr'>[η</span> <span class='ocrx_word' id='word_1_431' title='bbox 639 3089 660 3109; x_wconf 77' lang='lat' dir='ltr'>lu</span> <span class='ocrx_word' id='word_1_432' title='bbox 682 3089 825 3110; x_wconf 72' lang='lat' dir='ltr'>confermata</span> <span class='ocrx_word' id='word_1_433' title='bbox 841 3095 853 3109; x_wconf 93' lang='lat' dir='ltr'>a</span> <span class='ocrx_word' id='word_1_434' title='bbox 870 3089 973 3110; x_wconf 78' lang='lat' dir='ltr'>Tortona</span> <span class='ocrx_word' id='word_1_435' title='bbox 996 3089 1030 3109; x_wconf 72' lang='lat' dir='ltr'>nel</span> <span class='ocrx_word' id='word_1_436' title='bbox 1056 3090 1112 3113; x_wconf 31' lang='lat'>1455!</span> <span class='ocrx_word' id='word_1_437' title='bbox 1136 3089 1192 3111; x_wconf 80' lang='lat' dir='ltr'>ibid,</span> <span class='ocrx_word' id='word_1_438' title='bbox 1303 3089 1333 3112; x_wconf 54' lang='lat'>(3)</span> <span class='ocrx_word' id='word_1_439' title='bbox 1348 3088 1388 3109; x_wconf 83' lang='lat' dir='ltr'>Clii</span> <span class='ocrx_word' id='word_1_440' title='bbox 1405 3088 1495 3109; x_wconf 70' lang='lat' dir='ltr'>rossem</span> <span class='ocrx_word' id='word_1_441' title='bbox 1511 3088 1530 3108; x_wconf 83' lang='lat' dir='ltr'>le</span> <span class='ocrx_word' id='word_1_442' title='bbox 1546 3087 1653 3108; x_wconf 83' lang='lat' dir='ltr'>Umiliate</span> <span class='ocrx_word' id='word_1_443' title='bbox 1669 3087 1690 3107; x_wconf 85' lang='lat' dir='ltr'>di</span> <span class='ocrx_word' id='word_1_444' title='bbox 1707 3086 1729 3107; x_wconf 83' lang='lat' dir='ltr'>S.</span> <span class='ocrx_word' id='word_1_445' title='bbox 1746 3087 1859 3111; x_wconf 66' lang='lat' dir='ltr'>Agostino</span> <span class='ocrx_word' id='word_1_446' title='bbox 1879 3086 1986 3107; x_wconf 85' lang='lat' dir='ltr'>abbiamo</span> <span class='ocrx_word' id='word_1_447' title='bbox 2002 3085 2038 3111; x_wconf 69' lang='lat' dir='ltr'>gia</span> <span class='ocrx_word' id='word_1_448' title='bbox 2061 3085 2126 3106; x_wconf 82' lang='lat' dir='ltr'>deuo</span> 
     </span>
    </p>
   </div>
  </div>
 </body>
</html>
