2347 3444
277 202 342 234 208

275 336 446 372 censibus,
473 335 660 366 redditibus
685 337 716 366 et
742 334 964 375 proventibus
989 332 1181 364 eorumdem
1209 334 1239 362 et
1266 330 1536 370 quibuscumque
1562 328 1637 360 aliis
1663 329 1762 359 bonis
1788 328 1971 359 mobilibus
1989 329 2019 358 et
2038 327 2097 358 im-

277 398 470 434 mobilibus,
496 397 729 438 spiritualibus
754 401 784 428 et
811 395 1063 436 temporalibus,
1089 402 1127 424 ac
1152 393 1227 424 aliis
1265 392 1365 423 rebus
1390 394 1420 422 et
1447 391 1632 431 privilegiis
1657 390 1699 421 ad
1727 390 1918 421 huiusmodi
1954 388 2096 426 Priores,

277 459 416 497 Fratres,
445 460 646 491 monasteria
671 462 771 499 atque
798 457 1025 498 dependencia
1054 456 1124 486 loca
1151 455 1370 484 communiter
1396 453 1446 484 vel
1474 453 1607 483 divisim
1636 460 1776 492 persepe
1802 452 2003 492 multiplices
2029 459 2098 481 mo-

284 522 398 553 lestias
424 525 453 550 et
481 522 618 552 iniurias
645 519 788 551 inferunt
815 519 934 559 pariter
960 521 990 548 et
1015 518 1171 558 Jacturas.
1198 514 1309 552 Quare
1337 524 1395 555 pro
1423 517 1514 555 parte
1541 513 1744 554 prefatorum
1764 513 1974 544 dominorum
2006 511 2098 543 Prio-

277 593 358 621 rum,
387 583 534 614 Fratrum
561 587 591 614 et
617 585 842 614 conventuum
871 579 1069 611 Lombardie
1096 578 1196 609 nobis
1222 577 1389 608 humiliter
1415 576 1623 617 suplicarunt
1641 578 1674 606 ut
1692 584 1766 607 cum
1794 575 1878 615 ipsis
1903 575 2000 606 valde
2027 574 2099 605 red-

276 646 372 677 datur
398 645 533 676 difficile
560 654 618 685 pro
645 644 787 684 singulis
814 641 971 682 querellis
996 641 1038 671 ad
1065 648 1127 670 nos
1154 639 1275 670 nabere
1301 646 1482 675 recursum,
1507 641 1538 669 et
1557 640 1590 669 ut
1608 640 1762 678 parcatur
1786 645 1899 668 eorum
1926 636 2099 667 laboribus

274 711 306 739 et
332 708 503 748 expensis,
531 707 740 745 vacliareque
767 704 898 744 possint
923 702 1045 733 officiis
1071 701 1308 733 ecclesiasticis
1335 701 1556 740 insistereque
1574 699 1784 731 orationibus
1801 702 1832 730 et
1850 699 1982 735 studiiS,
2001 698 2101 738 ipsis-

277 779 341 810 que
367 778 467 809 super
495 770 556 799 noc
583 767 758 808 providere
785 768 921 806 paterna
947 764 1120 805 diligentia
1145 771 1347 794 curaremus.
1374 762 1446 793 Nos
1471 762 1570 803 igitur
1594 762 1759 793 adversus
1785 760 1977 792 huiusmodi
2004 768 2101 791 occu-

278 835 422 872 patores,
449 831 648 866 detentores,
675 831 937 869 presumptores,
964 826 1198 857 molestatores
1215 828 1246 856 et
1265 825 1476 856 iniuriatores
1502 824 1706 861 huiusmodi,
1722 824 1778 855 illo
1797 823 1948 854 volentes
1973 823 2098 854 eisdem

278 893 460 929 Prioribus,
482 892 651 923 Fratribus
669 893 699 921 et
717 889 942 921 conventibus
968 888 1127 929 predictis
1145 888 1292 919 remedio
1311 887 1496 925 subveniri,
1515 896 1572 927 per
1591 886 1681 927 quod
1701 887 1850 927 ipsorum
1869 888 2101 926 compescatur

278 956 455 989 temeritas,
482 958 511 984 et
537 954 613 984 aliis
639 952 761 983 similia
786 951 1015 983 committendi
1041 950 1154 982 aditus
1180 950 1403 990 precludatur,
1430 949 1628 981 discrecioni
1667 951 1775 980 vestre
1802 957 1859 989 per
1885 949 1944 980 liec
1977 948 2100 988 scripta

279 1017 488 1052 mandamus,
504 1016 670 1055 quatenus
697 1023 770 1051 vos,
796 1016 852 1045 aut
878 1022 965 1044 unus
991 1015 1149 1049 vestrum,
1176 1021 1234 1053 per
1260 1021 1322 1044 vos
1348 1012 1399 1043 vel
1426 1011 1526 1043 alium
1554 1020 1612 1043 seu
1639 1011 1735 1049 alios,
1761 1011 1859 1042 etiam
1879 1011 1905 1042 si
1925 1011 1990 1042 sint
2008 1012 2101 1041 extra

280 1079 361 1110 loca.
388 1078 417 1108 in
445 1077 569 1116 quibus
596 1076 745 1116 deputati
772 1076 854 1107 estis
883 1077 1140 1106 conservatores
1165 1076 1196 1105 et
1220 1074 1373 1116 judices,
1411 1073 1549 1115 pretatis
1576 1072 1750 1105 Prioribus
1775 1075 1806 1104 et
1833 1073 2003 1104 Fratribus
2032 1071 2103 1103 effi-

280 1140 376 1170 ciatis
395 1142 425 1170 et
444 1138 654 1169 defensionis
679 1138 807 1169 auxilio
832 1138 1032 1169 assistentes
1057 1146 1123 1168 non
1150 1137 1350 1177 permittatis
1367 1136 1504 1167 eosdem
1531 1144 1632 1176 super
1659 1136 1710 1167 liis
1735 1138 1766 1166 et
1793 1135 2000 1176 quibuslibet
2026 1135 2102 1166 aliis

279 1203 387 1236 bonis,
402 1202 532 1242 juribus
558 1203 587 1232 et
615 1201 800 1241 privilegiis
818 1200 860 1231 ad
880 1199 1023 1237 Priores,
1054 1199 1194 1237 Fratres,
1220 1202 1417 1236 conventus,
1437 1199 1638 1230 monasteria
1656 1207 1693 1229 ac
1714 1198 1950 1238 dependencia,
1970 1197 2011 1228 ad
2031 1197 2102 1228 loca

281 1264 428 1304 predicta
455 1264 657 1294 coniunctim
685 1271 743 1294 seu
770 1263 950 1303 separatim
977 1264 1187 1302 spectantes,
1220 1261 1263 1293 ab
1288 1262 1415 1293 eisdem
1442 1261 1493 1292 vel
1520 1261 1693 1301 aliquibus
1728 1260 1804 1292 aliis
1830 1260 1976 1291 indebite
2003 1259 2104 1291 mole-

280 1327 357 1358 stari
386 1326 436 1357 vel
463 1327 512 1357 eis
537 1326 733 1366 gravamina
759 1334 817 1357 seu
844 1325 990 1365 dampna
1017 1324 1068 1356 vel
1097 1325 1245 1362 iniurias,
1272 1324 1420 1365 irrogari,
1446 1323 1563 1355 facturi
1590 1323 1689 1355 dictis
1715 1322 1899 1360 Prioribus,
1933 1321 2103 1354 Fratribus

277 1391 307 1419 et
333 1387 570 1420 Conventibus
595 1397 669 1419 cum
696 1387 738 1419 ab
764 1388 813 1418 eis
839 1387 891 1418 vel
918 1388 1068 1428 ipsorum
1095 1389 1151 1418 aut
1183 1386 1363 1418 cuiuslibet
1400 1387 1549 1427 ipsorum
1588 1385 1862 1426 procuratoribus
1898 1385 2028 1416 fueritis
2056 1394 2105 1417 re-

278 1451 404 1491 quisiti,
431 1450 471 1481 de
497 1450 657 1490 predictis
683 1452 713 1481 et
739 1450 814 1481 aliis
841 1450 996 1490 personis
1023 1445 1231 1489 quibuslibet
1257 1457 1358 1489 super
1384 1449 1592 1480 restitutione
1619 1448 1812 1480 huiusmodi
1831 1450 2026 1485 castrorum,
2044 1447 2105 1479 vil-

280 1513 395 1550 larum,
422 1514 592 1549 terrarum,
621 1512 915 1553 jurisdictionum,
940 1512 1062 1553 jurium
1088 1514 1119 1542 et
1145 1511 1309 1542 bonorum
1347 1511 1521 1542 mobilium
1555 1512 1586 1542 et
1619 1510 1862 1548 immobilium,
1899 1510 2103 1541 redditorum

280 1583 416 1614 quoque
442 1576 542 1614 atque
569 1576 793 1615 proventuum
819 1576 850 1605 et
875 1574 1015 1605 aliorum
1043 1573 1269 1614 quorumlibet
1296 1573 1482 1604 bonorum:
1501 1582 1629 1604 necnon
1656 1575 1687 1604 et
1713 1573 1753 1604 de
1779 1572 1987 1613 quibuslibet
2005 1572 2106 1604 mole-

281 1637 365 1673 stiis,
392 1636 522 1667 iniuriis
551 1644 588 1667 ac
619 1636 786 1676 dampnis,
812 1635 1064 1676 privilegiorum
1090 1635 1412 1667 contrafactionibus
1437 1638 1468 1666 et
1495 1636 1609 1676 pravis
1635 1635 1940 1666 subaudicionibus
1964 1637 1995 1666 et
2013 1634 2107 1666 intel-

280 1699 421 1730 lectibus
448 1698 662 1739 presentibus
687 1701 718 1729 et
743 1697 875 1736 futuris,
902 1699 933 1729 in
960 1698 1026 1730 illis
1052 1698 1207 1729 videlicet
1233 1706 1297 1738 que
1330 1697 1521 1738 judicialem
1556 1698 1727 1737 requirunt
1764 1697 1977 1738 indaginem,
2015 1705 2105 1728 sum-

284 1761 385 1792 marie
410 1762 441 1792 et
467 1761 507 1792 de
534 1761 634 1801 plano
653 1761 725 1792 sine
743 1761 883 1801 strepitu
902 1764 933 1792 et
951 1761 1056 1801 figura
1074 1760 1189 1802 judicii
1206 1771 1212 1798 ;
1233 1761 1263 1791 in
1283 1760 1358 1791 aliis
1377 1769 1455 1791 vero
1475 1762 1572 1800 prout
1591 1760 1737 1800 qualitas
1755 1768 1868 1790 eorum
1883 1760 2041 1800 exegerit,
2055 1759 2106 1801 ju-

282 1823 375 1854 sticie
401 1823 693 1863 complementum,
719 1825 940 1863 occupatores
966 1831 1024 1854 seu
1051 1822 1252 1860 detentores,
1279 1824 1542 1863 presumptores,
1569 1822 1802 1853 molestatores
1828 1824 1859 1853 et
1895 1822 2106 1853 iniuriatores

282 1893 340 1916 nec
359 1894 425 1916 non
444 1885 708 1916 contradictores
734 1885 905 1925 quoslibet
922 1887 953 1916 et
971 1885 1113 1916 rebelles
1138 1885 1379 1925 cuiuscumque
1405 1885 1590 1926 dignitatis,
1616 1886 1733 1922 status,
1752 1885 1887 1926 gradus,
1906 1884 2035 1916 ordinis
2053 1884 2104 1916 vel

281 1947 505 1978 condictionis
530 1948 729 1985 exstiterint,
756 1947 1040 1987 quandocumque
1065 1950 1096 1978 et
1122 1947 1431 1987 quocienscumque
1457 1947 1654 1988 expedierit,
1680 1947 1875 1978 auctoritate
1901 1950 2014 1979 nostra
2040 1948 2106 1978 imo

283 2009 395 2040 verius
413 2009 612 2049 apostolica,
632 2018 689 2050 per
707 2018 882 2041 censuram
900 2009 1174 2048 ecclesiasticam,
1192 2009 1419 2050 appellatione
1438 2010 1640 2050 postposita,
1666 2009 1924 2050 compescendo,
1951 2010 2107 2041 invocato

284 2071 326 2102 ad
353 2072 426 2109 hoc,
453 2072 479 2103 si
506 2080 594 2112 opus
620 2071 728 2109 fuerit,
754 2072 882 2103 auxilio
910 2072 1035 2103 brachii
1062 2072 1245 2103 secularis:
1273 2081 1338 2103 non
1365 2071 1581 2103 obstantibus
1614 2073 1680 2103 tam
1717 2071 1825 2103 felicis
1858 2072 2107 2104 recordacionis

286 2131 497 2165 Sanctissimi
525 2132 659 2165 Dornini
687 2134 799 2165 Nostri
827 2133 991 2165 Bonifacii
1019 2133 1110 2174 Pape
1136 2135 1258 2172 octavi,
1286 2135 1317 2166 in
1344 2135 1470 2175 quibus
1495 2136 1631 2165 cavetur
1656 2143 1696 2165 ne
1723 2134 1799 2174 quis
1824 2136 1918 2165 extra
1943 2143 2038 2166 suam
2064 2135 2109 2166 ci-

289 2196 424 2227 vitatem
451 2198 481 2227 et
508 2196 681 2234 diocesim,
723 2197 786 2228 nisi
814 2197 845 2228 in
871 2197 970 2228 certis
1006 2198 1158 2238 exceptis
1195 2197 1333 2229 casibus
1358 2199 1389 2228 et
1427 2197 1458 2228 in
1496 2196 1562 2228 illis
1599 2197 1682 2228 ultra
1720 2205 1819 2228 unam
1853 2197 1975 2228 dietam
2001 2205 2019 2228 a
2044 2197 2108 2228 fine

288 2266 347 2289 sue
374 2258 520 2289 diocesis
546 2260 713 2296 evocetur,
740 2267 798 2290 seu
826 2268 865 2290 ne
890 2259 1020 2300 judices
1045 2262 1076 2291 et
1101 2261 1358 2291 conservatores
1375 2268 1393 2291 a
1412 2258 1498 2291 Sede
1517 2258 1644 2299 prefata
1663 2259 1811 2300 deputati
1830 2261 1923 2290 extra
1941 2259 2108 2291 civitatem

285 2322 316 2351 et
341 2319 511 2351 Diocesim
539 2321 569 2351 in
597 2321 721 2360 quibus
748 2321 896 2361 deputati
924 2321 1055 2359 fuerint,
1080 2324 1194 2353 contra
1221 2330 1454 2361 quoscumque
1480 2321 1659 2362 procedere
1677 2322 1750 2353 sive
1767 2321 1822 2352 alii
1841 2321 1892 2352 vel
1919 2321 1994 2353 aliis
2020 2322 2111 2354 vices

288 2390 368 2413 suas
393 2383 609 2420 committere,
635 2385 691 2414 aut
717 2383 851 2423 aliquos
877 2383 961 2415 ultra
988 2392 1086 2415 unam
1113 2384 1236 2415 dietam
1255 2393 1273 2415 a
1292 2384 1355 2415 fine
1374 2384 1521 2415 diocesis
1539 2383 1732 2415 eorumdem
1759 2384 1880 2415 habere
1906 2386 2110 2424 presumant,

289 2443 473 2475 dummodo
500 2445 583 2475 ultra
610 2445 695 2476 duas
721 2445 829 2476 dietas
854 2446 989 2486 aliquos
1014 2447 1210 2478 auctoritate
1243 2447 1447 2487 presentium
1485 2455 1550 2477 non
1589 2446 1719 2477 trahant
1745 2454 1803 2477 seu
1830 2447 1921 2486 quod
1959 2447 1999 2478 de
2035 2447 2111 2479 aliis

292 2514 391 2544 quarn
419 2506 458 2536 de
485 2506 673 2537 manifestis
699 2507 829 2538 iniuriis
854 2509 885 2539 et
911 2508 1086 2539 violenciis
1112 2510 1142 2539 et
1167 2508 1243 2540 aliis
1269 2509 1325 2549 qui
1351 2508 1542 2550 judicialem
1569 2509 1741 2548 requirunt
1767 2508 1977 2549 indaginem,
2015 2509 2111 2550 penis

293 2567 322 2597 in
349 2576 419 2604 eos,
446 2568 472 2598 si
500 2576 597 2599 secus
623 2569 759 2609 egerint,
786 2569 947 2607 adiectis;
975 2578 1074 2610 quam
1100 2570 1176 2601 aliis
1203 2570 1474 2610 quibuscumque
1503 2570 1807 2601 constitucionibus
1832 2579 1850 2601 a
1876 2569 2024 2602 Summis
2050 2570 2114 2604 Ro-

295 2629 402 2659 rnanis
430 2627 660 2667 Pontificibus,
688 2630 728 2661 de
753 2631 924 2671 judicibus
951 2631 1114 2672 delegatis
1139 2634 1170 2663 et
1195 2632 1492 2663 conservatoribus
1518 2640 1618 2671 quain
1638 2632 1793 2672 personis
1812 2632 1895 2663 ultra
1913 2635 2036 2664 certum
2055 2642 2114 2665 nu-

294 2698 418 2720 merum
444 2690 486 2721 ad
511 2691 672 2731 judicium
700 2692 874 2730 vocandis,
900 2695 956 2724 aut
981 2693 1067 2731 aliis,
1093 2694 1203 2731 editis,
1231 2702 1295 2734 que
1321 2695 1430 2725 vestre
1457 2696 1597 2734 possent
1623 2694 1654 2724 in
1681 2694 1742 2725 liae
1769 2697 1861 2734 parte
1889 2695 2112 2736 jurisdictioni

293 2753 349 2782 aut
387 2753 542 2792 potestati
569 2753 710 2793 ejiisque
737 2753 842 2784 libero
867 2755 1026 2786 exercitio
1068 2756 1324 2795 quomodolibet
1360 2755 1520 2793 obviare,
1557 2763 1616 2787 seu
1642 2755 1670 2787 si
1696 2756 1868 2796 aliquibus
1896 2758 2115 2789 communiter

295 2813 346 2844 vel
373 2813 522 2851 divisim,
548 2823 566 2845 a
593 2815 740 2854 predicta
767 2815 808 2846 sit
835 2813 920 2847 Sede
948 2816 1123 2854 indultum,
1150 2817 1241 2857 quod
1268 2817 1562 2854 excommunicari,
1589 2817 1763 2857 suspendi,
1790 2818 1840 2849 vel
1868 2819 2028 2857 interdici,
2054 2827 2113 2851 seu

295 2878 389 2907 extra
416 2876 466 2907 vel
495 2876 578 2907 ultra
603 2878 690 2907 certa
717 2876 788 2907 loca
814 2877 856 2908 ad
882 2878 1043 2918 judicium
1070 2880 1202 2910 evocari
1230 2888 1295 2910 non
1322 2879 1465 2920 possint,
1491 2880 1554 2910 nisi
1582 2888 1639 2920 per
1665 2880 1790 2911 litteras
1815 2879 2030 2921 Apostolicas
2049 2890 2114 2913 non

296 2937 457 2969 facientes
483 2938 615 2978 plenam
641 2940 672 2969 et
697 2947 893 2979 expressam
919 2948 957 2971 ac
983 2940 1023 2971 de
1050 2941 1152 2972 verbo
1177 2941 1219 2972 ad
1246 2941 1383 2972 verbum
1411 2941 1451 2972 de
1478 2941 1606 2972 indulto
1633 2941 1825 2973 huiusmodi
1851 2945 1883 2974 et
1907 2951 2019 2974 earum
2045 2952 2117 2984 per-

298 3000 402 3038 sonis,
430 3000 512 3031 locis
537 3002 567 3031 et
594 3000 787 3032 nominibus
813 3002 969 3041 propriis,
997 3003 1214 3040 mencionem,
1240 3005 1271 3034 et
1296 3002 1445 3042 qualibet
1469 3003 1534 3034 alia
1560 3003 1646 3034 dicte
1683 3002 1781 3035 Sedis
1814 3005 2025 3046 indulgencia
2062 3013 2118 3047 ge-

300 3062 401 3093 nerali
428 3062 479 3093 vel
506 3061 655 3102 speciali,
681 3062 923 3102 cuiuscumque
949 3064 1074 3095 tenoris
1099 3064 1256 3102 existant,
1283 3073 1340 3105 per
1366 3073 1466 3105 quam
1493 3065 1706 3105 presentibus
1732 3075 1797 3097 non
1823 3075 2038 3107 expressam,
2065 3067 2116 3099 vel
