2347 3444
304 211 346 243 30

1143 418 1262 459 CLI.

392 529 623 558 Testamento
661 529 754 557 della
792 529 871 557 nob.
908 528 1092 556 Giovanna
1130 526 1234 554 Meda
1272 525 1473 554 Salimbene
1499 534 1518 554 a
1545 525 1666 554 favore
1692 525 1726 554 di
1753 525 1841 554 frate
1879 525 1969 554 Gian
2005 525 2116 554 Paolo

300 583 416 611 Meda.

964 659 984 682 1
991 660 1021 682 -21
1028 658 1120 689 (⁷)39
1148 658 1346 689 lxta-110,

1380 658 1457 683 12.

874 746 950 766 tArch.
967 745 1047 766 Notat,
1064 745 1086 766 di
1103 745 1172 766 Pavia
1188 756 1213 759 —
1229 745 1276 766 Atti
1292 745 1314 766 di
1331 745 1432 767 Antonio
1448 745 1556 771 oleario).

377 933 485 1049 T

303 1133 344 1164 de
370 1133 495 1164 Medda
521 1133 652 1164 tratrem
679 1131 936 1163 conventualem
963 1130 1101 1163 Ordinis
1129 1130 1250 1163 Sancte
1276 1131 1436 1163 Mostiole
1473 1131 1619 1162 civitatis
1654 1130 1768 1171 Papie,
1796 1131 1826 1161 in
1854 1131 1947 1162 libris
1985 1130 2120 1171 viginti-

549 949 782 976 ESTAMENTO
808 944 895 975 della
919 943 993 975 nob.
1027 942 1202 975 Giovumm
1240 942 1427 976 SaIImbene
1465 943 1589 975 vedova
1614 943 1649 975 di
1674 942 1882 975 Grovannolo
1918 943 2027 979 Meda,
2065 942 2119 974 nel

572 1008 690 1048 quale:
717 1007 859 1038 instituit
885 1006 948 1037 sibi
976 1006 1118 1038 heredes
1144 1007 1364 1046 particulares
1389 1006 1455 1037 don
1484 1005 1687 1037 lacominum
1707 1005 1747 1036 de
1770 1005 1897 1036 Medda
1923 1005 2117 1036 dedicatum

526 1106 531 1107 ⁷
571 1070 762 1101 monasterii
790 1070 896 1101 sancti
924 1068 1011 1101 Petri
1039 1070 1070 1100 in
1097 1069 1169 1101 celo
1195 1078 1297 1101 aureo
1323 1069 1498 1110 papiensis
1524 1070 1554 1100 et
1581 1068 1724 1099 Fratrem
1760 1067 1939 1099 lohannem
1977 1067 2118 1099 Paulum

303 1195 451 1235 quinque
479 1195 701 1235 papiensibus
727 1203 787 1234 pro
813 1194 964 1234 quolibet
991 1194 1151 1234 ipsorum,
1177 1193 1372 1225 tacitandoli
1391 1201 1453 1233 per
1474 1195 1597 1232 quanto
1619 1195 1788 1233 potesscro
1821 1193 2010 1233 pretendere
2034 1192 2120 1224 sulla

302 1257 432 1288 credita.

1145 1404 1292 1444 CLII.

392 1514 637 1551 Disposizioni
663 1513 930 1542 testamentarie
957 1513 991 1542 di
1017 1513 1189 1542 Giacomo
1208 1513 1265 1541 dal
1284 1513 1414 1541 Verme
1439 1512 1657 1548 riguardanti
1683 1511 1805 1540 l'Arca
1824 1512 1858 1540 di
1878 1512 1913 1541 S.
1933 1511 2118 1548 Agostino,

304 1577 321 1596 e
347 1569 413 1596 due
439 1568 559 1596 Messe
585 1567 800 1604 quotidiane,
828 1567 919 1596 delle
945 1567 1039 1604 quali
1065 1575 1133 1595 una
1158 1566 1336 1595 all'altare
1362 1566 1397 1594 di
1423 1566 1458 1595 S.
1485 1565 1661 1602 Agostino
1686 1563 1747 1605 (l)

949 1672 1068 1696 140(
1075 1672 1106 1701 Ξ,
1135 1671 1410 1703 ge1111z1i09
1439 1671 1491 1696 ὅ.

676 1760 711 1784 (C.
729 1761 866 1785 ΜΑΟΕΝΤΑ,
883 1760 894 1781 Ι
913 1760 1018 1781 visconti
1033 1766 1044 1781 e
1058 1760 1093 1786 gli
1108 1759 1194 1786 Ssorza
1211 1760 1249 1780 nel
1266 1759 1372 1781 Castello
1388 1759 1413 1780 di
1428 1759 1509 1784 Ρανία,
1525 1759 1570 1780 νοΙΔ
1588 1758 1603 1784 Ι,
1620 1764 1672 1785 pag.
1692 1759 1745 1783 154».

371 1945 492 2061 N
574 1963 617 1989 ΕΙ,
642 1959 835 1989 testamento
861 1958 895 1989 di
921 1956 1081 1990 Giacomo
1106 1957 1164 1989 dal
1205 1957 1324 1994 Verme,
1362 1957 1486 1989 dettczto
1511 1958 1542 1989 ιή
1574 1957 1699 1989 Verona
1735 1966 1752 1989 e
1787 1959 1903 1998 rogato
1940 1957 1998 1989 dai
2034 1958 2127 1989 notai

574 2021 756 2052 Dornerzico
795 2019 940 2052 Ciserclzi·
963 2029 980 2052 e
1003 2020 1165 2060 Agostz'no
1191 2020 1230 2052 de
1257 2019 1439 2053 canalibus
1474 2020 1602 2061 leggesi
1615 2031 1624 2051 .·
1662 2020 1773 2052 Voluit
1799 2023 1830 2052 et
1855 2020 2025 2061 disposuit
2051 2020 2124 2061 ipse

380 2119 431 2121 ᾔ
469 2119 538 2121 —7
575 2083 733 2115 Testator
758 2083 848 2123 quod
877 2092 935 2123 per
961 2083 1180 2114 reverendum
1208 2084 1238 2114 in
1266 2081 1402 2115 Christo
1428 2086 1555 2123 patrem
1582 2083 1753 2114 dominum
1781 2082 1987 2123 Episcopum
2018 2081 2122 2123 Papie

303 2148 333 2176 et
360 2155 418 2185 per
445 2146 670 2177 venerabilem
698 2146 869 2177 dominum
897 2145 1044 2177 Priorem
1071 2148 1259 2177 conventus
1286 2146 1434 2177 Fratrum
1462 2145 1704 2177 Heremitarum
1742 2145 1884 2177 ecclesie
1910 2145 2015 2176 sancti
2053 2144 2121 2176 Au-

304 2209 428 2247 gustini
456 2209 496 2240 de
523 2208 627 2249 Papia
653 2209 732 2240 dicti
761 2210 958 2243 conventus,
987 2209 1043 2248 qui
1070 2209 1222 2240 similiter
1248 2218 1305 2249 per
1330 2212 1480 2249 tempora
1506 2208 1638 2246 fuerint,
1657 2209 1801 2240 debeant
1821 2208 1966 2240 vendere
1985 2208 2121 2239 domum

305 2271 412 2309 ipsius
439 2270 627 2302 Testatoris
654 2280 752 2311 quam
780 2271 852 2311 ipse
880 2271 979 2302 liabet
1005 2271 1035 2302 in
1063 2272 1198 2303 civitate
1228 2270 1332 2312 Papie
1359 2272 1389 2302 in
1416 2273 1564 2302 contrata
1602 2274 1717 2302 sancte
1744 2270 1850 2302 Nlarie
1878 2271 1909 2302 in
1936 2270 2065 2302 Pertica
2092 2272 2122 2302 et

304 2332 345 2363 d:
371 2334 444 2363 eins
471 2334 576 2373 pretio
603 2333 712 2364 tacere
739 2342 813 2364 cum
840 2333 958 2364 effectu
986 2334 1077 2373 quod
1105 2333 1190 2365 Arca
1217 2317 1315 2371 nova,
1342 2335 1493 2365 existens
1520 2335 1550 2365 in
1578 2334 1731 2365 sacristia
1757 2334 1844 2365 dicte
1870 2333 2024 2370 ecclesie,
2050 2341 2123 2364 cor-

306 2396 376 2436 p‚›ri
405 2396 510 2426 sancti
538 2394 716 2435 Augustini
743 2395 864 2426 debeat
890 2396 1074 2435 superponi
1103 2396 1133 2426 in
1162 2396 1231 2426 loro
1258 2396 1372 2427 debito
1397 2395 1457 2435 (2),
1484 2405 1557 2427 cum
1586 2396 1759 2427 laboreriis
1785 2398 1816 2426 et
1841 2395 1983 2426 edificiis
2009 2403 2127 2426 neces-

308 2458 405 2488 sariis
432 2458 462 2487 in
490 2458 562 2493 lioc,
589 2460 619 2488 et
646 2457 736 2496 quod
765 2457 795 2487 in
822 2459 853 2488 et
879 2466 982 2497 super
1007 2458 1106 2488 dictis
1132 2458 1274 2489 edificiis
1301 2461 1468 2498 ponantur
1494 2460 1524 2489 et
1550 2458 1747 2498 sculpantur
1772 2466 1862 2489 arma
1889 2457 1997 2497 ipsius
2022 2458 2125 2488 testa-

308 2521 388 2551 toris
415 2529 489 2550 cum
517 2520 673 2555 cimeriis,
701 2520 822 2550 ibidem
850 2522 1014 2560 perpetuo
1041 2521 1282 2560 permansuris,
1308 2523 1339 2552 et
1364 2521 1454 2560 quod
1493 2521 1699 2561 superfluum
1732 2520 1809 2551 dicti
1848 2520 1953 2560 pretii,
1979 2519 2007 2551 si
2033 2518 2125 2559 quod

308 2583 377 2617 erit,
404 2582 445 2612 sit
471 2582 548 2612 dicti
577 2584 774 2612 conventus.
803 2581 983 2622 Voluitque
1009 2583 1132 2614 exinde
1158 2583 1268 2614 dictus
1294 2582 1451 2614 Testator
1476 2583 1566 2623 quod
1594 2583 1725 2614 Fratres
1751 2585 1781 2614 et
1806 2580 2004 2614 Conventus
2038 2581 2127 2613 eius-

308 2645 383 2675 dem
411 2644 552 2674 ecclesie
579 2646 741 2683 perpetuo
768 2646 942 2675 teneantur
967 2646 998 2676 et
1023 2645 1170 2676 debeant
1196 2645 1284 2676 omni
1311 2645 1364 2676 die
1390 2646 1559 2677 celebrare
1586 2654 1684 2676 unam
1705 2645 1841 2676 missam
1867 2645 1908 2675 ad
1940 2644 2042 2676 altare
2069 2643 2124 2675 ubi

367 2786 396 2809 (l)
412 2784 522 2805 Giacumo
538 2784 574 2804 dal
592 2784 681 2809 Verine.
699 2785 712 2804 il
728 2785 837 2810 capitano
853 2786 981 2810 viscontcn,
997 2786 1018 2806 di
1035 2787 1070 2807 cui
1082 2787 1190 2807 abbiamo

315 2829 406 2855 parlato
422 2831 486 2848 snitu
502 2829 515 2848 il
531 2828 582 2849 doc,
599 2834 619 2848 n.
639 2829 702 2853 Lxx,
720 2834 775 2853 ecc..
792 2829 802 2849 t·
815 2830 891 2854 quello
902 2832 988 2853 siesse,
1001 2831 1041 2851 clie
1053 2831 1073 2850 in
1086 2832 1195 2851 memoria

315 2874 374 2894 della
391 2874 484 2893 vitturia
502 2873 614 2898 riportata
631 2878 713 2898 presso
729 2873 876 2894 Alessamlria
893 2875 927 2894 nel
947 2875 1002 2897 1301.
1024 2874 1072 2895 fece
1088 2875 1195 2896 edificare

317 2923 399 2943 pressi
416 2918 491 2943 quella
507 2917 562 2938 cnm
579 2917 591 2937 il
608 2918 695 2943 tempio
711 2918 732 2937 di
749 2917 770 2938 S.
788 2918 898 2938 (jiacinno
914 2918 972 2939 della
984 2919 1085 2944 viltoria,
1102 2920 1142 2940 che
1151 2920 1194 2945 egli

318 2962 355 2988 poi
372 2964 508 2982 ottenutane
531 2961 742 2982 l'autorizzazione
765 2961 793 2982 da
817 2962 934 2983 Bonitacin
951 2963 977 2983 lx
1000 2969 1042 2983 con
1066 2969 1110 2985 una
1133 2964 1193 2984 bolla

318 3007 354 3027 del
370 3007 395 3027 20
411 3012 488 3026 marzo
505 3006 540 3026 del
559 3006 615 3031 1400,
632 3006 693 3027 doni)
708 3006 752 3031 agli
769 3006 912 3031 Agnstiniani
929 3007 987 3028 della
1005 3008 1122 3033 pruvincia
1142 3009 1197 3029 lom-

320 3051 399 3075 barda,
423 3050 506 3076 perche
528 3051 548 3071 vi
572 3050 710 3071 tondassero
733 3056 762 3071 un
785 3051 834 3071 loro
851 3054 990 3072 monastero.
1009 3052 1064 3072 Vedi
1081 3052 1196 3078 TORELM,

320 3095 365 3115 vol.
386 3095 422 3120 Vl,
439 3100 491 3121 pag.
507 3095 554 3116 377.

1299 2788 1328 2812 (2)
1344 2787 1385 2819 Cio
1401 2787 1513 2808 dimostra
1535 2792 1600 2808 cume
1618 2787 1638 2807 la
1654 2786 1812 2812 disposizionc
1835 2786 2010 2808 testamentaria
2026 2785 2047 2806 di
2064 2785 2121 2807 Gian

1252 2831 1368 2852 Galeazzo
1390 2831 1493 2852 visconti
1515 2831 1576 2855 (doc.
1593 2837 1613 2851 n.
1630 2830 1749 2855 cxxvnl)
1763 2831 1796 2851 sia
1813 2830 1907 2851 rimasta
1923 2835 1992 2851 senza
2008 2830 2097 2856 ettetto,
2113 2835 2125 2851 e

1252 2881 1316 2896 come
1332 2876 1365 2896 sia
1381 2881 1450 2897 senza
1467 2875 1616 2897 fondamento
1632 2875 1815 2896 l'attermazione
1831 2875 1852 2895 di
1868 2875 1955 2900 coloro,
1967 2875 2008 2895 che
2019 2874 2125 2895 attribui—

1251 2926 1322 2941 scono
1337 2920 1358 2940 ai
1372 2920 1481 2943 x'isconu
1493 2920 1568 2941 l'Arca
1584 2919 1605 2940 di
1621 2919 1643 2940 S.
1660 2919 1781 2945 Agostino,
1803 2919 1854 2940 solu
1875 2919 1957 2945 perche
1973 2919 1994 2939 in
2011 2925 2039 2939 un
2055 2920 2126 2940 testa-

1249 2966 1327 2984 mento
1343 2964 1364 2984 di
1381 2963 1441 2988 Gian,
1453 2964 1577 2989 Galeazzo,
1593 2964 1611 2984 si
1628 2964 1691 2989 parta
1707 2963 1743 2984 del
1759 2964 1915 2989 compimento
1937 2963 2070 2989 dcll'opera
2091 2968 2126 2984 ar-

1246 3008 1338 3034 usuca,
1354 3009 1452 3034 ilsquale
1474 3014 1518 3029 non
1541 3014 1612 3029 venne
1635 3008 1679 3029 mai
1701 3009 1815 3033 eseguno.
1839 3008 1968 3034 lgnoriaiuo
1989 3008 2026 3034 poi
2043 3008 2125 3034 perche

1252 3053 1323 3074 anche
1339 3053 1353 3073 il
1369 3054 1510 3074 testamento
1526 3053 1547 3073 di
1563 3052 1674 3074 Giacomo
1689 3053 1726 3074 dal
1742 3053 1832 3079 Venne,
1849 3058 1889 3079 per
1904 3053 2007 3079 quelche
2018 3052 2125 3079 riguarda

1253 3097 1337 3122 l'Arca,
1353 3097 1387 3118 sia
1403 3097 1499 3118 rimasto
1514 3096 1666 3121 frustratim..
