2347 3444
1882 211 1942 244 143

132 345 270 379 Ordinis
296 347 441 378 civitatis
467 344 571 386 Papie
597 344 721 383 Priore,
748 354 807 377 nec
834 354 899 376 non
926 344 1133 376 honorandis
1158 343 1305 375 dominis
1330 343 1489 375 fratribus
1522 342 1695 376 Gualterio
1720 345 1761 376 de
1786 343 1888 376 Curte
1913 347 1943 376 et

134 408 282 441 Eusebio
296 408 337 440 de
352 408 502 450 Ligeriis,
520 407 657 440 Ordinis
673 407 824 448 predicti,
849 407 989 439 sindicis
1014 408 1044 438 et
1069 405 1345 447 procuratoribus
1371 404 1518 446 Capituli
1545 408 1576 438 et
1601 407 1790 438 conventus
1816 407 1945 447 predic-

134 473 253 508 torum,
278 480 316 502 ac
343 470 537 502 reverendis
564 470 723 502 fratribus
748 472 778 502 et
804 478 897 501 sacre
923 470 1045 510 pagine
1083 468 1254 509 magistris
1290 468 1436 499 dominis
1475 467 1686 500 Bertolameo
1720 469 1761 500 de
1788 468 1945 500 Fazardis

134 535 167 565 et
193 532 338 565 Iohanne
365 532 487 565 Iacobo
512 533 554 564 de
580 530 746 573 Campixe
772 531 910 564 Ordinis
936 531 1121 572 predicti...
1147 531 1171 562 il
1193 530 1302 562 nobile
1327 529 1460 563 Simone
1485 530 1584 562 Della
1609 530 1711 562 Porta
1725 531 1889 562 annuncia
1914 531 1948 562 al

135 596 293 627 convento
318 595 376 626 che
401 595 468 635 egli
493 594 568 626 vuol
593 594 728 626 vendere
752 603 772 626 a
797 594 931 626 Donato
956 592 1078 625 Pionni
1101 593 1136 625 cii
1161 591 1321 626 Casorate
1345 592 1378 624 la
1403 592 1490 624 meta
1507 592 1566 624 che
1583 601 1603 623 a
1621 592 1668 624 lui
1691 591 1824 625 Simone
1841 594 1947 633 spetta

135 666 173 689 su
199 657 315 689 alcune
339 665 416 688 case
440 666 457 688 e
481 659 560 688 terre
585 657 616 688 in
642 656 718 696 quel
741 656 852 697 luogo,
889 656 943 688 dei
977 655 1070 696 quali
1085 655 1126 696 fu
1149 655 1209 696 gia
1234 655 1384 687 investito
1405 656 1674 695 perpetuamente
1698 654 1756 686 dal
1782 653 1949 687 Convento

137 719 160 751 il
183 728 242 750 suo
264 719 368 760 parire
406 718 572 751 Giovanni
606 718 704 750 Della
741 718 851 755 Portu,
890 717 1112 759 coll'obbligo
1137 717 1171 749 cii
1190 725 1319 758 pagare
1343 716 1378 748 al
1404 715 1570 749 Convento
1596 715 1712 757 fiorini
1733 717 1780 749 46
1802 716 1948 748 annuali.

138 781 215 821 Egli
233 783 392 822 promette
417 781 474 812 che
499 780 585 812 nella
610 789 718 812 nuova
744 781 934 812 investitura
947 780 982 812 al
995 779 1343 821 Pionnisiafferrnera
1367 779 1389 811 l'
1402 778 1536 819 obbliga
1562 779 1616 810 dei
1630 779 1800 819 23fiori11i
1815 778 1952 810 annuali

137 843 172 876 di
195 852 302 880 censo,
329 852 349 874 a
374 851 468 874 meno
494 842 552 874 che
577 842 600 874 il
624 845 781 874 convento
819 843 929 883 voglio
967 851 1137 884 comperar
1165 844 1246 874 tutto
1271 842 1302 873 in
1328 841 1428 882 luogo
1453 840 1507 873 a'el
1530 840 1660 873 Pionni.
1687 841 1744 873 Ma
1770 842 1781 873 i
1804 841 1953 881 religiosi

137 905 348 937 attendentes
385 904 474 945 quod
513 906 650 945 propter
686 905 796 936 varias
834 906 1054 937 necessitates
1091 905 1306 936 occurrentes
1331 904 1422 935 dicto
1454 903 1635 934 conventui
1662 904 1693 935 et
1717 905 1950 944 paupertatem

139 967 247 1008 ipsius
273 975 337 997 non
365 966 482 998 subest
507 965 651 997 facultas
679 967 823 998 habendi
851 967 1045 1007 predicta...
1072 966 1237 997 dederunt
1261 967 1293 997 et
1319 966 1606 997 concesserunt...
1633 965 1724 997 dicto
1739 965 1877 996 domino
1902 963 1955 997 Si-

138 1029 226 1060 moni
254 1029 422 1060 licentiam
448 1030 479 1060 et
504 1028 695 1060 facultatem
722 1028 859 1060 fatiendi
887 1029 1010 1060 dictam
1037 1028 1308 1060 venditionem...
1334 1036 1410 1059 cum
1436 1036 1537 1059 onere
1574 1027 1661 1059 dicte
1698 1027 1895 1059 investiture
1920 1029 1952 1058 et

138 1091 322 1122 dummodo
348 1091 492 1122 habeant
517 1100 631 1122 eorum
657 1091 806 1123 debitum
835 1091 1049 1123 laudemium.

891 1238 1207 1279 CCCXXVI.

229 1347 294 1375 Nel
321 1347 477 1375 chiostro
503 1347 537 1375 di
564 1347 599 1375 S.
627 1346 797 1375 Mostiola
824 1347 853 1374 si
879 1356 969 1383 paga
994 1356 1038 1375 un
1064 1347 1180 1383 legato
1205 1347 1474 1375 testamentario
1500 1346 1533 1375 al
1560 1346 1718 1382 Collegio
1751 1346 1807 1375 dei
1833 1346 1949 1377 Notai.

794 1450 944 1483 1467,
973 1458 1009 1476 εἰ
1014 1453 1192 1483 gosto,
1221 1452 1295 1476 21.

664 1539 728 1563 (Achi
746 1539 825 1560 Notar.
842 1540 864 1560 di
882 1539 951 1560 Pavla
967 1550 992 1553 -
1006 1540 1053 1560 Atti
1070 1539 1091 1560 di
1108 1539 1208 1560 Antonio
1224 1539 1379 1566 Gravanago).

246 1723 294 1838 I
379 1741 410 1788 1Ν
436 1736 583 1767 claustro
609 1736 750 1768 ecclesie
776 1738 890 1768 sancte
917 1736 1089 1768 Mustiole.
1116 1736 1248 1778 Egregii
1268 1739 1298 1768 et
1316 1737 1499 1778 prudentes
1518 1737 1578 1768 viri
1597 1737 1724 1768 domini
1751 1736 1953 1768 Franciscus

380 1820 381 1849 ¹
410 1798 450 1829 de
477 1797 705 1836 Tinctoribus,
744 1798 909 1830 lohannes
947 1798 1066 1830 Petrus
1092 1799 1133 1830 de
1159 1798 1331 1831 Balchono
1357 1801 1387 1831 et
1412 1798 1531 1831 Petrus
1557 1800 1599 1831 de
1626 1798 1836 1831 Goxinassio
1874 1808 1953 1830 con-

409 1861 523 1899 sulles‚
549 1861 707 1892 dominus
733 1861 927 1893 Leonardus
952 1862 994 1893 de
1021 1861 1106 1902 Lege
1132 1861 1283 1893 sindicus
1309 1862 1340 1892 et
1365 1859 1588 1892 Dominichus
1614 1861 1655 1892 de
1659 1886 1711 1892 .....
1750 1861 1952 1892 camerarius

139 1923 343 1955 venerabilis
370 1921 510 1963 Collegii
538 1923 750 1955 Notariorum
778 1923 892 1964 Papie,
919 1924 1052 1955 nomine
1078 1924 1157 1955 dicti
1185 1921 1337 1963 Collegii,
1363 1923 1495 1954 fuerunt
1520 1923 1667 1955 confessi
1698 1925 1728 1954 et
1754 1923 1954 1954 confitentur

139 1994 258 2017 versus
285 1985 471 2026 Baptistam
499 1985 540 2016 de
566 1984 750 2023 Seraticho,
777 1986 880 2016 filium
907 1986 1077 2026 quondam
1104 1986 1229 2017 domini
1257 1985 1329 2016 lorii
1355 1994 1394 2017 ac
1421 1985 1576 2017 heredem
1596 1986 1626 2016 in
1646 1985 1951 2025 eftectuquondam

141 2048 276 2079 domine
314 2047 459 2078 Iohanne
497 2047 538 2079 de
575 2046 681 2083 Petra,
709 2048 786 2078 olim
823 2048 897 2079 avie
931 2050 1078 2079 materne
1105 2048 1212 2087 ipsius
1238 2047 1401 2087 Baptiste,
1427 2047 1461 2079 cii
1486 2048 1622 2079 rteevere
1640 2047 1755 2087 fiorini
1777 2048 1800 2079 6
1823 2047 1954 2078 lasciati

138 2109 191 2141 nel
212 2119 272 2141 suo
296 2111 488 2141 testamento
514 2109 605 2141 dalla
630 2109 739 2141 Pietra
766 2109 800 2140 ul
823 2110 908 2141 (letto
937 2109 1094 2150 collegio.
1121 2109 1185 2140 Fra
1210 2110 1222 2140 i
1245 2110 1342 2141 testi:
1366 2109 1465 2141 fratre
1491 2107 1671 2141 Guniforto
1685 2109 1726 2141 de
1745 2107 1951 2149 Strazapatis

139 2172 207 2203 filio
232 2172 403 2212 quondam
429 2172 555 2203 domini
582 2171 712 2212 Aluysii
731 2170 792 2211 (1).

874 2302 1217 2343 CCCXXVII.

228 2410 332 2439 Frate
358 2411 540 2439 Gualtiero
566 2411 662 2439 Corti
689 2411 923 2440 Procuratore
949 2412 983 2440 di
1011 2412 1045 2439 S.
1073 2411 1246 2447 Agostino
1272 2411 1389 2440 riceve
1413 2420 1458 2439 un
1483 2419 1590 2439 censo
1616 2419 1729 2439 annuo
1755 2411 1848 2439 dalle
1877 2419 1951 2439 mo-

140 2464 250 2492 nache
275 2464 309 2492 di
335 2464 454 2493 Monte
481 2464 623 2493 Oliveto
649 2465 684 2492 di
710 2465 834 2493 Pavia.

734 2559 889 2589 1467,
919 2560 1158 2584 110ve1211
1165 2566 1260 2589 ›l-e,
1289 2560 1364 2584 lc).

664 2647 740 2671 (Arch.
758 2648 837 2668 Notar.
855 2647 876 2668 di
894 2647 972 2668 Pavidi
989 2658 1013 2661 ›—
1030 2647 1077 2667 Atti
1094 2647 1115 2667 di
1133 2647 1281 2667 Bartolonieo
1297 2647 1426 2668 Gandellol.

375 2770 378 2794 l

376 2795 478 2852 ι[ΙΡΕΗ
504 2821 606 2851 strata
643 2820 777 2860 publiea
815 2828 919 2859 prope
962 2819 1199 2850 monasterium
1226 2819 1331 2850 saneti
1358 2818 1536 2859 Augustini
1564 2818 1667 2860 Papie
1694 2820 1724 2850 in
1751 2819 1850 2851 Porta
1876 2819 1952 2850 Pal-

376 2866 378 2898 i
407 2881 518 2913 latii...
546 2881 755 2913 Venerabilis
781 2882 938 2913 dominus
964 2881 1064 2912 frater
1089 2880 1283 2912 Gualterius
1301 2882 1342 2913 de
1361 2880 1462 2914 Curte
1489 2882 1640 2913 sindicus
1661 2884 1690 2914 et
1710 2884 1948 2922 procurator....

154 2917 157 2954 i
376 2899 379 2966 i
407 2944 598 2975 monasterii
625 2946 656 2975 et
682 2944 823 2975 ecclesie
849 2944 954 2975 sancti
983 2943 1161 2984 Augustini
1189 2943 1337 2984 Papio...
1364 2946 1466 2976 riceve
1491 2945 1548 2977 alal
1568 2948 1778 2986 procuratore
1803 2944 1950 2976 cleil'ab-

194 3098 223 3123 (l)
239 3098 253 3119 ll
269 3099 409 3121 documento
424 3100 435 3121 ‘e
452 3100 593 3126 importante
609 3101 691 3126 perche
707 3101 725 3122 ci
742 3100 869 3122 determina
885 3101 905 3121 la
919 3101 1018 3126 laniiglia
1074 3101 1096 3121 di
1112 3100 1170 3121 frate
1186 3100 1316 3126 Gunitorto,
1332 3101 1480 3127 agostiniano
1496 3101 1517 3122 di
1533 3101 1558 3124 S.
1573 3102 1692 3127 Mostiola,
1708 3102 1748 3122 che
1768 3101 1847 3121 risulta
1867 3106 1944 3121 essere
