2347 3444
301 193 361 223 114

295 325 506 358 universales
533 325 695 356 instituit:
725 324 824 365 lgitur
850 332 922 361 nos,
949 324 1036 364 piam
1063 322 1142 354 dicti
1169 321 1340 353 testatoris
1367 320 1574 351 voluntatem
1605 321 1708 350 ratam
1735 321 1766 350 et
1791 319 1918 359 gratam
1947 318 2112 350 habentes

296 396 438 428 eamque
464 387 662 419 auctoritate
688 386 876 427 apostolica
902 385 1141 417 confirmantes
1167 387 1196 415 et
1222 383 1463 423 approbantes,
1488 381 1684 412 discreti-·›ni
1713 383 1845 412 vestrae
1879 382 1993 411 tenore
2019 388 2116 420 prae-

297 451 441 482 sentium
469 449 709 481 committimus
734 451 764 480 et
791 448 1001 483 mandamus,
1027 450 1196 487 quatenus
1222 445 1379 485 quotiens
1405 453 1466 485 pro
1492 445 1584 484 parte
1611 443 1722 475 dilecti
1753 442 1809 474 filii
1847 442 1957 473 dictae
1994 442 2116 473 domus

298 512 434 549 Primis,
461 520 572 551 quem,
599 513 632 542 ut
658 511 866 550 accepimus,
894 509 980 540 idem
1008 508 1298 548 Archiepiscopus
1323 515 1421 538 suum
1449 506 1525 537 tecit
1551 506 1777 542 executorem,
1804 504 1934 536 fueritis
1952 503 2116 544 requisiti,

299 574 484 614 praemissa
511 573 623 604 omnia
649 573 690 603 de
718 572 873 612 pecuniis
898 573 929 602 et
955 571 1030 602 aliis
1057 570 1156 601 bonis
1197 569 1380 610 praedictis
1405 577 1465 609 per
1490 577 1564 599 eum
1604 567 1706 598 libere
1744 566 1867 606 exequi
1905 565 2117 606 permittatis,

298 636 599 668 constitutionibus
625 638 655 666 et
681 634 954 665 ordinationibus
980 633 1190 673 apostolicis,
1217 632 1352 663 statutis
1378 639 1514 671 quoque
1541 632 1571 662 et
1589 629 1896 661 consuetudinibus
1926 628 2036 659 dictae
2055 626 2117 658 Ec-

299 699 433 735 clesiae,
460 698 672 737 caeterisque
699 696 875 728 contrariis
902 704 966 726 non
994 694 1210 726 obstantibus
1225 694 1510 733 quibuscumque.
1530 691 1652 723 Datum
1672 691 1808 728 Romae,
1826 690 1916 731 apud
1933 688 1965 722 S.
1985 688 2118 721 Petrum

300 761 363 792 sub
389 760 514 792 annulo
540 759 735 797 piscatoris,
760 759 814 790 die
840 758 881 789 29
907 757 1033 788 mensis
1059 756 1273 796 septembris,
1299 764 1388 786 anno
1418 755 1510 791 1457,
1537 753 1758 786 Pontificatus
1785 753 1888 785 nostri
1916 753 2022 784 tertio.

1018 901 1393 943 CCLXXXIII.

389 1017 416 1044 11
444 1015 626 1051 Consiglio
653 1014 686 1042 di
714 1012 951 1041 Provvisione
977 1011 1011 1040 di
1038 1011 1150 1039 Pavia
1176 1019 1194 1038 e
1220 1010 1229 1038 1
1255 1010 1396 1038 Dottori
1422 1010 1504 1038 dell·
1522 1010 1729 1038 Universita
1755 1010 1960 1038 deliber-ano
1987 1009 2022 1037 di
2048 1008 2122 1037 fare

302 1070 393 1098 nella
431 1070 521 1097 festa
561 1068 654 1096 della
692 1066 909 1095 traslazione
936 1065 970 1093 di
997 1065 1032 1093 S.
1060 1064 1235 1100 Agostino
1273 1063 1294 1091 l'
1312 1072 1426 1092 annua
1463 1063 1588 1092 offerta
1625 1072 1769 1092 emessa
1794 1063 1888 1091 nella
1913 1062 2123 1099 precedente

304 1124 397 1151 festa
424 1123 479 1150 del
506 1126 608 1150 santo
635 1121 848 1148 Protettore.

925 1186 1081 1217 1468,
1106 1186 1245 1211 ioht)
1251 1186 1390 1217 rzaeio,
1417 1186 1507 1210 22.

731 1277 827 1300 (Museo
843 1276 922 1297 civico
939 1276 960 1296 di
977 1276 1049 1296 storia
1067 1275 1149 1300 patria⁴
1167 1286 1191 1288 -
1208 1274 1314 1300 Registro
1331 1280 1411 1300 provv.
1428 1274 1480 1294 anni
1500 1275 1557 1298 1458,
1573 1274 1611 1294 tol⁴
1628 1274 1683 1297 252)Δ

552 1408 744 1443 CCCCLVllJ,
771 1404 824 1435 die
851 1402 938 1444 XXlJ
967 1402 1136 1434 februarii.

368 1391 514 1506 M
663 1464 860 1497 Convocato
886 1468 917 1496 et
943 1466 1149 1505 congregato
1175 1462 1361 1501 ConsciliO,
1388 1466 1450 1495 etc.

524 1564 539 1565 ἶ
663 1527 741 1559 Item
769 1527 924 1559 intelecto
950 1536 967 1558 a
993 1526 1152 1558 fratribus
1178 1526 1285 1558 sancti
1313 1525 1492 1567 Augustini
1520 1527 1610 1567 quod
1638 1527 1668 1557 in
1696 1526 1781 1558 festo
1815 1527 1919 1558 sancti
1947 1526 2126 1567 Augustini

306 1593 458 1633 proxime
486 1591 653 1632 preterito,
679 1590 720 1621 de
747 1599 835 1621 anno
873 1589 1025 1629 proxime
1063 1589 1231 1629 preterito,
1270 1589 1359 1620 nulla
1396 1588 1483 1620 facta
1510 1588 1571 1620 fuit
1596 1589 1723 1620 oblatio
1749 1589 1789 1620 ad
1817 1589 1994 1620 ecclesiam
2021 1589 2127 1620 sancti

307 1654 497 1695 Augustini,
525 1663 582 1694 per
609 1654 693 1684 hanc
713 1651 974 1689 Comunitatem,
994 1660 1052 1683 nec
1072 1661 1130 1692 per
1148 1650 1315 1682 Doctores
1333 1651 1410 1682 almi
1430 1649 1538 1683 Studii
1569 1651 1755 1692 papiensis,
1776 1651 1820 1682 uti
1840 1651 1974 1682 solitum
2001 1653 2051 1682 est
2069 1648 2129 1690 (l),

307 1721 337 1748 et
365 1717 528 1757 requisito
554 1716 596 1747 ab
622 1716 750 1747 eisdem
779 1715 950 1746 Fratribus
977 1716 1010 1745 ut
1037 1713 1155 1754 prefati
1183 1714 1308 1745 domini
1344 1712 1562 1745 Presidentes
1598 1711 1812 1754 (provIsionis
1836 1714 1983 1744 comunis
2008 1711 2130 1754 Ραρίε)

307 1780 415 1819 ipsam
453 1778 666 1810 oblacionem
703 1777 771 1808 fieri
810 1777 919 1808 facere
957 1777 1070 1814 velint,
1097 1776 1151 1807 die
1178 1776 1293 1807 martis
1330 1776 1483 1816 proxime
1522 1775 1642 1813 futura,
1680 1784 1748 1816 quo
1782 1775 1835 1807 die
1870 1775 1930 1806 erit
1955 1775 2129 1807 translatio

308 1841 414 1872 sancti
443 1839 632 1879 Augustini,
660 1839 738 1879 quia
765 1839 862 1870 etiam
889 1839 967 1870 dicti
994 1838 1119 1869 domini
1147 1837 1313 1870 Doctores
1338 1837 1448 1869 facere
1475 1837 1591 1869 volunt
1617 1846 1712 1870 suam
1731 1837 1954 1875 oblacionem,
1974 1836 2052 1868 Ideo
2070 1846 2130 1878 pro

307 1903 554 1934 observacione
582 1903 669 1933 bone
695 1901 954 1933 consuetudinis
980 1903 1010 1932 et
1035 1901 1079 1931 ob
1106 1901 1324 1932 reverentiam
1352 1901 1457 1932 sancti
1486 1899 1677 1941 Augustini,
1704 1900 1924 1940 providerunt
1941 1899 2032 1940 quod
2053 1900 2127 1940 ipsa

309 1966 361 1997 die
390 1965 504 1996 martis
531 1965 684 2005 proxime
710 1964 821 1995 futura
847 1964 903 1995 fiat
929 1964 1018 1995 dicta
1044 1963 1170 1995 oblatio
1196 1964 1289 1995 iuxta
1315 1965 1523 1995 consuetum,
1551 1964 1615 1994 etc.

1033 2111 1410 2152 CCLXXXIV.

397 2230 611 2259 Investitura
638 2230 672 2258 di
699 2230 778 2258 beni
805 2230 838 2258 in
864 2230 1054 2266 Casteggio
1081 2238 1253 2258 concessa
1279 2230 1375 2258 dalla
1409 2229 1595 2258 Comunita
1621 2230 1655 2258 di
1682 2230 1717 2258 S.
1744 2229 1932 2265 Agostino.

952 2325 1102 2358 1458,
1131 2327 1370 2357 ottobre,
1400 2325 1491 2351 2¹7.

843 2413 919 2436 (Arch.
937 2414 1016 2434 ΝυῐίπΔ
1034 2413 1054 2434 di
1072 2413 1149 2434 paviav
1167 2424 1191 2427 —
1207 2413 1254 2434 Atti
1271 2413 1292 2434 di
1310 2413 1422 2439 Agostino
1439 2413 1594 2439 Gravanago).

417 2517 466 2632 I
560 2536 582 2562 N
609 2531 761 2562 sacristia
787 2531 929 2562 ecclesie
955 2531 1062 2562 sancti
1090 2530 1269 2571 Augustini
1296 2531 1442 2562 civitatis
1469 2530 1584 2571 Papie,
1611 2531 1642 2562 in
1669 2540 1736 2571 quo
1756 2531 1829 2562 loco
1857 2531 2059 2571 infrascripti
2074 2531 2135 2562 do—

584 2592 662 2622 mini
689 2591 783 2629 Uri-or
808 2595 838 2623 et
866 2592 996 2623 Fratres
1023 2593 1202 2624 convocari
1241 2593 1470 2633 capitulariter
1495 2596 1744 2624 consueverunt
1782 2602 1842 2633 pro
1879 2593 2030 2633 negociis
2055 2593 2133 2624 dicti

584 2658 814 2685 conventus...
843 2653 1061 2686 Reverendus
1087 2655 1245 2686 dominus
1272 2655 1371 2686 frater
1397 2655 1596 2686 Franciscus
1622 2654 1663 2685 de
1690 2653 1818 2695 Boydis
1845 2663 1939 2686 sacre
1966 2655 2134 2695 theologie

317 2716 475 2757 magister
500 2715 605 2753 Prior,
632 2716 837 2747 reverendus
865 2716 963 2747 trater
989 2716 1189 2747 Manfredus
1215 2717 1256 2747 de
1283 2716 1474 2748 Mombreto
1511 2725 1606 2747 sacre
1639 2716 1808 2757 theologie
1847 2717 2015 2757 magister,
2042 2725 2136 2748 reve-

318 2778 441 2809 rendus
467 2777 625 2808 dominus
652 2777 752 2808 frater
778 2777 1009 2809 Bertolameus
1035 2778 1076 2809 de
1104 2777 1260 2809 Fazardis
1287 2787 1380 2809 sacre
1407 2778 1574 2819 theologie
1600 2778 1769 2818 magister,
1788 2779 1947 2819 magister
1965 2778 2133 2810 Martinus

317 2932 423 2953 monela
439 2932 519 2953 Storza
541 2932 604 2954 losse
627 2933 686 2954 della
708 2933 898 2959 Congregazionc
914 2934 935 2954 di
953 2934 1050 2955 Lecceto
1066 2940 1079 2954 o
1095 2934 1116 2954 di
1135 2934 1199 2955 Lom-
1254 2934 1325 2956 Come
1340 2935 1351 2955 e
1367 2935 1474 2956 evidente
1490 2935 1526 2956 dal
1543 2935 1683 2956 documento
1699 2938 1788 2960 nostro,
1805 2936 1826 2956 lo
1842 2935 1923 2956 stotza
1943 2941 2015 2956 aveva
2038 2935 2134 2956 abbrac-

319 2978 406 2997 hardla.
424 2977 455 2998 Ed
472 2977 483 2997 ἰ·
500 2978 578 3002 percio
594 2977 622 2997 da
638 2979 780 3002 correggcrsi
797 2978 817 2998 la
833 2979 966 2999 correzione
985 2979 1020 2999 del
1044 2979 1160 3004 LANTERl,
1184 2979 1196 2999 il
1253 2980 1314 3000 ciato
1330 2979 1350 2999 la
1367 2978 1556 3005 congregazione
1573 2979 1702 3000 Lombarda
1719 2985 1778 3005 poco
1794 2980 1866 3005 prima
1881 2979 1940 3000 della
1949 2985 1991 3000 sua
2001 2979 2134 3000 elevazione

320 3022 386 3046 quale
412 3022 456 3041 vol.
474 3021 499 3046 ll,
517 3027 568 3047 pag*
584 3022 611 3042 68
631 3023 745 3043 asserisce
768 3023 957 3048 sempliccmente
978 3024 1019 3043 che
1042 3029 1123 3043 errario
1146 3024 1198 3049 quei
1254 3023 1482 3044 all'Arcivcscovado
1498 3023 1519 3044 di
1536 3024 1630 3044 Milano.

319 3066 359 3085 che
376 3066 459 3086 dicozio
474 3065 533 3086 frate
548 3066 655 3087 Gabriele
670 3066 750 3087 Storza
767 3067 825 3087 della
849 3067 1038 3093 congregazione
1061 3068 1198 3088 Lombarda.
1308 3068 1337 3092 (l)
1353 3067 1442 3092 Questo
1458 3068 1599 3088 documento
1614 3068 1625 3088 ὲ
1641 3068 1782 3093 importante
1798 3069 1881 3094 perche
1897 3068 2021 3094 c'insegna
2037 3073 2102 3089 come
2113 3068 2134 3089 la
