2347 3444
340 201 405 232 362

340 342 404 364 non
432 334 661 366 florentissimi
689 337 864 376 papiensis
889 335 1066 377 Gymnasii
1093 338 1284 377 apostolico
1311 341 1341 368 et
1369 338 1531 378 imperiali
1559 339 1747 379 privilegiis
1781 337 1981 370 Cancellarii
2019 339 2160 369 meritis-

339 397 426 432 simi,
453 397 684 429 locumtenens
709 402 739 429 et
765 400 955 439 specialiter
982 400 1174 439 deputatus,
1201 400 1342 430 salntem
1371 403 1435 430 tam
1463 399 1609 431 debitam
1637 409 1737 440 qnam
1765 401 1934 431 devotam.

431 458 499 490 Etsi
526 461 675 491 ‹nnninm
704 470 764 500 pro
791 461 928 492 scientie
956 462 1133 501 margarita
1159 461 1371 501 capescenda
1399 461 1629 492 insudantium
1658 463 1774 499 virtus,
1815 463 1971 503 exigente
2010 462 2158 498 iusticia,

338 522 451 561 dignis
477 522 519 552 sit
545 523 681 562 premiis
707 523 908 558 decoranda,
936 523 979 554 illi
1007 526 1115 554 tamen
1143 523 1199 562 qui
1228 524 1257 554 in
1285 532 1379 554 sacra
1406 523 1587 563 theologia,
1614 533 1678 564 que
1703 527 1753 555 est
1771 525 1919 555 omniurn
1940 527 2042 555 mater
2060 527 2159 564 atque

341 584 499 623 magistra
526 588 555 615 et
584 584 673 615 Fidei
702 584 954 615 11111113111111111111
983 593 1020 615 31
1048 586 1100 615 via
1128 588 1214 616 reeta
1241 585 1282 616 ad
1311 586 1412 616 vitam
1439 588 1602 622 eternam,
1641 587 1776 626 propria
1815 587 2042 627 relinquentes
2068 588 2098 617 et
2124 595 2159 617 se

340 647 434 686 ipsos
460 647 679 687 abnegantes,
706 656 763 687 per
789 647 922 677 diversa
951 647 1064 677 mnndi
1092 647 1224 678 climata
1251 647 1363 678 studia
1389 650 1583 679 rotaverunt
1609 651 1639 679 et
1666 649 1696 679 in
1724 649 1773 679 eis
1799 657 1940 689 persepe
1959 651 2075 679 noctes
2101 648 2162 679 du—

339 713 453 739 centes
480 710 687 749 insompnes,
716 710 888 740 immensis
915 709 1090 739 laboribus
1116 712 1147 740 et
1173 709 1359 740 sudoribus
1386 710 1538 741 bravium
1566 711 1756 751 attigerunt,
1776 711 1919 751 digniori
1939 713 2016 742 sunt
2036 711 2162 741 honore

341 772 525 811 premiandi
553 776 582 802 et
610 772 724 802 maiori
753 771 935 802 reverentie
961 771 1052 801 dono
1079 771 1272 802 decorandi.
1299 770 1384 803 Cum
1412 773 1524 812 itaque
1550 773 1730 813 religiosus
1748 776 1779 804 et
1797 774 1886 804 0111111
1907 774 2028 804 virtute
2047 773 2163 804 lauda-

340 834 417 864 bIlis
444 834 542 864 frater
571 834 719 873 Angelus
746 834 786 864 de
814 832 1040 864 Panizenibns
1067 834 1107 864 de
1135 833 1351 871 Alexandria,
1378 833 1518 866 Ordinis
1556 835 1799 867 Heremitarnm
1838 836 1943 867 sancti
1982 835 2161 876 Augustini

340 905 502 936 expresse
530 896 717 936 pmicssus,
745 900 820 936 post
847 899 941 927 actus
967 896 1168 927 scolasticos
1195 906 1252 936 per
1277 906 1351 927 enin
1380 898 1410 927 in
1439 898 1541 929 variis
1568 896 1697 929 Studiis
1723 898 1861 929 feliciter
1886 900 2160 929 consummatos.

340 960 522 998 depilatus
551 958 645 989 t'nerit
672 959 713 989 ad
742 959 919 998 legendum
947 957 1137 989 Sententias
1165 959 1195 989 in
1222 962 1390 990 conventu
1421 960 1527 990 sancti
1570 959 1749 1000 Augustini
1789 961 1985 1000 papiensis,
2023 959 2162 991 Ordinis

340 1022 489 1061 predicti,
517 1022 658 1060 ipseque
685 1020 783 1051 frater
810 1019 960 1061 Angelus
988 1021 1181 1051 huiusmodi
1209 1020 1401 1052 Sententias
1428 1022 1458 1052 in
1485 1022 1575 1053 dicto
1601 1025 1769 1053 conventu
1798 1022 2011 1053 laudabiliter
2049 1022 2164 1062 legerit

338 1087 367 1113 et
394 1092 511 1114 <mines
537 1083 623 1113 alios
649 1086 744 1113 actus
771 1083 972 1113 scolasticos
999 1083 1029 1113 in
1058 1082 1287 1114 Universitate
1315 1084 1469 1124 papiensi
1497 1085 1708 1116 exercendos
1735 1093 1842 1124 usqne
1869 1085 1910 1115 ad
1930 1084 2070 1125 gradum
2090 1083 2165 1115 Ma—

339 1146 463 1185 gisterii
492 1145 631 1176 feliciter
656 1145 941 1176 consummaverit
968 1149 999 1176 et
1025 1145 1089 1176 sub
1115 1146 1259 1185 singulis
1286 1147 1480 1177 reverendis
1507 1147 1659 1186 patribus
1686 1156 1778 1178 sacre
1798 1147 1968 1187 theologie
1995 1146 2165 1187 magistris

340 1210 438 1239 huius
464 1208 549 1239 alm:
578 1207 829 1244 Universitatis,
856 1208 896 1238 de
922 1208 1038 1238 arduis
1057 1208 1295 1247 questionibus
1315 1209 1344 1239 in
1365 1208 1522 1240 facultate
1542 1209 1710 1249 theologie
1730 1209 1990 1249 respondiderit,
2009 1209 2163 1249 aliosque

339 1274 434 1301 aetus
462 1270 664 1301 bachalariis
692 1279 751 1309 pro
778 1269 884 1300 forma
911 1270 1102 1309 legentibus
1129 1270 1363 1301 incumbentes
1390 1270 1604 1302 landabiliter
1629 1271 1833 1307 exercuerit,
1871 1273 1901 1302 et
1935 1271 2164 1311 postmodnm,

338 1342 449 1364 coram
479 1333 577 1363 nobis
605 1342 661 1372 per
688 1333 894 1363 reverendos
921 1332 1078 1362 dominos
1105 1331 1316 1363 Vincentiuin
1344 1333 1384 1364 de
1404 1332 1536 1364 Duodis
1556 1333 1721 1364 decanum
1741 1332 1879 1365 Ordinis
1899 1332 2162 1371 predicatorum,

340 1395 557 1427 Onnit'ortnm
584 1395 625 1426 de
654 1394 813 1425 Vaeliinis
839 1394 979 1425 Ordinis
1005 1394 1199 1431 Servorum,
1227 1394 1408 1426 Antonium
1435 1396 1476 1426 de
1503 1395 1563 1427 Ast
1596 1394 1735 1427 Ordinis
1774 1395 2016 1427 Heremitarum
2055 1396 2162 1427 5311111

340 1458 531 1498 Augustini,
572 1458 772 1488 Michaelem
800 1457 841 1488 de
868 1456 982 1488 Tortis
1008 1456 1147 1488 Ordinis
1173 1456 1366 1495 Servorum,
1404 1456 1597 1489 Gornetinm
1624 1458 1798 1498 Yspanum
1826 1457 1964 1489 Ordinis
1984 1458 2164 1495 Minomm,

339 1520 512 1553 Stefanum
541 1521 581 1551 de
609 1519 770 1551 Vercellis
796 1518 934 1550 Ordinis
961 1520 1067 1551 sancti
1095 1519 1280 1557 Benedicti,
1307 1519 1553 1552 Bertolamenm
1581 1521 1622 1552 de
1649 1520 1834 1552 Varmacha
1860 1519 1998 1551 Ordinis
2018 1520 2167 1552 Heremi-

339 1587 446 1614 13111111
474 1587 504 1614 et
532 1583 710 1613 iohannem
739 1582 894 1613 Iacobum
922 1583 963 1613 de
990 1580 1156 1622 Campixe
1184 1581 1323 1613 Ordinis
1351 1582 1519 1614 Minorum
1547 1580 1639 1622 (sic),
1666 1583 1707 1614 ad
1734 1592 1877 1614 examen
1896 1583 2163 1614 bachalariorum

337 1647 378 1677 ad
408 1645 636 1685 magisterium
675 1645 925 1685 aspirancinm,
965 1645 1119 1685 privatim
1147 1647 1178 1676 et
1204 1645 1354 1685 rigorose
1380 1648 1518 1676 externa
1545 1645 1598 1676 die
1624 1645 1839 1676 examinatus
1876 1644 1972 1676 fuerit
2009 1647 2040 1676 et
2077 1644 2164 1676 idem

336 1708 435 1739 frater
462 1707 612 1748 Angelus
639 1708 669 1737 in
696 1707 852 1738 examine
878 1707 954 1746 ipso
979 1715 1014 1737 se
1041 1707 1148 1737 taliter
1175 1707 1329 1737 habuerit
1355 1707 1445 1746 qnod
1472 1715 1490 1737 a
1525 1707 1646 1744 nobis,
1684 1709 1872 1738 convocata
1899 1710 1929 1738 et
1954 1709 2158 1748 congregata

338 1771 368 1801 in
395 1770 470 1801 31113
499 1778 618 1809 magna
646 1769 765 1809 palacii
792 1768 1000 1809 episcopalis
1027 1768 1240 1808 prelatorum,
1268 1769 1443 1800 doctorum
1471 1771 1502 1800 et
1527 1769 1706 1800 scolarium
1734 1769 1834 1800 huius
1853 1768 1929 1800 almi
1949 1767 2058 1800 Studii
2078 1769 2162 1800 mul-

337 1833 479 1864 titudine
505 1833 645 1872 copiosa
673 1841 732 1871 pro
760 1832 896 1871 negotio
924 1831 1118 1862 huiusmodi
1146 1831 1338 1871 specialiter
1363 1832 1570 1872 peragendo,
1597 1834 1628 1862 et
1654 1832 1748 1862 finito
1773 1833 1804 1862 et
1831 1831 1938 1869 13110,
1976 1831 2017 1862 de
2055 1832 2158 1863 nostri

339 1896 484 1932 licentia,
512 1898 544 1926 ut
572 1895 673 1925 moris
700 1898 760 1931 est,
787 1902 942 1925 sermone
969 1902 1027 1934 per
1053 1894 1274 1924 reverendum
1302 1896 1428 1934 patrem
1456 1894 1630 1925 dominum
1663 1894 1857 1935 magistrum
1898 1893 2080 1925 Antonium
2118 1894 2160 1925 de

338 1958 398 1989 Ast
424 1957 563 1989 Ordinis
590 1956 833 1988 Heremitarum
861 1956 965 1987 sancti
994 1955 1185 1996 Augustini,
1213 1956 1243 1986 in
1270 1964 1365 1987 sacra
1398 1955 1569 1997 theologia
1607 1956 1778 1987 doctorem
1804 1956 2080 1993 celeberrimum,
2117 1956 2161 1987 ab

338 2021 481 2061 ipsoque
508 2019 606 2050 fratre
634 2018 764 2059 Angelo
791 2019 821 2049 in
849 2018 1007 2049 manibus
1033 2018 1159 2049 nostris
1185 2018 1336 2058 prestito,
1361 2018 1403 2049 ad
1431 2020 1548 2050 sancta
1574 2017 1636 2049 Dei
1667 2017 1862 2055 Evangelia,
1881 2017 2038 2049 manibus
2056 2026 2160 2058 snper

337 2086 456 2123 pectus
482 2091 580 2113 snum
608 2082 740 2122 positis,
767 2081 867 2112 solito
894 2081 1091 2118 iuramento,
1117 2081 1208 2120 quod
1236 2090 1276 2111 ex
1304 2089 1406 2112 causa
1434 2081 1484 2112 sui
1513 2080 1695 2121 magisterii
1734 2089 1799 2111 non
1837 2080 1982 2111 excedet
2019 2080 2049 2110 in
2087 2080 2161 2112 eius

337 2146 502 2186 expensis
528 2147 640 2176 taxam
667 2142 878 2176 Clementine
905 2142 1062 2174 Secunde
1089 2143 1129 2174 de
1157 2143 1333 2183 Magistris
1359 2145 1390 2174 et
1415 2143 1507 2183 qnod
1545 2143 1695 2174 servabit
1728 2144 1851 2174 statuta
1889 2143 2040 2174 eiusdem
2079 2141 2161 2174 Uni-

338 2208 509 2239 versitatis
535 2217 573 2239 31
600 2208 699 2247 prout
726 2216 784 2247 per
810 2207 896 2237 alios
923 2206 1103 2246 magistros
1130 2205 1265 2237 solitum
1292 2208 1343 2237 est
1369 2206 1479 2243 iurari,
1506 2205 1649 2237 eundem
1669 2204 1800 2236 fratrem
1821 2204 1996 2245 Angelum,
2015 2205 2064 2236 sic
2083 2205 2157 2236 eius

337 2271 554 2311 exigentibus
581 2270 717 2307 meritis,
745 2269 941 2310 magistrum
968 2277 1028 2300 seu
1055 2268 1227 2299 doctorem
1255 2269 1285 2299 in
1313 2277 1408 2299 sacra
1435 2268 1616 2308 theologia,
1642 2267 1841 2299 auctoritate
1867 2267 2021 2307 prelibati
2047 2267 2162 2299 excel-

337 2333 512 2365 lentissimi
540 2332 665 2363 domini
693 2330 885 2364 Cardinalis
903 2333 933 2362 et
952 2330 1253 2366 Administratoris,
1279 2330 1470 2370 apostolico
1488 2331 1519 2361 et
1538 2329 1699 2370 imperiali
1728 2329 1913 2369 privilegiis
1932 2331 1966 2360 ut
1984 2328 2156 2369 prefertur,

337 2394 550 2432 Cancellarii,
577 2394 784 2431 communiti,
811 2402 877 2433 qna
904 2392 1073 2433 fungimur
1100 2392 1130 2423 in
1159 2392 1219 2424 hac
1246 2394 1349 2432 parte,
1375 2392 1475 2423 hodie
1502 2391 1604 2432 paulo
1629 2394 1705 2423 ante
1747 2391 1985 2422 constituimus
2010 2393 2042 2423 et
2067 2399 2159 2423 crea-

338 2459 460 2494 vimus,
487 2457 620 2497 sibique
646 2457 838 2488 cathedram
866 2454 1090 2495 magistralem
1117 2455 1324 2486 ascendendi
1351 2456 1383 2486 et
1409 2454 1440 2485 in
1467 2462 1505 2485 ea
1533 2453 1676 2494 legendi,
1704 2453 1850 2493 regendi,
1877 2453 2069 2491 definiendi,
2087 2453 2159 2494 glo-

338 2521 446 2557 sandi,
472 2519 724 2560 interpretandi,
750 2519 948 2559 questiones
974 2520 1005 2549 et
1030 2518 1133 2549 dubia
1159 2517 1359 2548 terminandi
1397 2518 1596 2556 ceterosque
1622 2518 1716 2547 actus
1753 2516 1932 2547 doctoreos
1958 2516 1989 2547 in
2016 2515 2154 2547 scientia

339 2583 412 2623 ipsa
439 2583 619 2623 theologie,
646 2582 697 2613 hic
723 2584 754 2613 et
781 2581 906 2621 ubique
934 2581 1094 2617 locorum,
1120 2579 1312 2617 exercendi,
1339 2579 1505 2610 licentiam
1544 2578 1778 2609 concessimus
1805 2580 1835 2609 et
1860 2577 2073 2615 facultatem,
2111 2577 2159 2609 in-

339 2646 523 2676 strumento
550 2644 687 2684 publico
713 2643 896 2683 superinde
922 2642 1076 2674 confecto
1103 2651 1162 2682 per
1186 2640 1296 2673 Sirum
1323 2640 1364 2672 de
1391 2638 1551 2671 piscariis
1577 2640 1741 2671 notarium
1768 2639 1940 2679 publicum
1959 2639 2156 2680 papiensem

339 2717 377 2740 31
404 2707 569 2739 notarium
596 2704 696 2738 Curie
723 2705 938 2746 Episcopalis
964 2704 1141 2745 papiensis
1167 2703 1427 2743 infrascriptum.
1453 2701 1551 2733 Nunc
1578 2710 1669 2739 ver0,
1695 2704 1882 2733 convocata
1907 2704 1937 2733 et
1955 2703 2157 2743 congregata

339 2772 455 2802 iterum
483 2769 710 2802 Universitate
736 2767 972 2808 spectabilium
999 2766 1182 2798 Doctorum
1201 2767 1232 2797 et
1250 2763 1435 2797 Scolarium
1462 2763 1601 2804 predicti
1632 2762 1740 2795 Studii
1770 2764 1921 2804 copiosa,
1939 2772 1977 2795 ac
1996 2763 2157 2795 nobilium

337 2833 462 2864 civium
490 2839 670 2862 numerosa
695 2830 864 2867 catherva,
891 2830 921 2860 in
949 2829 1181 2869 suprascripta
1206 2827 1283 2858 aula
1309 2835 1430 2867 magna
1456 2825 1576 2866 palacii
1603 2825 1822 2866 episcopalis,
1848 2834 1909 2865 pro
1935 2826 1998 2856 hoc
2024 2825 2159 2866 negotio

338 2894 528 2935 specialiter
553 2892 767 2933 exequendo,
794 2892 904 2922 dictus
930 2891 1030 2922 frater
1056 2889 1207 2931 Angelus
1233 2898 1291 2930 per
1316 2887 1500 2929 prefactum
1519 2887 1739 2918 reverendum
1759 2887 1932 2918 dominum
1963 2887 2157 2928 magistrum

339 2957 521 2988 Antonium
548 2956 588 2987 de
614 2955 686 2993 Ast,
712 2953 851 2986 Ordinis
877 2954 1028 2994 predicti,
1044 2954 1075 2984 in
1090 2961 1185 2984 sacra
1200 2951 1370 2991 theologia
1386 2950 1593 2991 magistrum,
1620 2950 1832 2990 vesperiatus
1846 2949 1907 2981 fuit
1923 2952 1956 2981 ut
1971 2950 2073 2981 moris
2097 2950 2158 2987 est,

337 3019 517 3059 eidemque
544 3018 634 3049 fratri
662 3017 892 3058 Ange10,cum
919 3016 995 3047 aliis
1021 3015 1218 3046 doctoribus
1235 3015 1266 3045 et
1285 3013 1455 3054 magistris
1480 3012 1673 3043 cathedram
1699 3012 1904 3043 doctoralem
1924 3014 1957 3043 ut
1974 3014 2025 3044 est
2043 3011 2155 3049 moris,

336 3082 544 3118 ascendenti,
570 3081 712 3120 eiusque
738 3080 850 3120 capiti,
877 3079 918 3110 de
945 3079 1049 3110 nostri
1077 3077 1220 3113 licentia,
1247 3084 1304 3116 per
1330 3074 1550 3106 reverendum
1577 3083 1670 3106 sacre
1689 3074 1858 3115 theologie
1877 3075 2072 3116 magistrum
2092 3073 2158 3106 An-
