2347 3444
1867 221 1921 252 151

118 353 284 396 Campixe
319 354 410 386 filius
445 354 616 395 quondam
654 354 780 386 domini
818 352 1000 391 Guillelmi,
1037 354 1096 384 etc.
1134 350 1349 393 Computatis
1387 352 1418 383 in
1456 352 1602 392 presenti
1640 352 1858 384 confessione
1891 352 1928 384 li-

119 417 187 449 bris
205 416 350 458 xxxllj,
375 416 482 448 soldis
509 415 602 453 Vllll,
627 416 702 448 den.
730 415 782 454 vl,
807 416 894 447 datis
919 415 1018 446 dictis
1033 414 1204 446 Fratribus
1222 415 1254 445 et
1271 414 1451 445 conventui
1471 415 1505 445 ut
1522 416 1662 454 apparet
1680 423 1739 454 per
1757 414 1927 454 quoddam

120 479 282 519 scriptum
308 478 432 510 factum
460 487 558 510 manu
585 478 664 509 dicti
691 477 816 509 domini
842 477 953 509 fratris
979 475 1142 517 Baptiste‚
1168 478 1229 508 etc.

844 659 1215 701 CCCXXXVL

209 770 469 799 L'Eremitano
506 770 594 798 frate
631 769 804 805 Agostino
841 770 884 798 de
920 769 1075 797 Rancate
1112 768 1228 797 riceve
1255 767 1278 796 il
1303 775 1433 804 prezzo
1458 767 1493 795 di
1518 776 1563 795 un
1600 767 1712 795 affitto
1749 775 1862 795 annuo
1896 766 1931 795 di

121 833 187 852 una
213 832 311 852 casa.

779 901 931 931 1408,
962 901 1159 932 ltuglio,
1192 900 1283 925 20.

657 990 723 1010 Aren.
741 989 820 1010 Notat.
838 989 859 1009 di
876 989 953 1010 Pavia.
971 1000 994 1002 --
1011 989 1058 1009 Atti
1074 989 1096 1009 di
1112 989 1226 1014 Agostino
1242 988 1401 1013 Gravanago‘.

186 1175 307 1290 N
367 1193 456 1218 ELLA
482 1196 561 1218 casu
586 1188 639 1218 cle!
662 1188 784 1226 notaio,
811 1189 841 1219 iri
868 1187 1064 1219 Purroccliiii
1090 1188 1124 1219 cli
1148 1186 1179 1219 S.
1206 1187 1249 1218 M.
1269 1188 1300 1218 in
1318 1186 1456 1218 Pertisa.
1484 1186 1703 1219 Reverendus
1730 1188 1824 1227 pater
1838 1195 1933 1218 sacre

137 1236 139 1250 ι
389 1250 533 1290 teologie
559 1250 717 1290 magister
741 1250 898 1281 dominus
923 1249 1023 1281 trater
1041 1249 1251 1290 Augustinus
1270 1250 1311 1281 de
1330 1249 1512 1287 Rancliate‚
1527 1248 1665 1281 Ordinis
1692 1249 1933 1280 Heremitarum

148 1347 152 1348 ⁷
388 1312 493 1343 sancti
521 1311 711 1352 Augustini,
738 1320 800 1343 suo
826 1312 958 1343 nomine
984 1313 1120 1352 proprio
1137 1310 1188 1351 (1)
1213 1314 1244 1343 et
1263 1321 1327 1343 non
1347 1312 1420 1343 vice
1446 1311 1592 1343 alicuius
1607 1311 1762 1349 ecclesie,
1788 1311 1935 1343 diemaro

120 1375 257 1405 ri'cevere
283 1374 326 1405 da
352 1374 535 1405 Francesco
560 1374 741 1405 ArciIzzoni
757 1373 872 1414 floritii
899 1374 938 1405 14
963 1383 1023 1414 pro
1049 1374 1127 1405 ficto
1153 1383 1211 1405 seu
1239 1374 1403 1414 pensione
1431 1374 1530 1405 unius
1555 1374 1632 1405 anni
1658 1373 1780 1405 finituri
1800 1374 1831 1404 in
1849 1373 1936 1405 festo

122 1436 228 1467 sancti
256 1436 391 1467 Martini
418 1445 514 1476 prox.
541 1436 599 1467 fut.
627 1437 726 1467 unius
751 1436 874 1467 domus
900 1438 1027 1467 niurate
1053 1438 1083 1467 et
1110 1438 1231 1476 cupate
1258 1436 1367 1477 posite
1395 1436 1425 1467 in
1453 1435 1558 1476 Papia
1585 1436 1615 1466 in
1642 1435 1742 1467 Porta
1769 1435 1935 1467 Laudensi

122 1499 152 1529 in
179 1497 342 1530 Parochia
370 1500 485 1530 sancte
512 1498 618 1530 Marie
644 1498 751 1536 Nove,
778 1499 862 1530 alias
888 1499 994 1530 locate
1020 1507 1079 1539 per
1104 1498 1214 1538 ipsum
1242 1497 1374 1529 fratrem
1394 1497 1619 1538 Augustinum
1634 1497 1725 1529 dicto
1744 1497 1935 1529 Francisco.

840 1671 1237 1712 CCCXXXVII.

214 1781 266 1808 La
292 1780 478 1809 Comunita
503 1781 538 1809 di
565 1781 599 1809 S.
627 1781 800 1816 Agostino
837 1781 956 1817 elegge
993 1781 1059 1808 due
1096 1780 1322 1809 Procuratori
1354 1789 1415 1817 per
1451 1780 1472 1808 l'
1491 1780 1818 1809 amministrazione
1844 1780 1938 1809 ordi-

125 1833 224 1862 naria
250 1834 305 1862 del
332 1833 526 1862 Convento.

764 1911 918 1942 12:60,
944 1911 1218 1943 αριιιᾞιιὶο,
1245 1911 1296 1936 2.

677 1998 752 2021 (Ascli.
769 1999 848 2019 Notar.
865 1999 887 2019 di
904 1999 981 2019 Pavia.
998 2010 1021 2012 ἓ
1039 1999 1085 2020 Atti
1102 1999 1123 2019 cli
1141 1999 1261 2020 Leonardo
1278 1999 1390 2020 Busa-aiil.

232 2184 277 2298 Ι
372 2201 395 2227 Ν
420 2196 573 2227 sacristia
599 2196 741 2227 ecclesie
767 2198 796 2227 et
823 2196 1014 2227 monasterii
1053 2196 1158 2227 sancti
1198 2195 1376 2237 Augustini
1414 2195 1529 2236 Papie,
1569 2196 1667 2228 Porte
1694 2196 1842 2233 Pallacii,
1877 2195 1940 2227 Pa-

395 2258 507 2290 rochie
545 2259 650 2289 sancti
690 2257 822 2289 Andree
848 2259 889 2289 de
917 2258 1037 2289 Brolio.
1076 2257 1318 2290 convocato...
1345 2259 1494 2299 capitulo
1527 2262 1716 2290 conventus
1742 2261 1772 2290 et
1797 2259 1939 2290 ecclesie

290 2364 307 2370 -
395 2321 587 2352 monasterii
615 2321 720 2352 sancti
749 2320 927 2361 Augustini
955 2320 1070 2361 Papie,
1097 2321 1137 2352 de
1164 2321 1364 2352 mandato...
1385 2321 1587 2352 venerabilis
1607 2321 1666 2352 viri
1686 2321 1811 2352 domini
1830 2321 1940 2352 fratris

127 2382 283 2415 Raitaelis
310 2383 350 2414 de
377 2382 517 2423 Rapallo
544 2383 670 2419 biblici,
698 2383 810 2413 vicarii
837 2383 914 2413 dicti
943 2385 1174 2414 conventus...
1202 2384 1232 2413 in
1259 2392 1326 2422 quo
1352 2384 1487 2423 quidem
1514 2383 1663 2423 capitulo
1681 2383 1823 2419 fuerunt,
1842 2386 1935 2414 erant

127 2446 157 2475 et
183 2447 259 2475 sunt
286 2445 358 2485 ipse
384 2445 542 2476 dominus
568 2444 668 2476 frater
694 2444 818 2478 Raftael
858 2445 1003 2475 vicarius
1040 2445 1231 2476 antedictus
1257 2447 1288 2476 et
1314 2454 1387 2476 cuin
1415 2454 1497 2476 eo...
1536 2446 1710 2476 reverendi
1738 2447 1850 2485 patres
1876 2445 1936 2476 do—

129 2507 205 2537 mini
233 2507 381 2547 magistri
408 2506 640 2539 Bertolanieus
666 2508 707 2538 de
735 2507 902 2544 Fazardi&
941 2506 1106 2538 Iohannes
1145 2507 1287 2538 lacobus
1313 2507 1353 2538 de
1379 2506 1545 2548 Campixe
1571 2516 1608 2539 ac
1636 2508 1848 2539 venerabiles
1875 2508 1933 2538 viri

127 2569 251 2599 domini
278 2569 395 2600 fratres
422 2569 562 2601 lacobus
588 2570 629 2601 de
655 2568 774 2602 Caxali
813 2569 1038 2607 baclialarius,
1076 2568 1228 2609 Baptista
1254 2570 1295 2600 de
1322 2569 1492 2602 Rancliate
1527 2570 1684 2607 biblicus
1716 2570 1871 2601 Nicltolla
1897 2570 1938 2601 de

127 2630 265 2671 Bugella
291 2631 404 2665 lector,
430 2630 584 2672 Baptista
622 2632 663 2663 de
704 2632 804 2663 lanua
844 2632 956 2669 lector,
983 2630 1091 2672 Aynio
1117 2632 1158 2662 de
1185 2630 1356 2663 Sabaudia
1383 2631 1496 2669 lector,
1537 2630 1732 2663 Gualterius
1757 2633 1798 2663 de
1825 2631 1938 2665 Curre.

127 2692 332 2725 Ainbroxius
358 2694 399 2725 de
426 2693 580 2726 Pusterla
607 2695 767 2735 magister
793 2694 1017 2731 studcnciuni,
1056 2693 1245 2733 Apolonius
1271 2694 1312 2724 de
1339 2692 1451 2731 Curte,
1478 2693 1604 2725 Paulus
1631 2695 1671 2726 de
1699 2697 1816 2726 sancta
1843 2694 1937 2725 Flora

125 2763 250 2792 cursor,
277 2754 427 2796 Angelus
464 2757 504 2788 de
545 2757 741 2788 Mediolano
759 2754 810 2795 (2)
836 2765 964 2793 cursor,
991 2756 1157 2787 Martinus
1183 2756 1224 2786 de
1251 2755 1377 2787 Tolosa
1415 2765 1541 2795 cursor,
1580 2756 1728 2788 Zaninus
1754 2757 1794 2788 de
1821 2760 1938 2788 sancto

127 2816 267 2857 Angelo,
303 2816 502 2850 Gunifortus
527 2819 568 2850 de
594 2819 720 2857 Rabiis,
748 2818 874 2850 Paulus
900 2819 940 2850 de
968 2818 1108 2854 mineo,
1146 2817 1302 2849 Didimus
1328 2818 1369 2849 de
1396 2818 1540 2859 Brayda,
1578 2819 1775 2851 Laurentius
1803 2820 1844 2851 de
1871 2819 1937 2850 Bu-

184 2973 213 2997 (Ι)
229 2973 336 2995 Riccvere
358 2981 369 2995 a
393 2981 459 2996 nome
482 2976 576 3002 proprio
599 2976 612 2996 il
636 2982 722 3002 premo
737 2976 758 2997 di
776 2982 804 2996 un
827 2976 903 2996 airino
920 2976 940 2995 di
958 2981 1001 2995 una
1110 2975 1140 2998 (2)
1156 2974 1182 2995 Di
1199 2981 1228 2995 un
1245 2974 1302 2995 trare
1318 2975 1405 3000 Angelo
1421 2976 1532 2999 Visconti.
1550 2977 1590 2997 clie
1607 2977 1659 3002 qual
1677 2978 1769 2997 oratore
1786 2977 1866 2997 csiniio
1882 2977 1930 2997 fiori

130 3023 184 3038 casa
199 3023 243 3038 non
259 3018 362 3043 significa
385 3020 594 3040 necessariamente
610 3020 736 3045 possedere
761 3026 825 3041 coine
849 3020 1003 3046 proprietario
1058 3020 1163 3044 appunto
1188 3019 1222 3039 sul
1248 3019 1312 3039 linire
1337 3020 1372 3040 del
1397 3021 1475 3041 secolo
1497 3021 1543 3045 XV,
1569 3021 1632 3046 parla
1649 3021 1662 3041 il
1679 3020 1811 3045 Cuusfflio,
1829 3027 1863 3046 op,
1882 3021 1930 3043 cir.

131 3061 150 3081 la
167 3066 219 3082 casn
235 3064 319 3083 stesso.
344 3062 383 3084 Del
406 3065 469 3084 resto
486 3069 514 3084 un
531 3063 646 3089 Religioso
669 3065 703 3084 coi
727 3065 807 3085 dovuti
828 3065 939 3090 permessi
956 3065 1002 3090 pus)
1059 3069 1110 3089 pag.
1126 3063 1173 3083 514.
1191 3063 1237 3087 Egli
1254 3063 1282 3084 da
1299 3064 1426 3085 lnuoccnzo
1443 3065 1490 3085 Vlll
1507 3064 1529 3085 iu
1547 3065 1664 3085 nominato
1680 3066 1778 3085 (hatum
1795 3065 1829 3085 dcl
1847 3065 1908 3090 Papa·

129 3105 298 3127 amministrare
312 3107 384 3128 anche
399 3112 411 3128 a
427 3113 494 3128 nome
510 3108 613 3133 proprio.
