2347 3444
336 242 400 273 292

1162 428 1316 468 DXL.

423 539 556 574 Legato
582 538 852 566 testamentario
877 538 909 565 di
939 537 1082 573 Spinolo
1120 537 1250 572 Regna.
1290 536 1454 573 capitano
1491 537 1547 566 del
1574 537 1688 566 Pareo
1714 538 1747 566 di
1775 539 1898 572 Pavia,
1926 547 1945 567 a
1971 539 2092 568 favore
2117 540 2152 569 di

338 591 372 620 S.
401 592 520 620 Paolo.

924 686 1088 714 1490.
1121 686 1406 716 gknll1zjl‹›‚
1436 686 1526 710 22.

881 774 956 795 (Aren.
975 774 1047 794 Notar
1072 773 1093 793 di
1112 773 1181 794 Pavia
1198 785 1221 787 —
1238 774 1286 794 Atti
1302 774 1324 794 dt
1341 774 1462 795 Marctitno
1478 775 1604 798 Mol-asco).

444 947 489 1061 I
583 977 605 1002 Ν
642 972 814 1003 ΜίηιΙΜΙΙο
850 971 904 1002 nel
939 970 1045 1002 Pareo
1081 972 1116 1003 di
1150 970 1266 1002 Pavicl.
1309 971 1516 1003 Testamento
1553 972 1638 1004 dello
1675 973 1872 1013 spectabilis
1911 973 1960 1004 vir
1996 973 2154 1005 dominus

604 1033 765 1074 Spinolus
806 1034 846 1065 de
889 1033 1021 1074 Regnis,
1063 1034 1152 1065 filius
1182 1034 1352 1074 quondam
1394 1035 1520 1065 domini
1563 1034 1738 1072 lobannis,
1779 1035 1909 1066 ducalis
1949 1034 2156 1076 Capitaneus

604 1096 720 1128 Parclii
749 1096 851 1137 Papie
869 1094 921 1135 (1)
945 1100 975 1128 et
1002 1105 1127 1128 moram
1154 1097 1290 1128 trahens
1317 1097 1347 1128 in
1375 1097 1448 1128 loco
1475 1097 1641 1128 Mirabelli
1669 1098 1746 1128 dicti
1767 1096 1895 1134 Parem,
1925 1097 1978 1128 nel
1997 1097 2094 1137 quale
2108 1097 2156 1129 cii-

335 1170 436 1201 slmm·
462 1161 534 1191 eius
561 1160 705 1191 cadaver
731 1160 864 1200 sepeliri
880 1160 921 1190 ad
941 1160 1116 1190 ecclesiam
1143 1158 1343 1191 Conventus
1369 1160 1474 1190 sancti
1502 1158 1595 1190 Pauli
1623 1162 1716 1190 extra
1743 1168 1857 1190 muros
1883 1160 2076 1200 papienses,
2095 1159 2157 1192 Or-

335 1224 422 1254 tlinis
461 1223 595 1254 fratrum
635 1222 876 1253 Heremitarum
916 1223 1020 1253 sancti
1061 1221 1239 1262 Augustini
1267 1222 1307 1253 de
1333 1222 1567 1258 observancia‚
1593 1223 1644 1253 cui
1672 1222 1807 1262 quidem
1834 1223 1974 1253 ecclesie
2000 1231 2058 1254 seu
2077 1231 2157 1253 con-

336 1286 459 1320 ventui,
486 1288 519 1316 ut
546 1284 713 1315 Dominus
740 1283 832 1315 Deus
859 1287 972 1315 noster
997 1284 1104 1315 eidem
1143 1284 1280 1315 domino
1307 1285 1456 1315 testatori
1485 1285 1690 1321 misereatur,
1717 1284 1809 1315 dedit
1835 1287 1865 1315 et
1892 1285 2015 1325 legavit
2040 1287 2071 1316 et
2097 1293 2154 1316 seu

335 1348 467 1387 reliquit
494 1348 637 1378 ducatos
663 1347 910 1387 quinquaginta
937 1347 1006 1377 auri
1033 1347 1140 1377 eidem
1167 1347 1317 1377 testatori
1345 1347 1479 1377 debitos
1506 1356 1562 1387 per
1589 1346 1806 1387 spectabilem
1836 1347 1942 1377 virum
1981 1347 2153 1378 dominum

335 1410 513 1441 loliannem
542 1409 697 1441 Iacobum
725 1409 764 1440 de
791 1409 995 1440 Vincemalis
1021 1409 1172 1440 ducalem
1200 1409 1408 1440 sesclialcum
1436 1418 1476 1440 ex
1504 1409 1616 1449 precio
1643 1409 1742 1440 unius
1768 1409 1875 1440 vestis
1901 1409 1996 1449 drapi
2027 1410 2153 1450 argenti

333 1473 440 1503 eidem
466 1472 507 1503 ad
534 1472 736 1503 credentiam
764 1471 909 1509 vendite,
935 1474 966 1502 et
991 1472 1098 1502 eidem
1126 1471 1264 1502 domino
1290 1472 1468 1512 capitaneo
1494 1471 1618 1502 donate
1636 1474 1786 1512 tempore
1806 1480 1988 1511 numquam
2016 1471 2157 1503 delende

336 1535 494 1566 memorie
533 1535 750 1565 illustrissimi
789 1534 915 1565 domini
954 1534 1080 1565 domini
1120 1533 1286 1565 Francisci
1325 1532 1447 1566 Stortie
1484 1533 1710 1570 Vicecornitis,
1738 1543 1797 1574 pro
1824 1542 1890 1573 qua
1916 1533 2156 1574 consequenda

333 1598 471 1629 eosdem
499 1598 657 1628 dominos
685 1596 831 1628 Priorem
858 1600 888 1628 et
916 1596 1046 1628 Fratres
1071 1597 1247 1628 constituit
1272 1599 1507 1638 procuratores
1533 1605 1626 1634 suos,
1653 1598 1687 1627 ut
1712 1596 1836 1628 faciant
1873 1596 1980 1627 eidem
2019 1596 2156 1628 Iohanni

336 1660 456 1691 Iacobo
494 1660 640 1691 debitam
677 1659 927 1691 confessionem
954 1668 1012 1690 seu
1040 1659 1322 1690 liberacionem....
1359 1668 1506 1700 gravans
1533 1659 1564 1690 in
1591 1659 1680 1690 dicto
1716 1667 1796 1690 casu
1824 1658 1974 1699 prefatos
1999 1658 2157 1690 dominos

335 1722 481 1754 Priorem
509 1726 538 1753 et
566 1722 694 1754 Fratres
721 1724 750 1753 et
778 1731 1011 1762 quoscumque
1037 1722 1223 1753 residentes
1250 1722 1279 1753 in
1307 1722 1396 1753 dicto
1422 1720 1600 1754 Conventu
1628 1721 1669 1752 ad
1695 1721 1932 1752 celebrandum
1952 1721 2040 1752 omni
2068 1730 2157 1752 anno

335 1786 365 1816 in
393 1788 601 1826 perpetuum,
629 1785 659 1816 in
687 1785 738 1816 die
766 1785 882 1816 mortis
908 1785 1016 1825 ipsius
1043 1784 1169 1815 domini
1196 1785 1378 1823 testatoris,
1405 1793 1506 1816 unum
1532 1783 1679 1816 officium
1696 1784 1880 1824 proipsius
1906 1784 2032 1815 domini
2059 1786 2159 1816 testa-

335 1848 417 1879 toris
442 1850 473 1879 et
499 1847 731 1879 defunctorum
759 1856 896 1879 suorum
922 1847 1112 1878 animabus.

1156 2012 1337 2052 DXLI.

428 2132 454 2160 11
482 2131 636 2160 Comune
663 2132 697 2160 di
724 2132 836 2159 pavia
863 2132 1039 2160 domanda
1065 2140 1084 2159 a
1111 2131 1294 2160 Lodovico
1320 2131 1344 2159 il
1371 2131 1466 2159 Moto
1492 2131 1527 2159 di
1564 2131 1756 2159 concedere
1794 2130 1882 2158 frate
1912 2130 2074 2158 Mariano
2111 2131 2156 2159 da

337 2195 548 2223 Genazzano
574 2203 634 2230 per
660 2194 694 2222 la
719 2194 968 2230 predicazione
993 2194 1049 2222 nel
1076 2194 1214 2222 Duomo
1239 2202 1382 2229 pavese,

956 2316 1110 2346 1490,
1143 2316 1417 2347 ge1111zli‹›‚
1450 2315 1541 2340 3()·

667 2414 761 2437 (Museo
777 2413 818 2434 civ
843 2413 864 2433 di
881 2414 953 2434 storia
970 2415 1029 2439 patr.
1046 2413 1067 2433 di
1085 2412 1154 2434 Pavia
1170 2424 1195 2426 —
1212 2412 1298 2438 Regist.
1316 2413 1402 2438 provis.
1419 2418 1471 2433 ann⁴
1491 2412 1548 2437 1490,
1564 2412 1602 2432 501.
1619 2412 1638 2435 8.
1655 2418 1666 2432 c
1684 2417 1756 2437 paceo
1770 2412 1826 2434 544).

394 2608 545 2723 M
587 2619 779 2656 CCCCXC,
806 2621 858 2651 die
885 2620 975 2651 XXX
1002 2620 1155 2657 Ianuarii,
1182 2620 1212 2650 in
1239 2620 1360 2650 terciis.

608 2682 806 2715 Convocato
833 2682 1016 2718 Conscilio„
1043 2686 1113 2714 etc:

610 2746 722 2786 Ibique
750 2746 866 2786 prefati
895 2746 1020 2776 domini
1047 2745 1258 2777 attendentes
1284 2745 1348 2775 hiis
1375 2744 1540 2784 proximis
1577 2743 1698 2773 diebus
1735 2743 1878 2782 scriptas
1905 2742 2010 2774 fuisse
2051 2744 2158 2773 certas

340 2809 464 2839 litteras
492 2808 674 2839 reverendo
694 2809 830 2838 domino
857 2807 946 2838 tratri
976 2808 1129 2839 Mariano
1156 2808 1196 2838 de
1222 2804 1270 2845 (ln
1296 2804 1430 2844 blanco)
1467 2806 1571 2837 sancti
1600 2804 1790 2845 Augustini.
1825 2814 1884 2845 pro
1910 2805 2057 2836 adveutu
2084 2805 2157 2836 eius

339 2871 380 2901 ad
409 2870 648 2911 predicandum
676 2871 706 2900 in
735 2871 794 2900 liac
819 2871 974 2900 civitate:
1002 2879 1106 2910 nuper
1144 2878 1223 2901 vero
1261 2869 1483 2903 vocitteratur,
1521 2867 1612 2907 quod
1651 2867 1789 2898 illustris
1815 2867 1973 2898 dominus
1999 2867 2156 2897 dominus

412 3049 429 3070 1)
446 3047 459 3067 ll
476 3046 591 3072 Capitnno
606 3046 641 3066 del
659 3046 731 3066 Parem
747 3045 768 3066 «li
786 3045 854 3066 Pavia
871 3051 909 3066 era
926 3046 938 3065 il
954 3048 1103 3070 soprflstnnte
1119 3045 1222 3065 :numini-
1276 3044 1297 3064 di
1314 3044 1467 3069 caeci-agione,
1484 3043 1505 3063 di
1521 3043 1580 3067 cani,
1596 3043 1617 3063 di
1633 3043 1723 3067 cavalli,
1739 3048 1785 3063 ccc.
1809 3042 1865 3063 Vcdi
1888 3042 1912 3063 C.
1937 3042 2073 3066 ΜΛῦΕΝΤΑ,
2089 3041 2100 3062 Ι
2118 3040 2152 3061 Vi-

343 3094 444 3112 strator-.-
460 3092 495 3111 ‹lci
512 3091 638 3111 vastissimi
655 3091 789 3114 tenimenti,
813 3091 853 3110 clue
876 3090 1011 3110 formamini>
1034 3090 1047 3109 il
1063 3090 1168 3114 giardino
1184 3089 1219 3109 del
1276 3089 1353 3109 sconti
1369 3094 1380 3108 t*
1394 3088 1428 3113 1111*
1444 3087 1537 3113 Ssorzu.
1555 3092 1600 3108 ccc,
1619 3088 1662 3107 vol.
1681 3087 1696 3111 Ι,
1713 3093 1765 3112 pag.
1785 3087 1876 3107 117-124.

343 3136 454 3159 castello,
471 3136 582 3156 coltivato
598 3135 626 3155 da
640 3141 668 3155 un
681 3141 776 3155 numero
791 3134 877 3159 grande
893 3134 914 3154 di
931 3134 1038 3154 littaiuoli
1055 3140 1066 3154 c
1080 3134 1222 3154 riccliissimo
