2347 3444
331 202 393 234 144

327 335 470 367 badessa
495 344 512 367 e
538 336 621 368 delle
646 336 806 368 monache
841 336 876 367 di
910 335 1123 367 Montolivcto
1149 334 1183 366 di
1208 333 1324 369 Ρανία,
1351 333 1439 364 soldi
1465 333 1507 364 10
1528 333 1638 373 imper.
1671 341 1732 373 per
1765 341 1862 364 censo
1895 341 2004 364 annuo
2029 332 2086 364 che
2111 332 2140 364 Ie

324 398 485 430 monache
509 398 658 430 debbono
683 398 718 429 a!
741 400 898 430 convento
923 398 958 429 ‹1'1‘
982 396 1014 429 S.
1040 397 1202 436 Agoslino
1220 394 1280 435 (l).

1044 551 1414 592 CCCXXVIII.

413 663 518 691 Frate
545 663 659 691 Guido
685 663 729 690 da
757 661 875 697 Parigi
901 661 1100 697 professore
1127 660 1161 688 di
1187 660 1339 688 filosofia
1364 659 1457 688 nella
1484 659 1691 688 Universita
1715 667 1860 696 pavese.

932 764 1080 797 1407,
1107 764 1423 795 (11001111‘n-e,
1449 764 1524 789 lO-

865 852 941 876 (Arcti.
958 852 995 873 del
1012 852 1100 874 Rettor.
1117 851 1321 873 dcll¹U11ivcrsit.'1.
1337 863 1362 866 -—
1379 851 1454 874 Rotoli
1471 852 1594 877 originali).

336 993 340 1082 Ι
569 1054 777 1088 CCCCLXVH,
803 1051 856 1082 die
883 1050 1015 1082 decimo
1041 1050 1243 1081 decembris.

336 1100 338 1144 f
377 1038 522 1153 M
560 1096 562 1125 1
679 1112 820 1145 Rutulus
847 1111 1045 1144 Artistarum
1072 1113 1102 1143 et
1128 1112 1334 1143 medicorum
1354 1112 1463 1152 legere
1489 1112 1683 1144 debentium
1711 1112 1741 1143 in
1768 1110 1955 1153 Gymnasio
1973 1113 2138 1153 papiensi.

337 1165 363 1212 5„
559 1137 561 1204 A
681 1174 826 1207 Omissis
840 1185 850 1206 .-

411 1211 462 1268 Ad
491 1210 649 1269 lecturam
675 1236 903 1278 phylosophie
931 1236 1066 1268 moralis
1093 1236 1124 1267 in
1151 1235 1247 1268 festis
1264 1234 1323 1276 (2),
1351 1235 1465 1267 Frater
1501 1234 1615 1268 Guido
1652 1234 1856 1268 Parisiensis
1882 1235 2020 1268 Ordinis
2047 1237 2134 1268 beati

321 1299 514 1341 Augustini,
538 1300 687 1331 florenos
713 1297 780 1330 XII.

1073 1446 1391 1488 CCCXXIX.

412 1556 556 1585 Lascito
579 1556 848 1585 tesiamentario
885 1556 941 1584 del
978 1556 1057 1587 nob,
1096 1555 1187 1584 Gian
1224 1555 1378 1584 Antonio
1416 1555 1543 1583 Strada
1568 1564 1630 1592 per
1655 1555 1689 1583 la
1715 1555 1939 1584 costruzione
1965 1555 2058 1584 della
2084 1564 2141 1584 sa-

324 1609 458 1646 grestia
483 1609 517 1638 di
543 1610 577 1641 S.
603 1609 791 1646 Agostino.

960 1704 1114 1737 1468,
1141 1705 1422 1736 febbrnio‚
1448 1706 1500 1730 Β.

826 1792 905 1817 (Αῐεὴ.
922 1794 1002 1816 Notat.
1019 1793 1040 1814 di
1058 1793 1128 1815 Pavia
1143 1805 1168 1808 —
1183 1794 1231 1815 Atti
1248 1794 1269 1815 di
1286 1794 1398 1815 Giovanni
1415 1794 1516 1815 Antonio
1532 1793 1632 1819 strada).

339 1943 341 2052 Ι
397 1978 505 2094 T
560 1962 801 2053 ΞΕΞΤΑΜΕΝΤΟ
827 1992 880 2024 del
903 1992 977 2025 nob.
1007 1991 1173 2025 Giovanni
1207 1993 1350 2025 AntonIo
1388 1992 1509 2026 Strada
1535 1993 1570 2025 di
1593 1991 1783 2025 Parasacco
1809 1992 1954 2025 abitante
1978 1993 2009 2025 ίη
2035 1992 2142 2026 Ρανὶα

338 2060 341 2117 λ
560 2064 562 2105 j
589 2055 620 2085 ill
646 2053 844 2086 Pczrrocclzicz
870 2055 904 2086 di
928 2054 960 2087 S.
987 2054 1149 2096 Ezzfemia,
1176 2055 1229 2087 col
1251 2055 1349 2095 quale
1374 2056 1431 2087 dat
1456 2057 1487 2087 et
1514 2055 1601 2096 legat
1627 2053 1796 2095 Capitulo,
1823 2053 2013 2087 Conventui
2033 2057 2063 2087 et
2082 2055 2144 2087 Fa-

338 2125 340 2151 l
561 2112 562 2115 '
590 2118 680 2149 brice
705 2118 828 2150 domus
854 2119 941 2150 beati
967 2119 1074 2150 sancti
1101 2119 1206 2159 patris
1239 2118 1417 2159 Augustini
1456 2118 1630 2159 papiensis
1649 2118 1703 2150 illa
1726 2118 1802 2150 ficta
1836 2120 2008 2158 perpetua,
2033 2117 2091 2149 che
2115 2118 2146 2149 si

320 2188 457 2220 pagano
494 2180 537 2211 cia
574 2180 686 2212 alcimi
713 2180 855 2220 fittabili
874 2189 936 2221 per
957 2183 1040 2212 cen‘e
1061 2181 1227 2222 proprietd
1253 2181 1284 2212 in
1315 2181 1519 2212 Tromello....
1558 2190 1618 2212 nee
1652 2190 1718 2212 non
1744 2182 1775 2212 et
1801 2181 1894 2221 ipsas
1920 2180 2142 2221 proprietates

326 2244 486 2282 quantum
514 2242 555 2274 ad
582 2243 745 2274 directum
783 2243 968 2274 dominium
996 2246 1027 2275 et
1052 2243 1184 2275 civilem
1218 2244 1485 2284 possessionem,
1510 2245 1573 2275 etc.
1613 2242 1665 2274 Ad
1691 2251 1791 2283 quam
1828 2243 2007 2275 ecclesiam
2045 2243 2143 2274 iussit

325 2307 355 2335 et
382 2304 473 2336 iubet
499 2305 645 2336 cadaver
670 2314 768 2336 suum
806 2305 942 2346 sepeliri
980 2306 1115 2344 debere,
1154 2306 1312 2338 videlicet
1338 2307 1369 2337 in
1396 2306 1550 2338 sacristia
1588 2306 1697 2346 ipsius
1733 2306 1856 2337 domus
1881 2314 1986 2346 prope
2011 2307 2042 2337 et
2066 2307 2143 2337 ante

328 2366 431 2398 altare
457 2367 563 2398 sancti
591 2366 686 2398 Pauli
706 2365 767 2407 (3),
794 2369 825 2399 et
851 2368 977 2409 portari
1004 2369 1150 2400 cadaver
1175 2377 1273 2400 suum
1300 2369 1331 2400 in
1359 2369 1473 2400 habitu
1499 2368 1578 2399 dieti
1605 2367 1743 2400 Ordinis
1761 2370 1791 2400 et
1811 2377 1869 2408 per
1886 2368 2006 2400 tratres
2031 2368 2141 2409 ipsius

327 2427 465 2460 Ordinis
491 2431 630 2467 tantum,
657 2430 729 2461 sine
754 2430 868 2470 aliqua
894 2431 1108 2462 solemnitate
1135 2440 1375 2471 campanarum
1394 2428 1469 2470 (4),·
1494 2431 1535 2462 ad
1563 2431 1653 2471 quod
1680 2431 1783 2462 altare
1819 2431 1968 2469 desuper
1992 2431 2066 2462 eius
2091 2439 2144 2462 se-

327 2491 479 2530 pulcrum
508 2492 598 2523 iubet
623 2492 664 2523 de
691 2492 916 2533 infrascriptis
942 2493 1091 2525 denariis
1118 2494 1196 2534 poni
1224 2503 1325 2525 unum
1353 2493 1498 2534 lapidem
1519 2502 1752 2532 marmoreum,
1771 2494 1802 2524 in
1822 2502 1889 2534 quo
1904 2494 1971 2525 sint
1995 2493 2142 2534 sculpita

329 2561 415 2583 unus
441 2553 528 2583 calix
555 2563 629 2584 cum
656 2556 777 2593 patena
803 2556 833 2586 et
859 2564 934 2586 cum
963 2564 1027 2586 una
1054 2564 1152 2587 cruce
1179 2556 1366 2596 superiori;
1404 2555 1446 2586 ad
1485 2556 1575 2596 quod
1614 2555 1718 2587 altare
1756 2556 1861 2587 voluit
1887 2558 1917 2587 et
1944 2556 2014 2587 vult
2040 2556 2142 2597 quod,

329 2623 389 2655 pro
415 2615 524 2646 anima
551 2616 658 2655 ipsius
684 2617 866 2655 testatoris,
904 2617 1128 2649 cellebrentur
1154 2619 1256 2650 misse
1282 2620 1349 2649 tres
1386 2619 1520 2659 singula
1553 2618 1755 2656 ebdomada,
1782 2618 1878 2650 salvo
1904 2621 1938 2650 ut
1964 2618 2058 2657 infra,
2085 2627 2145 2650 nec

334 2780 396 2805 tiglio
419 2780 455 2800 del
479 2780 602 2800 notissimo
625 2781 708 2801 Notaui·
732 2787 817 2806 privcse
841 2782 903 2807 Luigi
927 2782 1084 2809 Strazzapntti
1101 2790 1112 2804 e
1129 2784 1212 2809 perche
1268 2784 1360 2805 caricati
1377 2784 1382 2804 i
1399 2784 1496 2809 miglion‘
1512 2785 1594 2806 scolari
1611 2783 1813 2805 dcll'Universitai.
1833 2784 2016 2811 Nonsappiamo
2031 2791 2058 2806 su
2075 2786 2143 2812 quale

335 2824 395 2844 surse
411 2824 430 2844 ε’
441 2824 535 2848 insenum
551 2825 592 2844 elic
609 2824 666 2845 inne
684 2825 795 2845 'solomon
811 2826 905 2851 §.iu-gn,
923 2833 979 2852 pure
995 2827 1016 2847 ui
1033 2828 1054 2848 S.
1068 2828 1188 2853 Mostiola,
1200 2828 1211 2849 ὲ
1267 2828 1417 2849 fondamento
1433 2830 1490 2849 nelle
1506 2829 1618 2850 Mcnmrie
1633 2835 1645 2850 e
1660 2829 1800 2850 Documenti
1813 2835 1855 2855 per
1870 2830 1893 2850 Ιιι
1909 2830 1985 2850 storia
2006 2829 2063 2851 dell¹
2075 2830 2141 2851 Univ.

335 2870 431 2893 parente
447 2868 482 2889 del
500 2868 609 2893 Baius-ta,
626 2869 744 2890 nominato
761 2870 795 2890 nel
812 2870 960 2896 documento,
973 2878 983 2892 e
996 2872 1074 2897 quimli
1086 2873 1212 2897 congiunto
1268 2873 1292 2893 rli
1307 2872 1387 2897 Paria,
1404 2874 1449 2893 vol.
1466 2873 1481 2897 1,
1499 2879 1550 2899 pag.
1570 2874 1612 2897 159,
1630 2874 1647 2894 si
1665 2879 1740 2899 punga
1757 2874 1955 2899 l'insognamcnto
1965 2874 1986 2894 di
1997 2873 2054 2895 irate
2066 2874 2142 2896 Guido

333 2913 405 2933 anclic
421 2913 479 2933 della
496 2913 571 2933 nobile
587 2912 687 2939 famiglia
712 2913 796 2939 Pietra,
819 2915 860 2935 clii:
882 2915 948 2936 diede
970 2917 1075 2941 pnrccclii
1099 2916 1215 2943 Religiosi,
1271 2917 1378 2938 all'anno
1396 2917 1452 2938 1463.

335 2957 367 2978 tra
384 2957 388 2977 i
405 2958 466 2983 quali
486 2964 515 2978 un
533 2957 611 2978 Priore
626 2958 646 2979 al
663 2957 784 2979 eom-ento
800 2959 821 2979 di
838 2959 860 2979 S.
877 2960 996 2981 Mustium.
1319 2962 1349 2985 (3)
1367 2962 1389 2982 L'
1399 2962 1472 2983 altare
1487 2962 1508 2982 di
1525 2961 1548 2983 S.
1565 2962 1636 2982 Paolo
1658 2964 1733 2983 cretio
1756 2962 1814 2983 nella
1836 2962 1954 2988 Sagrcsiia
1976 2962 2035 2989 degli
2051 2962 2143 2988 Agosti-

391 3003 419 3025 11)
436 3002 491 3023 Vedi
508 3002 649 3023 documento
665 3003 718 3023 ‹lell'
730 3004 748 3023 ll
768 3004 892 3024 novembre
909 3004 944 3025 dcl
963 3005 1018 3025 1⁴63.
1269 3007 1329 3027 niani
1345 3012 1382 3027 era
1399 3007 1476 3032 quello
1492 3006 1551 3027 della
1567 3005 1716 3032 cappellania
1733 3006 1768 3027 dci
1785 3007 1844 3027 santi
1866 3007 1937 3028 Paolo
1952 3007 1980 3028 ed
1996 3007 2105 3034 Antonio,
2121 3007 2142 3028 di

388 3046 418 3066 ‘21
437 3047 465 3067 La
482 3047 570 3068 leziune
586 3047 607 3068 di
624 3047 724 3068 iilosolia
747 3048 833 3069 morale
855 3048 950 3069 nitidata
966 3050 986 3069 al
1003 3052 1083 3071 nostro
1100 3050 1215 3076 Religioso
1271 3051 1307 3072 cui
1323 3051 1374 3072 vedi
1390 3051 1410 3072 ai
1427 3051 1478 3072 doc.
1495 3057 1515 3072 n.
1533 3050 1660 3072 CCXCVlll
1676 3057 1688 3072 e
1703 3051 1768 3073 CCC.

336 3095 375 3110 era
391 3096 420 3111 un
436 3091 612 3117 insegnaincnto
634 3092 810 3118 straordinario,
833 3092 868 3113 del
891 3093 959 3119 quale
975 3094 996 3114 di
1013 3094 1083 3115 solito
1098 3100 1168 3116 erano
1184 3095 1215 3116 in·
1323 3095 1353 3119 (4)
1369 3095 1411 3116 Era
1427 3101 1470 3116 uso
1486 3095 1508 3116 in
1524 3095 1594 3116 pavia
1609 3096 1659 3122 che,
1675 3096 1773 3117 durante
1788 3096 1794 3117 i
1810 3095 1914 3123 funerali,
1929 3097 1948 3118 si
1964 3101 2088 3118 sonassero
2099 3102 2144 3118 non
