2347 3444
314 191 355 222 76

314 323 527 356 Manfredum
554 324 626 356 eius
653 324 740 356 tilios
766 327 796 356 et
823 325 964 356 heredes
991 327 1024 356 ut
1051 324 1176 356 intra...
1204 324 1449 364 expendantur,
1475 324 1574 355 etiam
1600 323 1642 355 de
1670 323 1768 355 bonis
1794 324 1902 364 ipsius
1928 324 2054 355 domini
2081 326 2129 356 te-

314 386 448 417 statoris
486 389 562 426 post
599 387 670 418 eius
708 389 857 423 mortem,
894 387 1005 418 ducati
1044 388 1175 418 centum
1213 386 1284 417 auri
1310 388 1341 417 et
1368 386 1398 416 in
1425 394 1517 423 auro,
1545 385 1575 416 in
1603 394 1669 416 un)
1695 394 1754 417 seu
1781 385 1936 426 pluribus
1961 385 2059 424 fictis,
2085 394 2126 417 ex

313 457 381 488 quo
406 456 465 479 seu
493 449 618 488 quibus
645 449 770 489 percipi
798 449 930 489 possint
967 449 1153 480 comuniter
1189 448 1277 478 omni
1315 456 1403 479 anno
1428 447 1544 478 floreni
1582 447 1806 479 duodecim...
1833 456 1899 487 que
1924 447 2043 479 ficta...
2069 448 2127 480 dat

312 512 343 541 et
370 510 456 551 legat
482 508 672 541 Conventui
699 511 843 542 ecclesie
869 514 984 541 sancte
1012 509 1184 540 Mustiolle
1211 508 1324 549 Papie,
1351 518 1450 549 quem
1470 512 1672 541 conventum
1692 511 1808 550 gravat
1827 510 1868 541 ad
1888 510 2126 541 celebrandum

312 580 371 603 seu
398 572 558 604 celebrari
586 572 775 604 faciendum
803 572 925 603 missas
951 572 1036 603 duas
1063 571 1094 602 in
1121 571 1271 611 qualibet
1296 571 1485 611 septimana
1511 580 1572 611 pro
1597 571 1707 603 anima
1734 572 1842 612 ipsius
1876 572 2001 603 domini
2028 573 2130 604 testa-

310 634 391 665 toris
417 637 446 665 et
473 634 504 665 in
531 635 761 665 remissionem
789 635 1003 674 peccatorum
1030 642 1166 664 suorum
1195 633 1225 663 in
1252 633 1396 664 ecclesia
1422 635 1538 664 sancte
1565 632 1672 664 Marie
1690 633 1731 665 de
1751 632 1851 665 Porta
1872 632 1982 665 Aurea
2009 632 2125 674 papie,

312 699 342 727 et
367 697 393 727 si
420 695 538 727 tratres
562 696 639 727 dicti
666 698 854 727 conventus
880 696 920 726 de
946 697 1055 726 cetero
1081 695 1265 726 cessabunt
1292 695 1322 726 in
1350 695 1580 726 celebratione
1607 695 1771 727 dictarum
1807 696 1985 728 missarum
2012 695 2129 736 spacio

312 759 410 789 unius
437 758 563 789 mensis
588 758 746 791 cantinui.
773 766 918 797 gravans
944 760 1053 788 tamen
1081 757 1308 788 conscientias
1335 757 1473 788 fratrum
1501 757 1579 788 dicti
1606 760 1794 789 conventus
1819 758 1861 789 ad
1888 758 1982 798 ipsas
2008 758 2130 790 missas

313 820 550 851 celebrandum
589 823 622 851 ut
659 828 771 859 supra,
809 828 848 850 eo
885 827 966 850 casu
1003 819 1093 850 dicta
1119 819 1239 850 ficta...
1266 819 1322 850 dat
1348 821 1379 850 et
1406 819 1536 860 legat...
1571 819 1730 851 fratribus
1756 823 1786 851 et
1813 820 1993 851 conventui
2021 820 2128 851 sancti

313 881 443 913 Tliome
481 881 584 922 Papio
622 880 760 913 Ordinis
798 880 1092 912 Predicatorum....
1131 890 1219 921 quos
1245 884 1362 922 gravat
1388 882 1429 913 ad
1458 882 1551 922 ipsas
1584 882 1707 913 missas
1734 884 1767 913 ut
1793 890 1896 922 supra
1923 884 1954 913 et
1979 882 2132 913 similiter

313 945 561 975 celebrandum.
589 944 626 974 Et
654 944 684 974 in
711 952 791 974 casu
818 952 886 983 quo
913 952 971 983 per
997 952 1146 975 mensem
1184 944 1380 975 continuum
1418 944 1627 976 cessaverint
1654 945 1684 975 in
1711 944 1936 976 celebratione
1963 945 2127 976 dictarum

315 1007 491 1037 missarum
519 1006 581 1046 ipsi
608 1005 725 1036 fratres
752 1006 858 1037 sancti
879 1005 1019 1042 Thome,
1046 1014 1186 1046 quorum
1214 1007 1311 1037 etiam
1338 1007 1564 1038 conscientias
1591 1009 1718 1047 gravat,
1745 1016 1783 1038 eo
1810 1015 1889 1038 casu
1910 1007 1984 1046 ipsa
2011 1006 2130 1038 ficta...

314 1072 411 1099 etiam
447 1068 502 1099 dat
528 1071 557 1099 et
585 1068 670 1107 legat
696 1068 794 1098 dictis
821 1067 979 1099 fratribus
1005 1071 1037 1099 et
1062 1066 1252 1100 Conventui
1272 1070 1386 1100 sancte
1406 1068 1590 1100 Mustiolle.
1618 1068 1656 1100 Et
1682 1069 1709 1100 si
1736 1069 1945 1100 cessaverint
1965 1070 1997 1100 ut
2018 1077 2132 1109 supra,

315 1131 510 1170 perveniant
537 1131 610 1170 ipsa
637 1130 711 1161 ficta
731 1130 840 1161 modis
867 1133 897 1162 et
924 1131 1184 1162 condicionibus
1210 1131 1463 1171 suprascriptis,
1489 1134 1519 1163 et
1545 1132 1586 1163 de
1612 1132 1831 1163 sicconventu
1860 1131 1890 1162 in
1917 1134 2131 1169 conventum,

315 1193 452 1233 perinde
479 1202 516 1224 ac
544 1193 570 1224 si
597 1195 687 1223 esset
725 1193 927 1224 substitucio
953 1201 1116 1233 expressa
1142 1202 1207 1233 que
1226 1193 1313 1225 facta
1331 1193 1415 1225 foret
1440 1194 1481 1225 de
1507 1196 1674 1225 conventu
1695 1194 1726 1225 in
1745 1196 1947 1225 conventum
1963 1202 2037 1224 cum
2053 1202 2134 1224 con-

317 1255 509 1286 dicionibus
535 1258 566 1286 et
593 1254 709 1286 formis
735 1255 987 1296 suprascriptis.

1108 1430 1331 1471 CCXXI.

402 1547 575 1576 Codicillo
601 1547 657 1576 del
682 1547 763 1576 nob.
791 1547 1019 1577 Bartolomeo
1047 1549 1216 1577 Becearia
1242 1548 1467 1584 riguardante
1493 1549 1517 1577 il
1543 1549 1661 1585 legato
1687 1558 1706 1578 a
1733 1549 1768 1578 S.
1795 1549 1977 1579 Mostiola.

969 1682 987 1705 1
994 1681 1124 1712 445,
1143 1681 1380 1713 g111g11o,
1401 1680 1491 1706 27.

758 1778 834 1799 ‹Arctr
851 1778 930 1799 Notat.
948 1778 969 1798 di
987 1778 1064 1799 Pavia.
1080 1790 1106 1792 v
1121 1778 1168 1799 Atti
1185 1778 1206 1799 di
1223 1778 1303 1799 Nicolo
1319 1778 1354 1799 dei
1371 1778 1477 1804 Capitani
1494 1778 1515 1799 di
1532 1779 1685 1802 Villanterio).

394 1972 500 2089 C
560 1989 732 2017 ODlCILLO
758 1985 811 2017 del
833 1985 908 2017 nob.
934 1985 1144 2017 Banolomeo
1162 1985 1321 2018 Beccaria
1347 1985 1400 2017 del
1416 1984 1458 2026 fu
1483 1985 1640 2022 Locirtsio,
1667 1985 1719 2017 col
1742 1985 1840 2026 quale
1853 1994 1915 2026 per
1929 1986 2083 2025 riguarcio
2102 1986 2138 2018 al

581 2047 691 2088 legato
728 2048 762 2078 cli
796 2056 902 2079 messe
938 2048 1085 2079 stabilito
1111 2057 1131 2079 ιι
1149 2047 1270 2088 favore
1295 2048 1329 2079 di
1354 2047 1387 2080 S.
1414 2047 1573 2079 Mosti0la
1609 2048 1661 2079 col
1695 2057 1755 2080 suo
1792 2050 1986 2079 testamento
2011 2048 2065 2079 del
2087 2049 2133 2080 24

498 2146 553 2148 Χ
578 2111 742 2152 prossimo
765 2113 913 2151 passuro,
941 2111 1129 2148 (lelermina,
1155 2111 1247 2151 quod
1274 2111 1300 2142 si
1328 2111 1456 2142 eisdem
1482 2110 1641 2142 fratribus
1667 2112 1781 2142 sancte
1815 2111 1989 2143 Mustiolle
2017 2114 2047 2143 et
2074 2120 2134 2143 seu

318 2172 475 2204 fratribus
501 2174 606 2205 sancti
634 2173 774 2210 Thome,
800 2173 933 2214 singula
959 2173 1103 2214 singulis
1131 2173 1327 2211 refferendo,
1354 2182 1413 2213 per
1445 2171 1618 2205 Summum
1657 2173 1852 2205 Pontificem
1880 2174 1932 2205 vel
1959 2183 2017 2214 per
2044 2183 2137 2206 reve-

317 2236 454 2266 rendum
481 2236 652 2267 dominum
680 2235 888 2276 Episcopum
915 2236 1124 2276 papiensem,
1150 2237 1207 2267 aut
1232 2235 1407 2269 Rectorem
1445 2236 1533 2268 dicte
1570 2236 1713 2268 ecclesie
1750 2238 1866 2267 sancte
1900 2235 2006 2267 Marie
2033 2235 2132 2268 Porte

317 2297 437 2335 Aurec,
464 2297 515 2329 vel
542 2298 637 2329 aliter
662 2298 982 2338 quomodocumque
1021 2298 1254 2338 prohiberetur
1290 2299 1381 2338 quod
1409 2299 1472 2338 ipsi
1498 2298 1616 2330 fratres
1650 2307 1714 2329 non
1742 2300 1881 2338 possent
1908 2299 2075 2330 celebrare
2102 2298 2133 2329 in

316 2359 404 2390 dicta
430 2360 573 2391 ecclesia
600 2362 715 2392 sancte
743 2360 848 2391 Marie
875 2359 974 2392 Porte
1000 2360 1108 2392 Auree
1134 2361 1242 2392 dictas
1268 2361 1390 2392 missas
1416 2361 1502 2392 duas
1528 2360 1660 2401 singula
1699 2360 1897 2400 septimana,
1936 2362 2012 2391 tunc
2038 2362 2070 2392 et
2095 2369 2134 2392 eo

317 2430 396 2453 casu
423 2422 562 2453 liceat...
589 2423 761 2454 eisdem...
789 2423 896 2454 dictas
923 2423 1089 2454 missas...
1117 2423 1147 2453 in
1175 2423 1319 2454 ecclesia
1345 2423 1451 2454 sancti
1491 2422 1647 2454 loliannis
1674 2423 1704 2453 in
1732 2421 1867 2463 Burgho
1905 2421 2053 2463 papie...
2081 2431 2135 2455 ce-

318 2483 455 2514 lebrare.
494 2483 531 2515 Et
557 2492 636 2515 casu
676 2494 742 2524 quo
780 2484 931 2516 similiter
960 2485 1086 2516 eisdem
1125 2484 1283 2516 fratribus
1309 2486 1585 2525 prohiberetur....
1613 2484 1782 2516 celebrare
1809 2485 1840 2515 in
1867 2485 1955 2516 (licta
1988 2485 2134 2517 ecclesia

317 2546 422 2576 sancti
450 2545 606 2577 loliannis
633 2547 663 2577 in
690 2546 870 2587 Burgho....
898 2549 1018 2578 tunc...
1046 2547 1145 2578 dictis
1170 2547 1373 2579 fratribus...
1399 2547 1567 2579 celebrare
1594 2548 1625 2578 in
1651 2547 1795 2579 ecclesia
1818 2550 1932 2578 sancte
1960 2547 2133 2579 Mustiolle

317 2610 347 2639 ct
373 2616 432 2639 seu
460 2608 489 2638 in
517 2608 659 2640 ecclesia
685 2609 790 2640 sancti
826 2609 999 2641 Thome....
1027 2611 1088 2641 etc.

321 2791 357 2811 dal
373 2791 397 2811 24
412 2793 497 2815 agusto
512 2791 547 2811 ‹lel
566 2792 615 2811 1-1-23
631 2797 752 2817 pruinosso
768 2793 988 2813 ⁴ill'nr‹.·ir.>escm·ndo
1000 2793 1020 2813 di
1033 2794 1127 2814 A‘lilano.
1140 2794 1157 2814 Λ
1169 2794 1198 2814 lui
1256 2794 1390 2819 Bosforum,
1405 2795 1522 2814 :ivvenuto
1537 2793 1557 2813 ui
1574 2794 1599 2814 25
1614 2793 1740 2814 settembre
1757 2793 1815 2815 Ι-ΗΓ).
1831 2794 1886 2814 Vedi
1903 2793 1930 2815 G.
1946 2793 2063 2819 CM‘SONJ,
2085 2793 2131 2815 No-

320 2835 339 2855 si
355 2835 412 2855 deve
427 2835 448 2855 la
464 2835 555 2855 nomina
571 2835 606 2856 del
624 2835 673 2856 ssim
689 2842 754 2856 cozne
770 2842 890 2862 economo,
906 2838 963 2857 nella
981 2838 1033 2863 qual
1054 2838 1127 2858 carica
1150 2844 1197 2859 cre-
1253 2839 1343 2859 azia...
1359 2838 1384 2859 Δι’
1399 2837 1480 2863 Paria,
1497 2843 1548 2863 pag.
1565 2838 1610 2858 210.

321 2880 397 2899 diamo
413 2879 481 2900 abbia
497 2879 581 2900 durato
596 2880 646 2900 sino
661 2880 806 2905 :ill'iugresso
823 2881 858 2901 xlel
874 2887 950 2902 nirovo
967 2882 1072 2902 &fest-ovo
1088 2882 1199 2903 Giacoino
