2347 3444
323 215 366 247 46

323 348 483 380 lecturam
510 348 610 387 illam,
637 357 696 389 pro
722 357 788 389 qua
813 349 984 381 annuatim
1011 358 1030 381 a
1055 358 1187 381 camera
1214 351 1327 380 nostra
1364 349 1506 389 percipit
1531 353 1609 380 ΧΧΧ
1640 349 1797 387 florenos,
1830 349 1995 382 faciamus
2028 359 2136 392 usque

321 410 363 441 ad
390 410 532 442 reditum
558 419 656 442 suum
683 411 857 452 suspendi.
884 409 1127 443 Contentamur
1152 411 1242 451 quod
1270 420 1330 451 pro
1363 413 1513 451 tempore
1545 419 1613 451 quo
1650 409 1866 443 Provintialis
1903 412 1976 453 ipse
2011 413 2136 446 absens

321 473 447 504 steterit
473 473 504 504 in
530 473 621 505 dicto
646 471 810 511 Concilio,
836 473 900 504 sibi
927 473 969 505 de
995 473 1147 513 predicto
1173 472 1296 504 salario
1322 472 1427 504 facias
1453 472 1661 513 responderi.
1699 471 1837 505 Curabit
1873 476 1995 512 tamen,
2021 475 2048 506 si
2074 483 2135 516 po-

320 535 404 572 terit,
430 534 531 566 alium
558 535 733 567 dimittere.
760 535 846 566 dicte
874 535 998 566 lecture
1024 543 1086 566 suo
1116 535 1249 566 nomine
1287 536 1483 566 vacaturum
1509 531 1569 573 (l).
1596 532 1671 566 Dat.
1709 534 1906 573 Mediolani,
1932 536 1986 568 die
2023 541 2133 568 XXVlll

320 596 488 635 februarii,
515 601 759 637 MCCCCXXXlJ.
787 595 813 630 C
818 623 902 628 ........

407 659 445 691 A.
473 659 511 691 Τ.
538 659 650 691 Nobili
679 659 916 692 Referendario
943 662 1057 690 nostro
1084 657 1198 699 Papie.

1068 814 1387 856 CLXXXII,

405 924 456 951 La
483 923 667 952 Comunita
693 923 728 951 di
755 923 789 951 S.
817 923 986 952 Mostiola
1013 924 1046 952 fa
1071 933 1139 953 una
1163 930 1323 961 permuta
1349 926 1384 954 di
1410 926 1490 955 beni
1516 927 1571 955 coi
1597 927 1754 956 consorti
1780 927 1990 964 Mangiaria.

966 1029 1120 1061 1432,
1153 1031 1391 1061 ottobro‚
1423 1031 1476 1056 G·

862 1119 938 1143 (Arcti⁴
956 1120 1035 1140 Notat⁴
1053 1120 1074 1140 di
1092 1119 1161 1140 Pavia
1177 1131 1201 1133 —
1219 1120 1266 1141 Atti
1283 1120 1304 1141 di
1320 1120 1434 1146 Agostino
1451 1120 1578 1142 Baracchii.

394 1304 500 1420 C

311 1503 459 1542 dimidia,
487 1506 664 1545 utrumque
691 1505 840 1545 ipsorum
867 1507 898 1536 et
924 1505 1093 1545 reliquerit
1129 1505 1200 1537 dari
1238 1506 1361 1537 debere
1398 1505 1570 1537 Fratribus
1608 1505 1831 1537 Heremitanis
1869 1506 2003 1547 singulo
2040 1515 2129 1539 anno

558 1322 613 1349 UM
639 1327 727 1349 anno
753 1327 853 1350 curso
880 1316 1038 1350 MCCCC
1055 1319 1172 1359 primo,
1199 1319 1368 1350 indicione
1395 1317 1489 1359 viiij,
1515 1318 1569 1349 die
1587 1318 1781 1350 dominiclto
1800 1317 1872 1359 XXJ
1894 1318 2046 1357 Ianuarii,
2072 1319 2132 1351 do-

578 1380 688 1412 minus
715 1379 823 1412 Porus
850 1380 1038 1421 Mangiaria
1069 1381 1248 1412 instituerit
1273 1381 1338 1412 sibi
1365 1380 1506 1412 heredes
1543 1378 1743 1421 Gregorium
1778 1380 2001 1422 Mangiariam
2027 1384 2058 1413 et
2083 1381 2134 1413 Io-

512 1477 541 1479 *
577 1443 719 1474 hannem
747 1442 971 1483 Mangiariam
997 1443 1086 1474 filios
1112 1443 1283 1483 quondam
1311 1442 1520 1481 Bonacursii‚
1547 1443 1689 1474 heredes
1715 1451 1797 1474 suos
1830 1443 2051 1476 universalles
2069 1453 2130 1485 pro

310 1566 451 1606 congios
477 1569 605 1607 septem
633 1567 699 1598 vini
727 1568 875 1599 nostrani
903 1576 1006 1608 super
1030 1567 1211 1605 torcullari,
1237 1568 1278 1599 de
1306 1568 1385 1598 vino
1412 1568 1584 1598 vinearum
1611 1576 1758 1605 suarum,
1788 1567 1819 1598 in
1838 1568 2002 1599 territorio
2021 1567 2126 1601 Vallis

310 1628 461 1666 sitarum,
487 1632 547 1660 cte.
575 1632 605 1661 et
631 1639 704 1661 cum
732 1639 790 1670 per
816 1632 966 1670 tempora
994 1632 1157 1662 retroacta
1183 1633 1215 1661 et
1240 1639 1257 1661 a
1284 1630 1473 1661 vendemiis
1500 1630 1714 1670 presentibus
1741 1632 1838 1668 retro,
1864 1630 1963 1662 dictis
1980 1631 2126 1663 dominis

310 1690 481 1722 Fratribus
508 1691 732 1724 Heremitanis
758 1702 818 1733 per
842 1693 952 1724 dictos
979 1693 1163 1724 heredes...
1201 1692 1298 1724 fuerit
1335 1691 1547 1724 satisfactum
1585 1692 1626 1723 de
1663 1692 1753 1723 dicto
1790 1692 1901 1733 legato
1937 1694 2128 1726 annuatim:

309 1754 420 1791 modo,
446 1757 635 1786 convocato
661 1758 827 1786 conventu
854 1755 1018 1786 dictorum
1046 1755 1195 1786 Fratrum
1222 1755 1368 1786 civitatis
1384 1754 1488 1795 Papie
1503 1754 1895 1795 vulgariternuncupato
1914 1757 2029 1787 sancte
2048 1755 2126 1788 Mu-

308 1816 404 1847 stiole
409 1842 471 1848 ......
499 1817 529 1847 in
556 1826 623 1857 quo
648 1817 781 1849 fuerunt
808 1818 1018 1849 venerabiles
1043 1818 1169 1848 domini
1197 1817 1296 1849 frater
1322 1817 1520 1849 Laurentius
1545 1817 1586 1848 de
1612 1816 1709 1848 Bittis
1727 1817 1827 1857 prior,
1846 1816 1885 1848 D.
1904 1817 2005 1850 frater
2022 1817 2127 1851 Gual-

307 1879 434 1909 terinus
460 1879 501 1910 de
527 1877 639 1917 Curte,
666 1879 766 1911 frater
792 1879 1016 1911 Francischus
1042 1880 1083 1911 de
1111 1879 1220 1916 Ianua,
1249 1879 1350 1911 frater
1375 1878 1530 1911 Tliomax
1557 1879 1598 1910 de
1625 1878 1774 1910 Lacluxa
1799 1881 1831 1911 et
1855 1879 1955 1911 frater
1980 1879 2123 1913 Iacobus

307 1940 348 1971 de
374 1940 555 1979 Binasclto,
580 1941 699 1973 fratres
725 1940 990 1974 Conventualles
1016 1942 1095 1973 dicti
1123 1941 1271 1979 Ordinis,
1299 1944 1572 1982 representantes
1598 1943 1703 1973 toturn
1729 1944 1930 1973 conventum
1958 1943 2128 1974 ressiden-

307 2003 387 2034 tium
414 2003 454 2034 de
482 2004 626 2043 presenti
632 2029 683 2035 .....
711 2004 741 2035 in
768 2005 945 2044 presencia
971 2006 1001 2035 et
1027 2013 1102 2036 cum
1128 2005 1325 2036 auctoritate
1351 2006 1381 2035 et
1407 2012 1576 2036 consensu
1604 2004 1776 2035 reverendi
1804 2004 1928 2035 domini
1967 2004 2121 2045 Magistri

306 2064 432 2097 Alberti
459 2066 500 2097 de
527 2064 659 2106 Crispis
685 2075 779 2098 sacre
805 2067 928 2107 pagine
954 2067 1160 2107 professoris
1186 2065 1325 2098 Ordinis
1366 2067 1519 2107 predicti,
1558 2066 1778 2106 provincialis
1815 2067 1988 2107 provincie
2027 2066 2124 2098 Lom-

307 2128 433 2165 bardie‚
460 2131 652 2169 nuncupate
679 2129 853 2169 provincie
891 2130 997 2160 sancti
1036 2128 1215 2170 Augustini
1221 2155 1271 2167 .....
1298 2128 1496 2169 confessano
1522 2128 1556 2160 di
1580 2137 1659 2160 aver
1680 2129 1821 2160 ricevuto
1846 2128 1904 2160 dai
1927 2129 2007 2160 detti
2040 2129 2130 2161 credi

306 2189 330 2221 il
348 2193 552 2231 pugamenlo
577 2191 613 2222 di
636 2192 710 2223 tutti
733 2192 744 2223 i
767 2192 868 2223 di'ritti
891 2193 1048 2232 spettanti'
1071 2192 1106 2223 al
1132 2191 1299 2224 Convento
1323 2192 1406 2223 stille
1431 2192 1517 2223 detta
1542 2194 1631 2230 terre,
1657 2192 1729 2223 sino
1747 2191 1793 2223 aci
1808 2192 1897 2232 oggi,
1918 2200 1934 2222 e
1946 2192 2007 2232 poi
2015 2191 2124 2232 fanno

301 2255 459 2293 permuta,
487 2254 539 2285 coi
562 2254 642 2285 detti
665 2255 809 2286 consorti
833 2255 1034 2295 Mangiuria,
1060 2254 1144 2286 delle
1170 2257 1347 2286 accennare
1380 2257 1458 2286 terre
1491 2263 1550 2286 con
1576 2262 1641 2285 ima
1671 2254 1771 2294 vigim
1795 2253 1830 2285 di
1856 2254 1896 2285 14
1915 2254 2059 2294 pertiche
2095 2255 2127 2286 in

306 2314 496 2351 Reclamlle,
516 2316 605 2347 detta
622 2317 655 2348 Ια
673 2317 842 2356 Filigaria,
870 2317 1068 2348 assiiirzeizdo
1094 2316 1251 2356 l'obbligo
1277 2317 1311 2348 (li
1335 2316 1497 2348 celebrare
1514 2317 1545 2348 in
1559 2318 1716 2357 perpetuo
1741 2315 1795 2347 nel
1818 2324 1906 2347 mese
1923 2316 1958 2348 di
1976 2315 2126 2349 Gennaio

311 2472 433 2497 riluttanti,
450 2473 490 2493 clie
506 2479 549 2493 non
566 2474 583 2493 si
600 2479 719 2499 §avevano
735 2474 846 2495 risolvere
861 2480 873 2495 a
890 2474 984 2500 partire,
1005 2480 1049 2495 non
1066 2476 1158 2495 ostante
1175 2475 1188 2495 il

311 2517 424 2537 comandn
440 2523 451 2537 c
468 2518 486 2537 la
504 2518 613 2538 minat-cia
629 2518 665 2538 del
682 2518 745 2539 Duca
772 2518 788 2539 Ε
803 2519 838 2539 cii>
854 2519 934 2539 risnlta
950 2519 978 2539 <Ia
995 2519 1056 2540 varie
1073 2520 1153 2540 lettere
1170 2519 1191 2540 di

312 2561 401 2586 Filippo
418 2561 490 2581 Maria
507 2562 608 2582 Visconti
624 2563 645 2582 a'
661 2563 712 2583 suoi
729 2562 821 2583 utticiali
838 2563 859 2583 di
876 2563 954 2589 I'avia,
966 2563 1024 2584 delle
1036 2564 1097 2589 quali
1111 2564 1188 2585 dianio

312 2605 350 2630 qui
366 2605 471 2629 l'ultinin,
487 2606 528 2626 cite
544 2606 613 2626 last-ia
629 2607 794 2632 comprendere
811 2607 824 2627 il
840 2608 920 2628 tenore
935 2608 1006 2628 ancile
1022 2608 1081 2628 delle
1098 2610 1189 2629 antece-

311 2649 388 2670 denti:
405 2659 407 2663 ⁴
432 2649 482 2670 Dux
498 2650 631 2675 Mediolani,
650 2653 692 2671 etc.
713 2651 841 2672 Possumus
852 2652 952 2673 scribere
963 2655 984 2673 et
997 2652 1105 2673 mandare
1121 2658 1192 2678 quan-

312 2696 360 2714 tum
376 2694 439 2716 libet.
457 2700 498 2714 vos
523 2696 599 2714 tamen
621 2695 733 2715 obaudire
756 2696 858 2716 ridennni
875 2699 896 2716 et
914 2698 1022 2722 precepta
1043 2700 1122 2718 nostra
1146 2703 1190 2718 non

312 2738 406 2758 curatis*
423 2738 492 2759 Scitis
515 2739 623 2764 quotiens
644 2739 711 2759 vobis
733 2740 869 2765 scripsimus
885 2743 906 2761 et
923 2743 1034 2766 quantum
1057 2741 1190 2762 instetimus

313 2788 354 2808 pro
371 2783 466 2808 prelatis
481 2782 510 2803 ad
526 2782 652 2803 Concilium
669 2784 861 2805 transmittendis.
880 2785 905 2805 l-:r
921 2787 997 2805 tamen
1021 2785 1083 2805 missi
1109 2791 1189 2806 omnes

313 2831 357 2846 non
373 2828 435 2851 sunt,
452 2832 492 2846 nec
509 2826 599 2847 mittere
621 2827 686 2852 ipsus
709 2828 812 2852 queritis,
831 2827 861 2848 Ex
882 2834 928 2853 quo
944 2828 972 2848 de
988 2828 1054 2849 vobis
1077 2829 1107 2849 ita
1131 2829 1189 2850 male

313 2871 414 2891 contenti
426 2876 453 2891 ac
469 2871 554 2891 turbati
571 2876 724 2896 remanemus,
740 2873 764 2891 ut
780 2872 879 2897 amphus
895 2872 938 2893 dici
955 2878 998 2893 non
1015 2875 1103 2898 posset.
1114 2872 1190 2898 Quare

314 2915 381 2935 vobis
402 2915 486 2935 iterato
502 2917 524 2935 et
540 2920 650 2940 expresse
673 2915 817 2940 mandamus,
838 2918 962 2941 quatenus,
978 2917 996 2937 si
1013 2918 1127 2938 vobismet
1143 2918 1189 2938 cari

313 2959 379 2983 estis,
395 2959 471 2980 dictos
487 2960 589 2984 prelatos
604 2959 633 2980 ad
649 2959 776 2980 Concilium
793 2960 898 2985 mittatis,
910 2963 932 2981 et
944 2961 975 2981 ire
988 2962 1080 2986 penitus
1090 2963 1191 2988 compel-

313 3004 367 3024 latis
382 3004 430 3024 sine
447 3004 548 3024 ulteriori
571 3004 680 3024 dilatione
696 3006 717 3024 et
733 3005 794 3025 omni
817 3010 913 3030 prorsus
935 3006 1070 3031 exceptione
1093 3008 1189 3032 remota,

314 3049 414 3069 servatis
429 3048 549 3069 ordinibus
564 3050 586 3069 et
603 3048 678 3069 modis
693 3049 714 3069 in
730 3049 773 3069 ista
799 3049 903 3073 materia,
919 3049 947 3070 de
963 3050 1048 3075 quibus
1071 3056 1110 3075 per
1132 3051 1190 3071 alias

315 3092 467 3118 precedentes
482 3092 572 3113 litteras
587 3092 670 3113 avisati
687 3092 770 3113 fuistis.
794 3092 955 3114 Certiticantes
978 3100 1020 3114 vos
1042 3095 1104 3120 quod
1121 3095 1138 3115 si
1155 3101 1192 3116 ne-

1243 2474 1358 2499 gligentes
1368 2473 1458 2494 fueritis
1474 2476 1496 2495 et
1521 2473 1700 2499 expectaveritis
1711 2478 1782 2499 super
1793 2474 1836 2494 lioc
1848 2479 1907 2494 nova
1920 2473 2036 2499 mandata,
2047 2473 2124 2495 taliter

1248 2518 1367 2544 iaciemus,
1384 2518 1447 2544 quod
1463 2519 1577 2544 perpetuo
1595 2520 1672 2538 vestre
1694 2517 1850 2539 inobedientic
1871 2518 1991 2544 penitebit.
2008 2517 2126 2540 Rescriba-

1244 2563 1321 2588 tisque
1337 2563 1388 2583 ilico
1404 2562 1471 2583 nobis
1487 2562 1514 2583 de
1530 2562 1672 2587 presentium
1689 2562 1830 2587 receptione
1855 2562 1907 2583 Dat*
1931 2562 2065 2588 Mediolani,
2087 2562 2124 2584 die

1244 2606 1342 2628 xxvnll
1359 2606 1414 2632 Maii
1431 2605 1633 2627 MCCCCXXXIII
1651 2617 1674 2619 —
1691 2605 1844 2627 Conradinus.

1300 2651 1325 2672 Α.
1338 2651 1364 2672 Τ.
1377 2651 1498 2671 Nobilibus
1510 2652 1531 2671 et
1544 2650 1697 2676 prudentibus
1709 2650 1763 2671 viris
1774 2650 1913 2671 officialibus
1924 2651 2010 2672 nostris
2022 2650 2092 2677 papie
2103 2658 2122 2672 ».

1245 2696 1339 2720 (Museo
1355 2695 1433 2717 civico
1449 2695 1470 2715 di
1486 2694 1547 2716 Stor.
1565 2697 1623 2720 patrv
1641 2695 1731 2715 Letterc
1747 2695 1843 2719 dricrilr').

1300 2740 1316 2761 E
1330 2740 1422 2761 sembra
1437 2740 1478 2760 cite
1493 2740 1565 2760 anche
1581 2739 1594 2759 il
1610 2741 1690 2759 nostro
1707 2738 1822 2764 Religioso
1838 2739 1901 2760 fosse
1917 2740 2037 2761 riluttante
2052 2739 2073 2760 di
2084 2745 2123 2761 an-

1245 2785 1299 2805 dare
1314 2785 1335 2805 al
1352 2784 1463 2809 Concilio,
1478 2789 1490 2804 e
1505 2784 1546 2804 elie
1562 2783 1582 2804 vi
1598 2783 1698 2804 andassc
1710 2784 1781 2805 molto
1794 2784 1865 2809 tardi;
1878 2784 1960 2810 poiche
1971 2784 2123 2805 nell'ottobre

1244 2829 1287 2855 egli
1303 2830 1321 2850 si
1338 2830 1404 2850 trova
1419 2834 1503 2849 ancora
1519 2829 1540 2849 in
1558 2828 1626 2849 Pavia
1642 2828 1702 2852 (doc,
1719 2834 1739 2849 n.
1757 2828 1884 2853 CLXXXII)
1899 2835 1910 2850 e
1927 2829 1947 2850 la
1962 2834 2005 2850 sua
2020 2834 2090 2855 opera
2101 2829 2123 2850 al

1245 2873 1348 2895 Concilio
1362 2873 1484 2899 apparisce
1500 2873 1550 2893 solo
1566 2873 1601 2894 nel
1619 2873 1676 2899 1⁴33,
1699 2878 1764 2894 come
1784 2873 1864 2894 risulta
1880 2873 1908 2894 da
1923 2873 1975 2894 altri
1991 2873 2122 2895 documenti

1245 2918 1305 2941 (vedi
1326 2918 1377 2938 doc.
1394 2923 1414 2938 n.
1431 2917 1565 2938 CLXXXVI.

1297 2962 1327 2987 (l)
1343 2962 1431 2984 Risulta
1447 2961 1483 2982 dai
1499 2962 1630 2983 documenti
1656 2962 1809 2983 univcrsitarii
1833 2963 1873 2984 clie
1889 2963 1902 2983 il
1919 2962 2000 2988 Crespi
2016 2962 2038 2983 In
2054 2962 2123 2983 sosii-

1246 3007 1306 3028 tuito
1330 3006 1565 3031 nell'insegnamento
1587 3006 1616 3027 da
1638 3006 1696 3027 irate
1719 3006 1818 3032 ippolito
1834 3006 1862 3028 de
1878 3006 1957 3028 Cumis
1976 3005 2123 3027 dell'Ordine

1245 3050 1280 3071 dei
1297 3050 1388 3071 Minori.
1405 3050 1461 3071 Vedi
1478 3049 1607 3075 ROBOLlNl,
1619 3050 1720 3075 Notizr'e,
1746 3051 1791 3071 vol.
1817 3051 1843 3076 V,
1869 3051 1928 3076 part⁴
1955 3050 1981 3076 ll,
2006 3056 2058 3076 pag.
2086 3049 2124 3071 139

1247 3100 1258 3116 e
1271 3094 1316 3116 236.
