2347 3444
1909 210 1968 242 189

158 335 256 367 lanua
282 336 401 367 factam
427 339 458 367 et
482 337 754 368 commissionem
781 338 880 369 unius
905 338 1037 369 discreti
1065 338 1095 369 in
1123 338 1345 369 venerabilem
1374 339 1567 379 magistrum
1588 339 1766 371 Iohannem
1788 340 1966 373 Antonium

158 398 198 429 de
224 398 419 429 Mediolano
444 402 667 440 acceptamus,
693 400 923 440 approbamus
948 409 985 431 ac
1011 401 1212 440 presentium
1233 402 1345 431 tenore
1363 401 1610 433 confirmamus.
1631 401 1864 433 promotiones
1891 412 1968 434 vero

156 458 302 500 Capituli
331 461 429 491 vestri
456 463 486 492 et
513 461 761 493 habilitationes
787 462 817 493 in
849 464 980 503 pectore
1009 464 1123 493 nostro
1142 471 1352 493 reservamus
1371 463 1400 493 in
1421 463 1563 494 Nomine
1583 462 1689 494 Patris
1708 466 1737 495 et
1758 464 1827 495 Filii
1848 468 1878 495 ct
1897 464 1971 505 Spi-

157 523 237 553 ritus
264 521 385 560 Sancti,
407 522 520 554 Amen.
536 523 656 555 Datum
674 523 785 561 Rome,
801 525 830 555 in
848 527 962 555 nostro
980 524 1123 564 generali
1143 523 1319 556 Conventu
1340 525 1443 556 saneti
1465 524 1653 565 Augustinl,
1670 526 1721 557 die
1737 527 1755 557 Τ
1775 526 1854 557 lunii
1878 528 1969 562 1474,

156 582 377 616 Generalatus
403 586 505 616 nostri
532 585 626 617 offitii
654 586 717 617 sub
743 586 864 627 sigillo.

244 647 269 678 Α
297 649 386 686 tergo
401 658 411 678 .·
437 648 693 680 Venerabilibus
719 649 799 680 viris
826 649 855 680 in
882 647 1018 681 Christo
1055 649 1154 680 nobis
1190 649 1320 681 dilectis
1357 649 1541 690 Magistris,
1575 649 1758 687 Prioribus,
1784 651 1970 690 ceterisque

156 707 310 740 Patribus
336 713 366 740 et
393 709 571 747 Fratribus,
598 711 653 750 qui
681 710 811 742 fuerunt
837 711 877 742 de
902 720 1040 752 corpore
1066 709 1211 752 Capituli
1240 710 1409 743 Provintie
1436 711 1633 743 Lombardie
1661 712 1771 743 Laude
1804 712 1970 751 celebrati,

155 770 293 803 Ordinis
320 771 558 803 Heremitarum
585 774 689 804 sancti
717 772 906 813 Augustini.

824 921 1289 962 CCCLXXXVIII.

244 1026 475 1055 Testamento
501 1028 556 1056 del
583 1029 659 1057 nob.
688 1029 873 1058 Guniforto
899 1031 940 1058 de
968 1030 1074 1058 Rossi
1099 1030 1324 1066 riguardante
1350 1031 1438 1059 frate
1465 1030 1638 1066 Agostino
1664 1031 1843 1059 Marliani.

802 1153 820 1176 1
827 1151 956 1181 475.
985 1160 1184 1183 gel-1110
1190 1153 1243 1178 io
1273 1153 1325 1178 4.

713 1239 790 1262 (Archi
808 1239 888 1260 Notnr.
906 1240 926 1261 di
944 1240 1022 1261 Paviat
1040 1252 1063 1254 ’-
1080 1240 1127 1261 Atti
1144 1241 1165 1261 di
1183 1241 1303 1262 Leonardo
1320 1241 1431 1265 Euserio).

227 1424 335 1539 T
400 1441 633 1467 ESTAMENTO
658 1437 712 1468 del
735 1437 842 1468 nobile
870 1436 1042 1478 Gunr‘forto
1069 1438 1119 1469 De
1144 1437 1252 1473 Rossi,
1280 1437 1314 1468 di
1338 1437 1454 1475 Ριινία,
1481 1437 1627 1468 abitante
1652 1437 1684 1468 in
1711 1437 1910 1468 Parrocclzia
1935 1436 1971 1468 di

392 1495 393 1498 ’
422 1499 454 1531 S.
481 1499 525 1530 M.
559 1500 717 1533 Venefica,
744 1500 797 1530 nel
813 1500 909 1539 quale
920 1500 977 1540 fra
995 1500 1077 1531 altro
1103 1501 1132 1531 si
1155 1500 1274 1539 legge:
1301 1500 1377 1531 Item
1405 1500 1490 1531 idem
1517 1502 1654 1531 testator
1680 1500 1768 1536 dicit,
1794 1499 1914 1530 fatetur
1939 1501 1969 1530 et

422 1564 624 1603 protestatur
650 1571 810 1602 expresse
837 1571 872 1593 se
898 1562 967 1593 fore
1004 1563 1187 1594 debitorem
1226 1563 1351 1594 domini
1390 1563 1537 1603 magistri
1576 1562 1686 1593 fratris
1724 1562 1900 1603 Augustini
1929 1562 1968 1593 de

158 1625 334 1662 Marliano,
361 1624 499 1657 Ordinis
537 1625 776 1656 Heremitarum
814 1626 917 1656 sancti
958 1625 1134 1666 Augustini
1173 1626 1357 1666 papiensis,
1383 1625 1423 1656 de
1450 1625 1580 1656 ducatis
1606 1625 1741 1656 duobus
1773 1625 1854 1662 auri,
1881 1633 1968 1664 quos

156 1688 244 1718 aliax
271 1688 377 1718 eidem
404 1688 552 1718 testatori
580 1687 688 1718 dictus
714 1687 871 1718 dominus
898 1689 1053 1728 magister
1081 1687 1289 1728 Augustinus
1316 1690 1429 1718 mutuo
1456 1687 1614 1718 subvenit
1632 1690 1662 1718 et
1681 1687 1854 1723 mutuavit,
1881 1695 1968 1726 quos

157 1750 291 1790 quidem
319 1750 459 1781 ducatos
485 1750 571 1781 duos
597 1751 665 1781 auri
695 1750 779 1780 idem
807 1752 943 1781 testator
969 1750 1059 1781 dedit
1084 1752 1114 1781 et
1141 1750 1263 1791 legavit
1288 1759 1325 1781 ac
1351 1750 1407 1780 dat
1432 1752 1462 1780 et
1489 1749 1575 1790 legat
1612 1749 1699 1780 dicto
1738 1749 1874 1779 domino
1901 1757 1969 1779 ma-

156 1813 260 1853 gistro
287 1812 485 1853 Augustino.
512 1812 576 1843 Fra
601 1813 612 1843 ι’
636 1813 801 1843 testimoni
824 1812 910 1843 della
935 1815 1023 1843 stescz
1049 1812 1102 1843 del
1126 1814 1319 1843 testamento
1337 1821 1443 1843 sono:
1469 1811 1725 1843 Venerabilibus
1740 1812 1886 1842 dominis
1904 1810 1969 1842 fra-

155 1875 260 1906 tribus
287 1874 460 1907 Simonino
498 1875 538 1906 de
575 1875 733 1906 Vercellis
758 1878 788 1906 et
815 1875 1001 1906 Tholomeo
1028 1875 1067 1906 de
1094 1873 1276 1912 Saratietw,
1303 1874 1441 1906 Ordinis
1468 1874 1718 1911 Heremitarum‚
1745 1875 1775 1904 in
1802 1876 1967 1905 conventu

155 1940 267 1968 sancte
294 1937 454 1968 Mustiole
480 1936 593 1977 Papie.

850 2084 1263 2125 CCCLXXXIX.

240 2194 291 2221 La
317 2193 492 2221 Contessa
517 2193 733 2229 Margherita
771 2194 964 2221 Borromeo
1002 2193 1164 2221 Visconti
1202 2193 1284 2221 dota
1310 2192 1343 2220 la
1369 2192 1537 2228 Cappella
1571 2192 1605 2220 di
1633 2192 1667 2220 S.
1696 2192 1836 2220 Monica
1873 2192 1965 2220 nella

153 2247 327 2282 sagrestia
355 2247 389 2274 di
416 2247 451 2275 S.
479 2247 665 2282 Agostino,

800 2333 953 2362 1473..
974 2333 1253 2362 ferun-aio,
1274 2332 1326 2357 3.

716 2423 789 2443 *Arclr
807 2423 885 2443 Notar⁴
903 2422 923 2442 di
943 2421 1018 2442 l’avia.
1036 2432 1059 2434 ἡ
1076 2421 1122 2441 Atti
1139 2421 1160 2441 di
1178 2422 1304 2441 Francesco
1321 2420 1396 2441 Sistius

256 2607 302 2722 Ι
397 2626 420 2652 Ν
446 2622 579 2652 nomine
605 2620 750 2658 Domini,
776 2630 882 2652 amen.
910 2619 1006 2651 Anno
1033 2619 1216 2650 nativitatis
1241 2619 1390 2649 eiusdem
1418 2618 1594 2650 millesimo
1632 2619 1962 2658 quadringentesimo

419 2684 669 2724 septuagesimo
697 2684 823 2723 quinto,
850 2683 902 2713 die
929 2683 1024 2713 tertio
1050 2682 1174 2713 mensis
1200 2681 1367 2718 februarii,
1395 2682 1474 2713 liora
1501 2690 1597 2719 none,
1625 2682 1654 2712 in
1681 2682 1814 2712 civitate
1849 2680 1961 2721 Papie,

150 2805 309 2838 Parocliie
336 2808 440 2839 sancti
467 2808 543 2839 Viti.
569 2807 684 2848 Ibique
711 2809 741 2839 in
769 2808 829 2839 mei
858 2808 973 2838 notarii
1001 2809 1031 2837 et
1056 2807 1188 2837 testium
1227 2805 1512 2846 infrascriptorum
1551 2807 1728 2846 presentia,
1763 2806 1957 2846 spectabilis

149 2869 284 2900 domina
311 2869 491 2910 Margarita
517 2870 557 2901 de
584 2870 791 2907 Bonromeis‚
818 2870 928 2901 relicta
955 2869 1123 2909 quondam
1151 2868 1345 2908 spectabilis
1371 2869 1496 2899 domini
1524 2868 1681 2899 iohannis
1715 2868 1890 2908 Augustini
1918 2868 1958 2898 de

148 2930 408 2963 Vicecomitibus
424 2929 485 2971 (l),
512 2934 631 2972 sponte
657 2934 687 2963 et
712 2932 801 2963 omni
841 2933 908 2963 iure
945 2932 1086 2962 doctans
1110 2933 1141 2961 et
1167 2930 1299 2961 doctarc
1337 2930 1454 2961 volens
1492 2929 1736 2970 infrascriptum
1771 2930 1871 2960 altare
1898 2938 1954 2960 seu

334 2780 391 2784 j&
419 2746 573 2777 videlicet
600 2746 630 2777 in
658 2746 759 2777 domo
786 2745 1008 2776 habitacionis
1035 2744 1242 2784 infrascripte
1269 2744 1402 2775 domine
1430 2744 1620 2784 Margarite‚
1648 2743 1744 2775 porte
1765 2744 1960 2777 Laudensis.

208 3088 237 3111 il)
254 3087 283 3108 La
299 3087 413 3109 Contessa
436 3088 577 3113 Margherita
595 3088 720 3109 Borromeo
743 3094 780 3109 era
804 3088 864 3113 iiglin
890 3088 925 3108 dcl
949 3087 1022 3108 Conte
1071 3086 1202 3111 ‚Vitaliano,
1218 3092 1283 3107 come
1299 3087 1379 3107 risulta
1396 3086 1432 3107 dal
1448 3086 1589 3108 documento
1601 3086 1755 3111 de128aprile
1774 3086 1829 3106 1485.
1848 3085 1904 3105 Essa
1920 3085 1951 3105 di-
