2347 3444
1960 219 2017 251 301

1061 402 1186 442 DLI.

305 510 574 539 Deliberazione
601 511 656 539 del
683 511 837 539 Comune
863 512 897 540 di
924 512 1035 540 Pavia
1061 520 1121 548 per
1146 511 1179 539 la
1205 511 1329 540 offerta
1355 511 1503 539 annuale
1530 519 1549 538 a
1576 511 1610 539 S.
1640 511 1750 539 Paolo

842 616 978 645 1491„
1010 617 1084 641 fel
1093 616 1287 648 )l)1·‹'=i‹),
1320 616 1396 640 21.

680 704 774 724 (Museo
790 704 838 725 Civv
855 704 876 724 di
893 704 954 725 Storv
972 706 1031 730 patr.
1048 704 1069 725 di
1087 704 1156 725 Pavia
1173 715 1195 717 m
1212 704 1262 725 Am
1277 704 1302 724 iii
1317 703 1419 724 Provvis.
1438 703 1512 724 Pacem
1527 704 1557 724 3».

233 928 234 931 ,
273 888 419 1003 M
462 899 756 936 CCCCLXXXXI,
784 901 836 932 die
864 901 934 932 ΧΧΙ
961 901 1129 938 februarii,
1157 903 1186 932 in
1215 902 1377 942 vesperis.

233 973 235 980 >
574 962 772 995 Convocato
797 968 827 995 et
853 967 1056 1005 congregato
1082 964 1247 1002 Consilio,
1272 967 1332 996 etc.

233 1021 234 1034 ¹
576 1026 690 1066 Ibique
717 1027 833 1067 prefati
861 1028 998 1065 domini,
1024 1028 1137 1059 audita
1164 1028 1381 1068 requisitione
1407 1027 1493 1058 facta
1520 1029 1611 1067 parte
1648 1027 1887 1058 venerabilium
1926 1026 2033 1057 domi—

218 1097 334 1119 norum
361 1088 497 1120 fratrum
524 1089 629 1120 sancti
658 1087 751 1120 Pauli
778 1092 871 1120 extra
899 1099 1012 1121 muros
1039 1089 1152 1130 Papie,
1179 1090 1417 1130 requirentium
1445 1089 1613 1130 provideri
1641 1089 1762 1120 debere
1792 1089 1883 1129 quod
1909 1088 1950 1119 ad
1977 1097 2032 1119 eo-

218 1161 287 1183 rum
313 1152 488 1183 ecclesiam
515 1152 582 1183 t'ieri
610 1151 730 1182 debeat
755 1151 898 1188 oblacio‚
926 1153 988 1182 iani
1016 1152 1128 1183 multis
1153 1153 1251 1183 annis
1292 1152 1457 1192 preteritis
1482 1152 1580 1183 solita
1606 1152 1686 1189 fieri,
1713 1160 1773 1191 pro
1810 1151 2028 1182 fabricatione

216 1215 366 1246 eiusdem
393 1214 543 1251 ecclesie,
568 1216 745 1245 censentes
772 1214 965 1244 huiusmodi
1008 1215 1264 1254 requisicionem
1304 1215 1477 1245 honestam
1504 1213 1573 1244 fore
1599 1215 1629 1245 et
1654 1214 1771 1245 cedere
1797 1214 1837 1245 ad
1867 1214 2026 1244 honorem

216 1277 321 1308 divini
347 1277 467 1314 cultus,
494 1277 713 1317 providerunt
738 1278 768 1307 et
795 1276 973 1316 provident
1014 1277 1116 1316 quod,
1142 1277 1182 1307 ad
1210 1277 1437 1307 omnimodam
1475 1285 1589 1307 eorum
1627 1277 1907 1316 requisicionem,
1944 1275 2031 1306 dicta

218 1339 351 1370 oblacio
377 1339 445 1370 fieri
473 1339 603 1377 debeat,
631 1339 722 1369 iuxta
749 1338 897 1375 solitum,
924 1348 983 1378 pro
1010 1348 1075 1378 qua
1095 1339 1203 1369 fienda
1224 1339 1499 1379 imposueruntet
1518 1339 1694 1378 imponunt
1719 1338 1845 1369 eisdem
1873 1338 2030 1369 bulletarn

216 1404 440 1442 opportunam
468 1402 536 1433 fieri
563 1401 684 1432 debere
711 1401 751 1432 de
776 1401 913 1432 florenis
940 1401 1065 1438 decem,
1092 1401 1184 1431 iuxta
1211 1401 1345 1432 solitum
1372 1403 1402 1432 et
1428 1403 1526 1441 prout
1552 1401 1714 1432 hactenus
1738 1400 1862 1431 tactum
1888 1399 1959 1430 fuit.

1048 1575 1202 1615 DLII.

306 1686 334 1714 11
360 1686 523 1723 Capitolo
549 1686 583 1714 di
610 1686 645 1714 S.
673 1686 846 1722 Agostino
872 1686 916 1714 da
942 1686 976 1714 in
1002 1686 1114 1714 affitto
1139 1695 1206 1713 una
1233 1694 1317 1714 casa
1342 1685 1460 1714 vicina
1486 1685 1519 1713 al
1545 1685 1739 1714 Convento.

885 1791 1028 1821 1491,
1056 1797 1281 1822 ιιιειηΖΟ,
1314 1790 1365 1815 7.

774 1879 851 1902 (ΑΙ-εὴ,
869 1879 949 1900 Notar.
966 1879 987 1899 di
1005 1879 1074 1900 Pavia
1091 1890 1115 1892 —
1132 1879 1179 1899 Atti
1196 1879 1217 1899 di
1235 1879 1347 1899 Damiano
1364 1878 1483 1902 Lamlolti).

234 2052 235 2074 Χ
286 2065 409 2180 Ν
456 2054 506 2108 ¹El„
533 2077 685 2119 Capitolo
712 2078 765 2109 del
791 2077 958 2109 Convento
984 2078 1019 2109 cli
1042 2077 1074 2110 S.
1101 2077 1271 2117 Agostz'no,
1299 2077 1329 2107 in
1357 2075 1542 2111 Cirtadella,
1570 2076 1605 2107 cli
1628 2075 1743 2111 Ρανίιι,
1781 2075 1943 2106 intitulato
1974 2083 2036 2115 per

455 2181 457 2187 ,
485 2142 596 2173 ordine
622 2141 675 2173 del
698 2144 840 2172 maestro
866 2142 896 2172 ill
923 2141 1068 2181 teologia
1087 2140 1176 2181 frate
1201 2140 1342 2171 Antonio
1368 2139 1411 2170 cla
1436 2139 1516 2173 Asti,
1544 2138 1664 2174 Priore,
1692 2147 1708 2169 e
1733 2138 1786 2169 nel
1808 2137 1907 2177 quale
1932 2146 2030 2168 erano

270 2238 276 2239 ⁷
484 2212 544 2235 con
570 2203 593 2235 il
616 2203 728 2235 Priore
753 2204 764 2235 i
788 2203 935 2243 ›elfgi'osi
960 2203 1124 2234 lohannes
1150 2203 1190 2233 de
1217 2205 1332 2233 sancto
1360 2201 1499 2242 Angelo,
1537 2200 1701 2231 lohannes
1736 2200 1966 2231 Bertolameus
1991 2199 2031 2230 de

217 2264 407 2297 Castelacio
435 2266 589 2303 biblicus,
616 2266 827 2307 Augustinus
853 2266 893 2297 de
919 2266 1066 2296 Novaria
1093 2266 1260 2305 subprior,
1288 2263 1412 2295 Paulus
1438 2264 1478 2294 de
1505 2262 1644 2300 entheo,
1664 2262 1820 2293 Didimus
1838 2262 1878 2293 de
1897 2261 2029 2302 Brayda

219 2328 259 2358 de
287 2326 401 2368 Papia,
428 2327 588 2360 Silvester
614 2328 654 2359 de
680 2328 848 2366 Valencia,
875 2327 1060 2369 Gregorius
1086 2328 1126 2358 de
1153 2326 1268 2367 Papia,
1295 2326 1474 2357 Zacharias
1499 2326 1539 2356 de
1566 2324 1773 2361 Mediolano,
1801 2324 1965 2355 lohannes
1991 2323 2031 2354 de

219 2390 421 2428 Naumaxio,
448 2389 687 2431 Simplicianus
713 2391 753 2422 de
780 2391 895 2422 Monte
912 2389 1051 2427 Ortono,
1079 2389 1205 2420 Tomas
1231 2389 1271 2420 de
1297 2387 1425 2424 Cicilia,
1452 2387 1612 2418 Nicolaus
1628 2387 1667 2418 de
1684 2386 1798 2427 Papia,
1818 2385 1967 2426 Angelus
1992 2385 2032 2416 de

219 2451 289 2489 Ast,
317 2452 444 2493 Filipus
469 2453 510 2484 de
537 2453 659 2491 Laude,
686 2452 812 2484 Paulus
838 2453 878 2484 de
903 2452 1119 2484 Zachonibus
1145 2452 1185 2482 de
1212 2450 1326 2491 Papia,
1365 2450 1529 2480 lohannes
1567 2448 1781 2490 Evangelista
1808 2448 1848 2479 de
1873 2448 2032 2483 Novaria,

218 2515 412 2547 Leonardus
437 2515 477 2546 de
504 2515 533 2546 la
560 2515 709 2553 Marcha,
746 2515 905 2547 Matheus
930 2515 970 2546 de
998 2514 1181 2551 Alemania,
1207 2513 1264 2545 clze
1289 2514 1542 2553 rappresentano
1563 2511 1622 2552 ριίἰ
1646 2511 1681 2542 cii
1704 2511 1766 2542 due
1780 2511 1868 2551 parti
1891 2510 1973 2542 delle
1987 2512 2032 2541 tre

217 2577 270 2609 del
296 2577 457 2618 Capitolo,
484 2577 593 2609 cicinno
619 2578 807 2609 investitura
832 2577 1015 2609 novennale
1041 2585 1060 2608 a
1087 2575 1159 2608 siro
1184 2576 1224 2607 de
1249 2575 1361 2607 Ptssm
1387 2574 1421 2606 di
1445 2582 1510 2605 una
1543 2582 1623 2605 casa
1648 2574 1679 2605 in
1707 2571 1885 2605 Cittaa'ella
1903 2569 1964 2611 (1).

274 2732 291 2757 (l
323 2733 446 2755 Crediamo
461 2733 495 2754 sia
510 2733 531 2754 la
546 2735 623 2755 stessa
638 2739 701 2759 casa,
717 2733 739 2754 di
755 2733 790 2754 cni
802 2733 820 2754 si
833 2733 897 2759 parla
909 2733 944 2753 nel
955 2732 1096 2753 documento
1151 2730 1211 2756 degli
1229 2731 1248 2750 ll
1266 2729 1365 2755 germaio
1382 2729 1439 2750 1485.
