2347 3444
1940 195 2003 226 209

188 324 330 356 totaliter
356 333 420 355 non
449 325 615 361 insertam,
643 327 750 355 vestre
776 325 1020 365 jurisdictionis
1045 325 1226 365 explicatio
1253 325 1283 355 in
1312 325 1371 356 liac
1398 327 1488 365 parte
1516 325 1623 356 valeat
1665 326 1918 365 quomodolibet
1947 328 2004 357 im-

187 386 291 426 pediri
318 388 348 417 et
374 386 414 417 de
440 395 505 426 qua
533 386 706 426 bucusque
733 388 801 417 toto
828 389 939 417 tenore
967 387 1120 418 habenda
1146 387 1188 417 sit
1207 387 1246 417 de
1266 387 1368 418 verbo
1394 387 1435 417 ad
1464 387 1600 417 verbum
1629 388 1659 417 in
1688 389 1860 427 premissis
1888 389 2003 419 litteris

187 449 315 479 mencio
341 448 509 488 specialis.
535 446 690 480 Ceterum
719 449 885 486 volumus,
912 451 942 479 et
967 450 1162 480 auctoritate
1189 451 1312 486 nostra,
1330 449 1394 479 imo
1423 449 1534 479 verius
1561 448 1767 489 Apostolica,
1794 450 2003 480 decernimus

187 510 277 550 quod
304 510 443 550 quilibet
470 513 615 541 vestrum
644 511 801 550 prosequi
831 511 938 541 valeat
964 511 1137 542 articulum
1165 511 1262 541 etiam
1291 519 1347 550 per
1373 510 1472 541 alium
1501 511 1703 547 inchoatum,
1731 512 1886 550 quamvis
1918 512 2002 542 idem

187 572 348 603 inchoans
375 572 465 602 nullo
483 571 579 602 fuerit
599 572 836 612 impedimento
862 573 1024 603 canonico
1051 572 1245 612 prepeditus
1272 572 1431 612 quodque
1458 572 1499 602 ad
1526 574 1597 603 acta
1619 573 1821 612 presentium
1843 573 1883 603 sit
1905 573 2002 603 vobis

186 636 217 665 et
243 635 421 674 unicuique
447 636 592 665 vestrum
621 635 650 665 in
679 635 852 674 premissis
878 635 1036 665 omnibus
1062 637 1091 665 et
1118 635 1270 675 siugulis,
1297 635 1403 674 ceptis
1428 636 1459 665 et
1486 643 1550 665 non
1577 635 1693 674 ceptis,
1728 635 1940 674 presentibus
1973 639 2003 666 et

185 695 304 727 futuris
322 698 353 727 et
372 705 431 736 pro
451 696 611 736 predictis
638 697 816 736 procedere
843 706 880 728 ac
907 698 933 727 si
956 697 1103 737 predicta
1130 697 1241 727 omnia
1260 698 1290 728 et
1310 696 1440 736 singula
1467 706 1577 727 coram
1599 697 1697 727 vobis
1716 699 1787 727 acta
1808 697 1947 727 luissent
1973 700 2002 728 et

184 758 406 799 jurisdictioni
434 761 542 789 vestre
567 761 597 789 et
622 759 800 789 cuiuslibet
828 761 973 790 vestrum
1002 760 1031 790 in
1059 759 1217 799 predictis
1243 759 1401 789 omnibus
1427 760 1457 789 et
1483 759 1626 799 singulis
1653 768 1709 799 per
1734 759 1923 790 citationem
1953 760 2001 790 vel

185 820 285 851 alium
313 820 447 851 modum
475 822 668 860 perpetuata
696 821 863 861 legiptime
882 821 1059 859 extitisset;
1078 821 1322 852 constitucione
1350 821 1513 861 premissa
1539 829 1640 861 super
1658 821 1955 852 conservatoribus
1973 823 2003 852 et

184 883 249 913 alia
279 882 426 922 qualibet
453 883 483 913 in
510 883 710 913 contrarium
737 883 824 914 edita
852 892 916 914 non
943 883 1169 921 obstantibus,
1196 884 1367 924 perpetuis
1392 883 1513 914 futuris
1539 884 1748 924 temporibus
1766 884 1944 915 duraturis.
1971 884 2002 914 ln

185 953 326 984 quorum
354 945 579 976 testimonium
607 947 778 985 presentes
804 947 937 976 nostras
964 946 1087 977 litteras
1114 946 1181 976 fieri
1208 946 1372 987 jussimus
1397 948 1427 976 et
1453 946 1619 986 registrari
1646 946 1686 976 de
1706 946 1857 986 ipsisque
1885 946 2005 976 instru-

185 1008 330 1037 mentum
358 1007 465 1046 rogari
494 1015 551 1047 per
577 1006 824 1047 infrascriptum
852 1007 1023 1038 dominum
1052 1007 1230 1038 loliannem
1258 1008 1297 1038 de
1331 1006 1528 1039 Selianzolis
1554 1010 1781 1048 nuncupatum
1808 1008 1848 1038 de
1875 1007 2003 1038 Boneto

185 1069 348 1100 notarium
375 1071 405 1099 et
431 1069 574 1100 scribam
602 1071 762 1100 nostrum.
790 1068 911 1100 Datum
938 1072 968 1100 et
994 1072 1102 1100 actum
1131 1068 1243 1110 l’apie,
1264 1070 1294 1100 in
1315 1070 1517 1101 monasterio
1544 1070 1784 1101 Heremitarum
1813 1069 2001 1101 Beatissimi

185 1130 363 1171 Augustini
389 1130 540 1172 ejusdem
567 1130 723 1167 Ordinis,
752 1131 781 1161 in
812 1140 942 1162 camera
980 1132 1163 1162 residencie
1201 1134 1330 1169 nostre,
1368 1132 1431 1162 sub
1468 1140 1556 1162 anno
1593 1141 1611 1163 a
1649 1131 1830 1163 Nativitate
1869 1131 2002 1162 Domini

186 1192 363 1223 millesimo
390 1193 722 1233 quadringentesimo
749 1194 999 1233 septuagesimo
1025 1195 1156 1231 octavo,
1195 1193 1360 1224 indicione
1388 1194 1584 1231 undecima,
1622 1194 1674 1224 die
1701 1194 1844 1234 septimo
1879 1194 2003 1224 mensis

185 1254 268 1296 julii,
296 1255 375 1286 liora
403 1263 629 1295 vesperarum,
657 1255 871 1295 pontificatus
898 1254 1106 1286 Sanctissimi
1134 1254 1268 1286 Domini
1311 1255 1445 1286 Domini
1484 1255 1595 1287 Nostri
1623 1254 1708 1287 Sixti
1737 1256 1850 1287 divina
1889 1255 2005 1286 Provi-

185 1316 302 1348 dencia
330 1316 419 1357 Pape
447 1316 486 1348 IV
517 1325 605 1348 anno
632 1319 763 1354 octavo,
782 1318 812 1347 et
839 1317 1052 1357 presentibus
1077 1317 1220 1348 [ohanne
1247 1318 1287 1348 de
1314 1317 1435 1355 Trieio,
1473 1320 1543 1355 etc.‚
1581 1318 1723 1349 testibus
1759 1318 1800 1348 ad
1840 1318 2002 1358 premissa

184 1379 295 1409 omnia
321 1380 352 1410 et
377 1378 509 1419 singula
535 1379 674 1415 vocatis,
702 1378 835 1416 habitis,
861 1381 892 1409 et
918 1379 1054 1419 rogatis.

273 1440 343 1481 Ego
370 1440 536 1471 lohannes
555 1440 595 1471 de
615 1439 787 1472 Scanzolis
806 1440 915 1471 dictus
934 1441 974 1471 de
1000 1440 1139 1478 Boneto,
1166 1441 1298 1481 genitus
1325 1441 1494 1481 quondam
1522 1441 1647 1472 domini
1679 1441 1809 1472 Bouetti
1845 1441 2000 1481 publicus

183 1503 357 1543 papiensis
383 1502 614 1543 imperialique
654 1502 850 1533 auctoritate
877 1503 1035 1538 notarius,
1064 1503 1126 1534 hoc
1165 1503 1418 1534 instrumentum
1457 1504 1554 1534 miclii
1590 1504 1657 1534 fieri
1695 1503 1824 1544 jussum
1865 1507 2002 1543 rogatus

183 1564 303 1596 tradidi
329 1566 360 1595 et
386 1573 436 1595 me
463 1564 659 1605 subscripsi.

271 1627 342 1667 Ego
369 1627 533 1658 lohannes
559 1627 756 1659 Franciscus
782 1628 822 1658 de
848 1627 1076 1667 Gravanaglio
1094 1636 1135 1658 ex
1155 1627 1327 1658 nobilibus
1353 1628 1393 1658 de
1420 1627 1538 1668 Ruyno
1565 1628 1652 1659 tilius
1679 1628 1849 1667 quondam
1877 1628 2001 1658 domini

183 1688 328 1721 Surlioni
356 1689 511 1729 publicus
530 1690 704 1729 papiensis
723 1690 953 1730 imperialique
972 1690 1166 1720 auctoritate
1186 1690 1335 1721 notarius
1351 1690 1613 1730 suprascriptum
1635 1690 1888 1721 instrumentum
1909 1691 2001 1721 iussu

181 1752 399 1792 suprascripti
427 1751 552 1782 domini
580 1751 737 1783 Iohannis
764 1752 881 1783 notarii
908 1760 945 1782 ac
971 1752 1132 1782 causidici
1160 1752 1333 1792 papiensis
1359 1752 1478 1792 scripsi
1505 1754 1535 1783 et
1561 1761 1611 1783 me
1638 1752 1835 1792 subscripsi.

974 1926 1231 1967 CDXVII.

269 2035 415 2063 Lascito
440 2035 711 2063 testamentario
737 2035 793 2063 del
818 2035 938 2063 notaio
964 2035 1164 2063 Franeesco
1190 2036 1232 2064 de
1258 2036 1424 2064 Guateris
1450 2045 1469 2063 a
1495 2036 1616 2064 favore
1642 2037 1677 2064 di
1703 2037 1738 2065 S.
1767 2036 1890 2064 Paolo.

782 2148 918 2173 1478
927 2164 940 2179 9
970 2150 1314 2180 sette111ln-e‚
1344 2149 1395 2174 4.

743 2236 820 2260 (Aren.
838 2237 918 2257 Notar.
936 2236 956 2257 di
975 2236 1053 2257 Pavia.
1070 2247 1095 2250 -—
1112 2236 1158 2257 Atti
1175 2236 1196 2256 di
1214 2236 1317 2257 Nicolino
1334 2235 1431 2257 Sicleri'i.

249 2420 371 2536 N
423 2414 520 2470 jELLA
538 2442 618 2465 casa
643 2434 697 2465 del
720 2436 884 2471 testatore,
907 2434 937 2465 in
964 2433 1163 2465 Parrocclzicz
1188 2433 1222 2464 cli
1236 2432 1267 2465 S.
1290 2432 1452 2465 Gabriele.
1485 2433 1691 2464 Testamento
1710 2434 1744 2464 cli
1762 2433 1944 2465 Francesco
1963 2435 2002 2465 dc

423 2486 424 2499 ¹
455 2495 616 2532 Guateris,
643 2495 743 2536 delfu
756 2495 874 2531 Pletro,
895 2496 1051 2527 cittaciino
1067 2505 1082 2526 e
1096 2496 1207 2526 notaio
1222 2495 1256 2526 a't'
1269 2494 1385 2531 Ριινία,
1404 2494 1456 2526 nel
1472 2494 1570 2534 quale
1588 2495 1651 2526 sibi
1671 2496 1875 2535 sepulturam
1891 2496 2001 2536 ellegit

211 2592 238 2593 ἡ
423 2506 424 2595 l
451 2558 493 2589 ad
520 2558 693 2589 ecclesiam
721 2559 824 2589 sancti
853 2557 969 2595 Pauli,
1008 2558 1103 2589 sitam
1142 2566 1245 2598 prope
1282 2559 1313 2587 et
1338 2558 1431 2587 extra
1458 2565 1570 2587 muros
1597 2557 1799 2596 papienses,
1833 2557 1873 2587 ad
1902 2566 1999 2597 quam

185 2619 386 2660 singularem
412 2621 494 2661 gerit
520 2620 733 2651 devotionem
760 2623 790 2652 et
808 2621 849 2652 ad
877 2629 976 2660 quam
1004 2620 1073 2651 vult
1091 2622 1121 2650 et
1141 2619 1280 2650 intendit
1305 2627 1428 2658 corpus
1455 2627 1550 2649 suum
1571 2618 1714 2658 sepelliri
1746 2619 1866 2650 debere
1898 2628 2002 2659 quan-

186 2681 374 2721 documque
400 2682 510 2722 ipsum
536 2682 696 2713 decedere
721 2683 901 2723 continget.
928 2682 1038 2713 Item...
1065 2682 1206 2713 instituit
1232 2681 1295 2712 sibi
1323 2680 1476 2711 heredem
1504 2680 1735 2720 particularem
1763 2682 2000 2712 monasterium

185 2746 217 2775 et
241 2744 423 2784 capitulum
449 2753 507 2775 seu
533 2746 734 2776 conventum
761 2745 846 2776 dicte
883 2744 1021 2775 ecclesie
1056 2744 1160 2775 sancti
1200 2742 1305 2781 Pauli,
1332 2743 1430 2774 situm
1459 2744 1492 2773 ut
1526 2751 1638 2783 supra,
1677 2743 1707 2773 in
1736 2752 1801 2773 uno
1828 2744 1903 2774 ficto
1931 2753 2002 2783 puer—

188 2808 320 2847 petuo...
346 2806 546 2837 florenorum
573 2806 750 2838 duodecim
756 2832 806 2838 .....
833 2807 923 2847 quod
950 2807 1038 2837 omni
1066 2815 1153 2837 anno
1181 2806 1243 2845 ipsi
1271 2805 1408 2836 domino
1434 2805 1582 2836 testatori
1610 2807 1807 2845 prestatur...
1829 2814 1885 2845 per
1904 2815 2002 2836 vene-

187 2868 324 2899 rabilem
351 2869 457 2899 virum
483 2869 655 2900 dominum
683 2869 902 2909 presbiterum
931 2868 1086 2908 Iacopum
1113 2868 1153 2899 de
1179 2866 1333 2905 CodaHo,
1359 2867 1399 2898 de
1426 2867 1527 2898 domo
1557 2876 1632 2903 una,
1660 2870 1797 2903 murata,
1824 2870 1943 2907 cupata
1970 2871 1999 2898 et

188 2930 357 2968 solariata,
382 2939 455 2961 cum
482 2931 554 2962 eius
573 2931 770 2969 hedddiciis,
797 2931 859 2962 sita
887 2931 917 2961 in
945 2930 1067 2971 Papia,
1102 2931 1132 2960 in
1160 2928 1258 2960 Porta
1285 2928 1432 2960 Pertuxii
1460 2929 1491 2959 in
1518 2929 1675 2969 parocbia
1702 2932 1814 2960 sancte
1841 2928 1999 2963 Euiemie,

187 2993 238 3024 cui
257 2992 390 3024 coheret
407 2992 450 3023 ab
468 3001 533 3024 una
559 2995 650 3034 parte
677 2994 914 3025 monasterium
941 2993 1045 3025 sancti
1073 2991 1273 3023 Bartolomei
1301 2991 1331 3022 in
1351 2990 1491 3023 Strata...
1523 2991 1560 3021 Et
1580 2991 1640 3022 boc
1659 3000 1731 3021 cum
1751 3000 1882 3021 onere...
1909 2991 1999 3030 quod

188 3054 314 3085 domini
339 3053 490 3086 fratres...
527 3056 699 3087 teneantur
723 3057 754 3086 et
779 3055 917 3096 obligati
955 3056 1021 3087 sint
1054 3054 1143 3085 omni
1181 3063 1269 3085 anno
1307 3062 1438 3093 semper
1466 3053 1554 3084 etin
1589 3056 1806 3093 perpetuum,
1845 3053 1874 3083 in
1913 3053 1999 3083 dicta

1971 3121 1995 3140 27
