2347 3444
1938 200 1999 231 163

974 378 1200 419 CCCLV.

275 488 301 515 11
328 489 443 516 nobile
468 497 599 524 pavese
618 489 816 517 Franceseo
833 488 1002 516 Beecaria
1018 488 1049 515 su
1066 497 1132 515 una
1159 488 1353 516 donazione
1370 488 1438 523 agli
1455 488 1649 516 Eremitani
1665 489 1992 518 dell‘Ossesvanza.

783 583 912 615 1471,
940 585 1277 614 110x⁷e111l›1⁴o‚
1305 583 1394 608 20.

716 672 792 695 (Arcu.
810 672 889 692 Notar.
906 672 927 692 di
945 672 1021 692 Pavia.
1039 683 1063 685 m
1084 672 1130 692 Atti
1147 672 1169 692 di
1185 672 1297 697 Agostino
1314 672 1451 697 Gravanago
1469 688 1472 692 .

262 854 359 970 P
430 873 668 901 ROTESTATlo
695 870 725 900 in
752 869 899 901 favorem
927 870 1124 901 Monasterii
1152 870 1260 902 sancti
1289 869 1385 901 Pauli
1414 870 1588 911 papiensis
1606 868 1666 909 (1).

540 930 603 961 Nel
627 930 776 962 Puluzzo
802 932 855 963 cle!
879 932 1024 963 Poaelestc'z
1049 933 1083 963 di
1107 932 1222 969 Ρανίιι,
1250 933 1453 964 constitutus
1487 933 1610 964 nobilis
1637 933 1687 964 vir
1711 933 1869 964 dominus
1896 933 1997 964 Fran-

207 1026 221 1028 *
423 994 424 1003 ¹
451 992 564 1023 ciscus
591 993 631 1023 de
656 992 828 1031 Beeharia,
855 994 942 1025 t'iiius
957 995 1128 1034 quondam
1147 995 1273 1026 domini
1292 994 1439 1032 Antonii,
1468 996 1499 1026 in
1526 996 1694 1035 presentia
1714 995 1839 1026 domini
1860 995 1995 1027 Antonii

182 1054 223 1085 de
250 1053 387 1085 Foliano
413 1054 557 1085 civitatis
585 1054 688 1095 Papie
714 1056 854 1096 eiusque
881 1056 1069 1088 Comitatus
1095 1057 1278 1089 Potestatis
1303 1067 1341 1089 ac
1368 1058 1499 1089 ducalis
1518 1056 1728 1095 Comissarii,
1754 1067 1814 1098 pro
1840 1059 1996 1089 tribunali

181 1117 375 1148 sedentis...
413 1117 498 1147 dixit
524 1119 555 1147 et
580 1119 786 1157 protestatus
823 1118 883 1150 fuit
919 1129 957 1150 ae
994 1120 1074 1151 dicit
1100 1122 1131 1151 et
1157 1122 1360 1160 protestatur
1397 1121 1469 1160 ipse
1507 1121 1665 1151 dominus
1704 1120 1929 1152 Francischus
1954 1121 1996 1152 de

181 1177 354 1216 Beeharia‚
388 1179 478 1218 quod
505 1188 565 1218 pro
591 1179 645 1210 illa
671 1180 869 1216 donacirme,
898 1190 956 1221 per
981 1191 1054 1212 eum
1080 1181 1168 1213 facta
1195 1182 1398 1213 monasterio
1424 1183 1530 1213 saneti
1549 1181 1749 1214 Christofori
1777 1183 1817 1214 de
1845 1182 1994 1214 Taurino

180 1239 318 1272 Ordinis
344 1241 450 1272 sancti
478 1240 657 1281 Augustini
684 1242 724 1273 de
750 1243 973 1275 observaneia
991 1242 1052 1282 (2),
1078 1244 1119 1275 de
1146 1244 1279 1275 ducatis
1305 1245 1421 1276 decem
1448 1246 1479 1275 et
1505 1246 1632 1284 septem
1666 1245 1748 1282 auri,
1774 1245 1896 1276 debitis
1923 1254 1997 1285 pre-

178 1301 267 1333 facto
304 1303 440 1334 domino
478 1302 657 1334 Franciseo
682 1304 723 1335 de
751 1304 911 1336 Becharia
950 1306 1064 1346 vigore
1101 1307 1290 1337 testamenti
1318 1315 1376 1337 seu
1404 1306 1502 1346 legati
1540 1316 1627 1338 nune
1665 1307 1835 1346 quondam
1870 1307 1994 1338 domini

179 1363 336 1396 Iohannis
361 1363 539 1397 Schalie....
567 1375 621 1406 rey
649 1367 771 1398 veritas
799 1367 858 1398 tuit
884 1370 914 1398 et
940 1370 991 1399 est
1016 1368 1107 1408 quod
1135 1369 1327 1400 nominatus
1352 1368 1412 1400 fuit
1431 1371 1509 1400 tune
1527 1369 1689 1409 temporis
1708 1370 1739 1400 et
1757 1371 1826 1400 toto
1845 1371 1994 1409 tempore

179 1427 245 1458 vite
271 1435 331 1459 sue
357 1427 528 1459 Zuchinus
555 1428 595 1459 de
623 1428 796 1466 Beeharia,
835 1430 911 1461 iicet
948 1432 1038 1461 recto
1065 1430 1197 1461 nomine
1225 1430 1415 1470 baptizatus
1452 1431 1493 1462 sit
1528 1430 1739 1468 Francsscus,
1766 1431 1824 1462 sed
1852 1440 1894 1462 ex
1920 1440 1996 1471 pre-

179 1489 313 1521 nomine
339 1490 504 1521 vochatus
531 1490 592 1521 fuit
618 1493 647 1522 et
675 1493 813 1522 vocatur
838 1491 1019 1529 Zuchinus,
1045 1494 1107 1524 ete.

962 1666 1215 1706 CCCLVI.

269 1775 374 1803 Frate
399 1775 573 1810 Agostino
598 1775 764 1802 Marliani
790 1775 907 1803 rieeve
933 1785 977 1803 un
1003 1776 1114 1803 affitto
1140 1785 1200 1812 per
1227 1776 1259 1807 S,
1286 1776 1465 1807 Mostiola.

800 1889 942 1920 1471,
969 1890 1288 1919 ‹Vlioennbrgn
1313 1890 1365 1914 δ.

727 1977 803 2000 (Arch.
821 1977 901 1997 Notar.
918 1977 939 1997 di
957 1977 1026 1998 Pavia
1042 1988 1067 1990 —
1083 1977 1130 1998 Atti
1147 1977 1168 1997 di
1186 1977 1305 1998 Leonardo
1322 1977 1435 2000 Buscati),

422 2188 446 2214 Ν
471 2192 551 2215 casa
575 2184 629 2215 del
652 2184 820 2215 cautissico
844 2183 986 2215 Antonio
1014 2183 1127 2219 Cosso,
1155 2184 1186 2214 in
1223 2183 1420 2215 Parroccln'a
1446 2184 1481 2215 di
1504 2183 1537 2216 S.
1566 2183 1780 2216 Colombano.
1807 2182 1990 2216 Confessio

286 2173 333 2288 I
414 2270 415 2275 ,
444 2247 531 2278 facta
557 2256 615 2287 per
640 2246 861 2278 reverendum
899 2248 1025 2286 patrem
1063 2246 1236 2277 dominum
1274 2246 1468 2287 magistrum
1503 2245 1729 2287 Augustinum
1755 2247 1796 2278 de
1822 2246 1990 2278 Martiano

295 2346 372 2347 jj
444 2310 577 2341 fratrem
592 2308 730 2341 Ordinis
750 2309 990 2340 Heremitarum
1007 2309 1037 2339 in
1053 2307 1231 2340 Conventu
1251 2310 1365 2340 sancte
1385 2309 1545 2340 Mustiole
1564 2308 1680 2349 Papie‚
1696 2312 1989 2349 procuratorem...

178 2371 377 2405 Conventus
403 2375 517 2405 sancte
543 2372 704 2404 Mustiole
731 2372 929 2413 predicte...
958 2380 1077 2402 versus
1104 2371 1282 2402 Iohannem
1309 2371 1452 2402 Mariam
1472 2372 1512 2402 de
1531 2370 1693 2403 Sachis...
1714 2372 1847 2403 nomine
1866 2374 1896 2403 et
1915 2373 1988 2404 vice

179 2435 430 2476 magnificorum
456 2435 667 2466 dominorum
695 2434 845 2466 leronimi
873 2434 953 2464 iuris
980 2434 1153 2473 utriusque
1177 2433 1326 2464 doctoris
1353 2435 1383 2464 et
1409 2432 1496 2464 Petri
1524 2433 1642 2471 Marie,
1670 2433 1821 2472 militum,
1848 2434 1983 2465 fratrum

177 2498 218 2529 de
244 2497 391 2535 Maletis,
417 2497 559 2528 filiorum
586 2498 617 2528 et
644 2497 803 2528 heredum
830 2496 999 2536 quondam
1027 2495 1193 2535 magnifici
1221 2497 1251 2526 et
1277 2495 1414 2526 exhimii
1442 2495 1522 2526 iuris
1556 2495 1730 2536 utriusque
1757 2495 1905 2527 doctoris
1931 2497 1990 2527 mi-

177 2560 243 2591 litis
268 2562 300 2591 et
324 2559 455 2591 comitis
480 2559 607 2590 domini
623 2558 761 2597 Albriei,
787 2559 821 2590 di
845 2567 925 2590 aver
946 2559 1086 2589 rz'cevnto
1112 2557 1168 2589 lire
1192 2558 1237 2589 40
1256 2566 1317 2598 per
1339 2556 1446 2597 offitio
1472 2557 1506 2588 di
1527 2557 1552 2588 2
1574 2558 1659 2594 anni,
1680 2557 1772 2598 finiti
1795 2566 1816 2589 α
1841 2557 1874 2590 S.
1900 2558 1989 2589 Mar-

175 2623 251 2658 ἰὶηο,
278 2622 312 2654 di
335 2622 450 2653 alcune
470 2621 635 2662 proprietd
660 2621 714 2653 del
740 2620 916 2659 Convento,
942 2620 1017 2652 dote
1042 2621 1073 2651 ιἰι
1100 2620 1289 2651 investitura
1311 2621 1467 2660 perpetua
1492 2620 1527 2651 αι’
1550 2620 1698 2651 Maletta.

234 2778 262 2803 (l)
278 2779 300 2799 in
317 2778 417 2799 mahala
426 2778 595 2799 dichiaraziouc
610 2780 734 2799 contenuta
746 2778 780 2798 nel
790 2778 928 2798 documento
945 2777 1050 2802 rigum-ua
1160 2776 1189 2797 [ΖΛ
1206 2776 1220 2796 11
1237 2775 1357 2797 Conveuto
1379 2776 1400 2796 di
1424 2775 1446 2797 S.
1470 2776 1599 2797 Cristotoro
1621 2776 1642 2797 di
1659 2776 1753 2801 Torino.
1779 2776 1845 2797 detto
1870 2777 1941 2797 anche
1957 2776 1977 2796 di

179 2822 208 2848 gli
225 2822 367 2848 Agristiniani
380 2822 400 2843 di
413 2822 434 2843 S⁴
447 2822 576 2843 Cristotoro
592 2822 612 2842 di
629 2822 722 2845 Toriuo,
740 2822 744 2842 i
761 2822 822 2847 quali
835 2827 874 2847 per
885 2821 944 2841 altro
955 2820 1054 2841 essendo
1109 2819 1131 2840 S.
1149 2820 1269 2844 Auxistiuo,
1285 2819 1307 2840 fu
1324 2820 1360 2840 dal
1377 2820 1454 2841 Priore
1471 2820 1581 2841 Generaic
1596 2820 1654 2841 frate
1670 2820 1776 2841 Criuliano
1792 2820 1820 2841 da
1837 2820 1920 2841 Salerni
1932 2826 1984 2840 con-

180 2867 238 2887 della
263 2868 339 2887 stessa
364 2866 553 2892 congregazione
578 2867 613 2887 dei
640 2866 746 2892 Religiosi
763 2867 784 2886 di
801 2866 823 2887 S.
842 2866 912 2886 Paolo
935 2865 955 2885 di
978 2865 1055 2889 l’aivia,
1111 2870 1178 2884 cesso
1196 2864 1216 2884 ai
1234 2864 1340 2889 Religiosi
1357 2864 1415 2885 dena
1440 2864 1628 2890 Congregazione
1645 2865 1763 2885 lombarda
1780 2870 1822 2885 con
1838 2864 1931 2885 decreto
1947 2865 1982 2884 de}

179 2916 281 2932 avranno
292 2911 480 2932 commessoloro
491 2911 512 2932 di
524 2912 628 2932 ottenere
638 2911 683 2932 tale
694 2911 863 2932 dichiarazione
875 2910 896 2930 in
908 2910 956 2929 loro
967 2909 1053 2929 favore.
1099 2910 1122 2928 18
1136 2908 1262 2929 settembre
1280 2909 1336 2929 1452,
1354 2909 1408 2929 Vcdi
1425 2909 1540 2935 TORELm,
1556 2909 1600 2930 vol.
1618 2909 1664 2935 VH,
1681 2914 1734 2935 pag.
1753 2909 1796 2929 108.
