2347 3444
1931 203 1985 234 l7l

180 339 210 369 in
238 339 298 370 hac
325 341 438 379 parte;
464 339 598 379 sibique
625 339 816 370 cathedram
845 337 1070 378 magistralem
1097 336 1303 368 ascendendi
1331 339 1361 366 et
1389 336 1418 366 in
1446 345 1483 366 ea
1511 336 1655 376 legendi,
1692 336 1848 370 docendi.
1874 338 1991 377 dispu-

180 401 282 439 tandi,
307 401 481 442 gloxandi,
508 401 760 441 interpretandi,
786 400 984 440 questiones
1009 402 1039 430 et
1066 399 1168 430 dubia
1206 399 1417 435 terminandi,
1455 401 1654 438 ceterosque
1691 403 1787 429 actus
1813 400 1992 430 doctoreos

181 463 210 493 in
238 463 376 494 scientia
404 463 477 503 ipsa
503 462 704 502 theologica,
732 462 783 493 hic
809 464 840 493 et
868 462 991 501 ubique
1019 461 1167 492 locorum
1187 460 1380 496 exercendi,
1401 461 1566 491 licentiam
1586 461 1820 491 concessimus
1839 464 1869 492 et
1890 461 1992 492 t'acnl-

180 527 290 562 tatem,
317 525 537 556 instrumento
564 525 701 564 publico
728 524 906 564 seperinde
933 523 1086 554 confecto
1113 532 1170 563 per
1197 522 1329 554 Petrum
1356 523 1396 553 de
1424 522 1615 553 Nlombreto
1643 523 1806 553 notarium
1835 527 1864 554 ct
1892 521 1991 554 Curie

180 587 386 627 episcopalis
413 588 587 627 papiensis
613 586 848 618 cancellarium
877 586 1134 626 infrascriptum.
1160 585 1256 616 Nunc
1283 594 1362 616 vcro
1388 587 1574 615 convocata
1595 587 1625 615 et
1645 588 1847 625 congregata
1875 586 1991 615 iterato

181 647 405 680 Universitate
444 648 662 686 Prelatormn,
701 648 894 685 Doctorum,
932 646 1117 679 Scolarium
1157 647 1273 687 prefati
1301 645 1407 678 Studii
1435 647 1575 686 copiosa
1601 649 1630 677 et
1658 646 1829 677 Nobilium
1857 646 1991 678 Civium

180 718 358 741 numerosa
384 711 552 747 catherva,
579 711 609 741 in
635 710 711 741 aula
738 719 856 750 inagna
884 710 1009 750 pallatii
1036 709 1242 749 episcopalis
1269 718 1328 749 pro
1344 709 1405 739 hoc
1421 709 1554 749 negotio
1569 708 1761 748 specialiter
1779 710 1992 748 exequendo,

179 771 289 803 dictus
316 772 416 803 frater
441 772 642 804 Ambrosius
669 782 727 812 per
753 772 916 813 prefatum
944 772 1165 803 reverendum
1193 774 1318 812 patrem
1353 771 1525 802 dominum
1565 771 1697 802 tratrem
1739 771 1916 802 iohannem
1945 771 1993 802 la-

178 833 299 864 coburn
326 834 367 865 de
394 832 559 874 Campixe
599 835 811 874 vesperiatus
849 834 919 872 fuit,
947 836 979 865 ut
1006 835 1107 865 moris
1144 834 1269 871 existit,
1308 833 1484 873 eidemque
1522 833 1683 873 magistro
1710 832 1891 863 Ambrosio
1917 843 1992 864 cum

180 895 255 926 aliis
281 896 476 926 doctoribus
503 899 533 927 et
561 897 729 936 magistris
756 897 947 928 cathedram
975 896 1192 933 doctoralem,
1220 898 1252 927 nt
1278 898 1328 927 est
1355 896 1456 926 moris
1482 895 1689 930 ascendenti,
1715 896 1788 926 eius
1814 896 1926 935 capiti,
1953 896 1993 926 de

178 958 280 988 nostri
310 957 451 995 licentia,
480 967 537 997 per
563 959 706 989 eundern
734 968 827 989 sacre
854 958 1020 999 theologie
1047 959 1241 998 magistrum
1270 957 1448 988 lohannem
1488 957 1644 988 iacobum
1672 957 1712 988 de
1739 956 1917 997 Campixe,
1945 958 1994 987 bi—

178 1022 282 1051 retum
311 1020 504 1059 impositum
532 1024 592 1057 est,
620 1022 774 1057 servatis,
802 1022 832 1051 in
860 1022 1046 1061 premissis,
1087 1021 1246 1051 omnibus
1272 1020 1405 1051 rittibus
1431 1022 1461 1051 et
1487 1019 1784 1059 solempnitatilms
1812 1020 1842 1050 in
1870 1020 1994 1050 talibus

177 1081 300 1112 debitis
326 1084 356 1112 et
382 1083 564 1113 consuetis.
593 1082 623 1112 ln
651 1083 746 1113 cnius
772 1083 815 1114 rei
844 1083 1070 1114 testimonium
1097 1085 1272 1122 presentes
1299 1083 1366 1113 fieri
1394 1082 1536 1113 fecimus
1563 1083 1593 1112 in
1621 1082 1760 1113 formam
1781 1082 1906 1122 publici
1934 1083 1994 1113 do-

178 1144 320 1174 cumenti
348 1152 407 1183 per
433 1144 496 1174 iam
524 1144 649 1175 dictum
688 1143 821 1175 l'etrnm
861 1145 1025 1175 notarium
1052 1146 1083 1175 et
1109 1144 1344 1176 cancellarium
1381 1146 1530 1175 nostrum
1558 1146 1589 1175 et
1615 1144 1726 1185 sigillo
1753 1145 1906 1184 prelibati
1934 1145 1994 1175 do-

177 1206 255 1236 miui
284 1205 443 1245 Episcopi
470 1206 511 1236 ad
540 1207 696 1237 maiorem
737 1207 939 1237 evidentiam
980 1207 1219 1247 premissorum
1258 1207 1439 1237 munimine
1478 1206 1637 1237 roborari.
1677 1206 1797 1237 Datum
1826 1208 1856 1237 et
1882 1209 1992 1238 actum

177 1266 293 1307 Papie,
320 1267 351 1298 in
378 1267 454 1298 aula
481 1276 600 1307 magna
628 1268 753 1307 pallatii
781 1269 998 1308 episcopalis,
1024 1269 1088 1299 sub
1113 1278 1202 1300 anno
1232 1268 1426 1300 Nativitatis
1452 1267 1586 1299 Domini
1625 1268 1803 1300 millesimo
1834 1269 1995 1309 quadrin-

177 1330 364 1370 gentesimo
390 1330 645 1369 septuagesimo
672 1331 833 1366 secundo,
861 1331 1043 1362 indictione
1070 1331 1194 1371 quinta,
1222 1331 1276 1362 die
1304 1331 1468 1371 vigesimo
1506 1333 1604 1362 sexto
1638 1331 1763 1362 mensis
1791 1331 1886 1368 lullii,
1914 1332 1993 1362 hora

177 1401 407 1432 vesperarum,
434 1392 651 1432 presentibus
677 1393 924 1432 spectabilibus
950 1395 980 1424 et
1006 1394 1139 1424 eximiis
1157 1393 1276 1424 artium
1295 1396 1326 1424 et
1345 1393 1509 1424 medicine
1535 1393 1733 1424 doctoribus
1760 1394 1906 1425 dominis
1926 1403 1994 1424 ma-

176 1454 290 1495 gistris
316 1452 448 1486 Cexare
475 1454 516 1485 de
543 1454 725 1492 Landulfis,
753 1455 897 1486 Iohanne
925 1454 1023 1487 Petro
1049 1456 1090 1486 de
1117 1454 1263 1493 Olredis,
1289 1458 1320 1486 et
1347 1455 1468 1486 Iacobo
1494 1455 1534 1487 de
1561 1454 1734 1487 Sarexana
1773 1456 1897 1487 bidello
1935 1465 1992 1497 ge—

176 1517 279 1548 nerali
306 1517 393 1548 dicte
420 1516 670 1555 Universitatis,
697 1517 772 1548 inde
800 1517 944 1548 testibus
971 1518 1058 1548 notis
1084 1519 1115 1549 et
1141 1518 1284 1549 idoneis.

941 1682 1237 1723 CCCLXIX

266 1791 294 1819 Il
318 1791 413 1818 Duca
437 1789 470 1818 di
494 1789 619 1818 Milano
644 1791 788 1819 concede
813 1791 878 1826 agli
915 1791 1126 1828 Agostiniani
1162 1791 1181 1820 1'
1196 1791 1463 1820 autorizzazione
1489 1791 1521 1819 di
1560 1791 1704 1820 affittare
1729 1791 1762 1820 in
1797 1796 1960 1828 perpetuo
1986 1792 1995 1819 i

178 1843 256 1872 beni
280 1843 313 1872 di
336 1845 534 1872 Parasacco.

837 1913 992 1945 1472,
1013 1921 1048 1938 ε)
1054 1916 1232 1946 gosto,
1253 1915 1342 1939 20.

749 2002 826 2025 (Aren.
844 2002 924 2022 Notat.
942 2002 963 2022 di
980 2001 1058 2022 navia<
1075 2013 1099 2015 —
1116 2002 1164 2022 Atti
1182 2002 1203 2022 di
1221 2002 1349 2023 Francesco
1365 2001 1438 2026 sisti).

418 2160 419 2174 l

261 2196 286 2294 ‹
352 2188 360 2297 ἱ
425 2205 541 2232 ALEAZ
568 2200 675 2232 Maria
701 2199 829 2233 Sforcia
856 2200 1064 2237 Vicecomes,
1092 2199 1169 2230 Dux
1196 2199 1392 2237 Mediolani,
1411 2201 1473 2230 etc.
1493 2198 1596 2239 Papie
1616 2198 1839 2241 Anglerieque
1858 2198 1994 2238 Comes,

417 2275 419 2295 l
446 2272 484 2295 ac
512 2263 611 2295 lanue
637 2265 668 2294 et
694 2261 860 2295 Cremone
885 2264 1054 2294 dominus.

535 2325 679 2367 Recepta
705 2326 961 2367 supplicacione
988 2326 1113 2357 tenoris
1139 2325 1341 2365 infrascripti
1370 2324 1549 2356 videlicet:

268 2386 495 2420 Illustrissime
521 2391 552 2420 et
578 2389 862 2421 excellentissime
889 2388 1061 2428 Princeps.

268 2448 400 2481 Habent
426 2451 527 2482 vestri
554 2451 742 2482 fidelissimi
781 2451 960 2482 servitores
998 2448 1191 2490 Capitulum
1230 2449 1372 2481 ecclesie
1412 2452 1443 2480 et
1484 2451 1671 2480 conventus
1704 2449 1848 2481 ecclesie
1883 2448 1994 2481 Sancti

179 2508 358 2550 Augustini
385 2512 531 2544 civitatis
558 2515 668 2544 vestre
694 2512 798 2553 Papie
826 2515 914 2544 certa
940 2513 1028 2543 bona
1070 2512 1253 2543 immobilia
1279 2512 1366 2543 dicte
1393 2511 1536 2543 ecclesie
1563 2512 1682 2551 partim
1709 2512 1850 2552 prativa,
1877 2513 1995 2552 partini

180 2571 356 2612 buschiva,
375 2576 493 2614 partim
513 2576 637 2607 cultiva
662 2578 693 2607 et
723 2576 841 2616 partim
860 2575 1004 2612 zerbida,
1024 2575 1164 2606 iacentia
1183 2575 1213 2605 in
1234 2574 1397 2605 territorio
1417 2573 1597 2605 Parasachi
1614 2574 1793 2605 Lomelline
1809 2572 1998 2606 Comitatus

180 2633 295 2675 Papie,
321 2638 439 2676 partim
465 2638 507 2669 ad
533 2639 645 2670 fictum
672 2638 772 2669 locari
799 2638 896 2669 solita
922 2638 963 2668 ad
990 2640 1122 2677 tempus
1148 2637 1293 2668 diversis
1327 2637 1492 2677 personis,
1526 2645 1591 2676 que
1625 2639 1657 2668 ut
1688 2636 1865 2677 plurimum
1892 2638 1998 2678 negli-

179 2700 296 2737 gentes
321 2701 353 2730 et
378 2700 569 2741 retrograde
588 2700 720 2732 fuerunt
734 2703 765 2732 et
783 2702 859 2731 suut
886 2700 916 2730 in
935 2699 1164 2730 satisfactione
1183 2699 1247 2730 ficti
1267 2700 1297 2729 et
1323 2699 1365 2730 ab
1383 2699 1431 2730 eis
1450 2699 1539 2739 exigi
1559 2707 1624 2729 non
1644 2699 1762 2739 potuit,
1785 2700 1847 2731 nisi
1877 2708 1996 2739 magna

180 2769 256 2792 cum
281 2761 488 2793 difficultate.
515 2762 553 2794 Et
578 2772 653 2794 cum
680 2763 867 2794 invenerint
895 2761 1073 2793 Iohannem
1101 2761 1241 2792 Mariam
1261 2760 1302 2792 de
1325 2758 1572 2792 Carnelevariis
1591 2761 1699 2792 civem
1718 2763 1749 2792 et
1777 2761 1996 2792 habitatorem

180 2821 294 2863 Papie‚
320 2824 376 2864 qui
402 2824 522 2856 obtulit
540 2826 730 2856 conducere
749 2825 838 2856 dicta
856 2825 954 2861 bona,
972 2823 1110 2855 aflictari
1131 2823 1228 2854 solita
1248 2824 1281 2853 ut
1299 2831 1402 2863 supra
1421 2832 1480 2863 pro
1499 2825 1591 2854 tanto
1606 2823 1683 2854 ficto
1709 2824 1740 2854 in
1759 2823 1996 2863 emphiteosim

181 2894 241 2925 pro
266 2888 391 2926 quanto
418 2887 581 2919 hactenus
606 2888 647 2919 ad
674 2890 809 2928 tempus
833 2887 972 2918 afflictari
999 2887 1248 2917 consueverunt
1263 2885 1372 2916 etalia
1399 2885 1487 2916 bona
1512 2894 1577 2925 que
1608 2895 1672 2917 non
1698 2885 1832 2917 fuerunt
1850 2885 1996 2917 atfictata

181 2956 241 2988 pro
266 2948 355 2980 iusto
381 2949 505 2989 preci0‚
531 2951 562 2981 et
586 2949 696 2981 facere
721 2958 823 2990 super
847 2949 896 2980 eis
923 2948 1181 2985 meliommenta,
1207 2947 1298 2987 quod
1331 2947 1415 2987 ipsis
1430 2945 1588 2988 Capitulo
1614 2949 1645 2979 et
1670 2945 1861 2979 Conventui
1900 2947 1995 2978 valde

181 3012 310 3052 gratum
325 3011 386 3042 fuit
404 3013 436 3043 et
453 3013 514 3050 est,
528 3021 603 3043 curn
620 3012 682 3043 hoc
701 3020 876 3043 cessurum
895 3011 937 3042 sit
954 3010 995 3042 ad
1011 3010 1200 3041 evidentem
1217 3009 1390 3041 utilitatem
1409 3009 1574 3041 dictorum
1590 3007 1738 3050 Capituli
1754 3011 1785 3041 et
1799 3008 1997 3041 Conventus

182 3074 214 3104 et
238 3072 405 3105 ecclesie:
432 3073 471 3105 Et
495 3074 575 3114 quia
600 3082 642 3105 ex
667 3073 773 3105 forma
798 3073 1007 3105 decretorum
1035 3073 1222 3103 vestrorum
1248 3071 1383 3112 disponi
1410 3071 1532 3103 dicitur
1556 3071 1646 3112 quod
1676 3071 1787 3102 nullus
1821 3071 1929 3111 possit
1954 3071 1995 3102 ad
