2347 3444
1910 170 1952 201 83

140 305 218 335 tunc
243 304 275 334 et
300 311 340 334 eo
365 311 447 334 casu
467 303 659 334 huiusmodi
679 303 823 343 legatum
842 302 983 342 eiusque
1002 302 1054 333 ius
1072 302 1103 333 et
1121 301 1309 333 comoditas
1328 301 1503 342 perveniat
1521 301 1552 332 in
1571 301 1749 333 ecclesiam
1769 303 1798 333 et
1822 301 1952 333 Fratres

141 366 256 397 sancte
283 364 456 396 Mustiolle
482 363 598 405 papie,
624 373 698 396 cum
725 373 824 396 onere
851 363 1000 404 predicto
1037 363 1170 394 dicendi
1196 371 1255 394 seu
1283 363 1428 394 faciendi
1454 363 1565 394 dicere
1593 371 1691 394 unam
1711 363 1952 394 missamomni

142 426 333 458 ebdomada
359 427 531 467 perpetuis
556 426 765 467 temporibus
791 426 822 457 in
848 426 937 457 dicta
962 425 1104 457 ecclesia
1129 427 1244 457 sancte
1270 424 1388 456 Marie.

962 608 1238 650 CCXXXI.

233 719 478 756 Disposizioni
502 718 769 747 testamentarie
795 718 829 747 di
847 719 1044 747 Accordino
1062 717 1188 747 Grassi
1207 726 1226 746 a
1244 717 1366 745 favore
1385 717 1441 745 del
1459 716 1640 745 Convento
1659 716 1693 745 di
1712 716 1746 745 S.
1767 716 1952 752 Agostino.

810 832 960 862 1448,
989 831 1186 863 ltu-3110,
1215 829 1288 855 1¹7.

696 919 773 943 (Ascli.
790 920 811 940 di
828 919 903 946 Statu,
920 920 1014 940 Μὶῐιιηο4
1031 931 1055 933 -
1072 919 1176 945 Pergam.
1193 919 1214 940 di
1231 918 1253 940 S.
1270 919 1400 944 Agostino).

160 1118 161 1154 ἶ
251 1104 299 1220 Ι
387 1122 410 1148 Ν
436 1116 581 1149 Civitate
618 1117 722 1158 Papie
749 1118 779 1149 in
810 1118 910 1149 domo
948 1119 1128 1156 testatoris,
1159 1118 1189 1148 in
1216 1116 1315 1148 Porta
1341 1116 1478 1154 Palacii,
1516 1117 1547 1147 in
1585 1115 1748 1148 Parochia
1786 1115 1817 1148 S.
1857 1116 1954 1147 Zeui:

159 1190 161 1214 1«
380 1182 381 1211 ὲ
410 1178 599 1210 Acordinus
625 1180 666 1210 de
691 1178 829 1211 Grassis
855 1180 943 1211 lilius
977 1180 1147 1220 quondam
1186 1179 1306 1217 Penni,
1343 1187 1440 1210 suum
1479 1179 1629 1210 ultimum
1667 1179 1817 1210 condens
1854 1180 1956 1210 testa—

159 1223 373 1280 ,ᾼΓΠῙᾉΨ
410 1244 568 1279 mentum,
602 1253 613 1265 «
639 1242 695 1273 dat
721 1244 751 1273 et
778 1242 863 1283 legat
890 1242 1033 1274 ecclesie
1060 1244 1089 1274 et
1115 1243 1294 1273 conventui
1322 1242 1427 1273 sancti
1455 1241 1634 1282 Augustini
1662 1242 1809 1273 civitatis
1850 1241 1954 1282 Papie

142 1305 173 1336 in
199 1314 264 1345 qua
290 1304 361 1335 vult
387 1313 511 1344 corpus
538 1313 634 1335 suum
662 1304 784 1335 debere
811 1304 956 1344 sepeliri,
994 1305 1117 1335 saclios
1153 1304 1303 1344 quinque
1328 1306 1359 1335 et
1384 1304 1558 1334 dimidium
1586 1304 1767 1344 papienses
1802 1303 1954 1335 turinenti

138 1376 212 1399 cum
239 1368 299 1398 liae
326 1366 518 1397 conditione
544 1366 634 1406 quod
672 1366 790 1397 fratres
827 1366 905 1397 dicti
944 1368 1131 1397 conventus
1169 1368 1343 1398 teneantur
1368 1368 1399 1397 et
1424 1366 1569 1397 debeant
1607 1365 1777 1397 celebrare
1805 1366 1834 1396 in
1864 1366 1952 1397 dicta

141 1429 283 1461 ecclesia
309 1428 456 1460 officium
484 1437 585 1459 unum
612 1428 786 1468 solempne
812 1437 871 1468 pro
898 1429 1007 1460 anima
1034 1429 1142 1468 ipsius
1168 1429 1336 1460 testatoris
1362 1437 1436 1460 cum
1472 1429 1574 1459 missa
1601 1428 1631 1459 iu
1659 1428 1793 1459 ineantu
1821 1428 1851 1458 in
1879 1437 1956 1468 sep-

140 1491 220 1523 timo
246 1491 324 1522 dicti
352 1491 530 1522 testatoris.
559 1490 597 1521 Et
624 1499 724 1521 unum
751 1490 841 1521 aliud
868 1490 1014 1522 officium
1042 1490 1215 1530 solempne
1242 1492 1276 1521 ut
1301 1500 1403 1531 supra
1430 1499 1490 1530 pro
1515 1491 1714 1522 treuteximo
1748 1499 1808 1530 pro
1845 1491 1976 1521 auima‘

144 1554 283 1594 predicti
309 1553 481 1584 testatoris
507 1561 544 1583 ae
571 1562 672 1583 unum
698 1552 788 1583 aliud
815 1552 965 1584 officium
993 1555 1026 1584 ut
1052 1562 1154 1593 supra
1181 1553 1355 1593 solempne
1382 1562 1442 1593 pro
1467 1553 1601 1584 amiuali
1622 1553 1730 1592 ipsius
1750 1553 1919 1584 testatoris
1938 1572 1948 1577 fv

143 1615 243 1647 dante
270 1617 380 1647 tamen
408 1616 509 1646 matre
537 1615 644 1655 ipsius
670 1615 840 1646 testatoris
866 1615 1109 1655 suprascriptis
1134 1615 1292 1646 fratribus
1317 1616 1348 1646 et
1374 1615 1552 1646 conventui
1587 1623 1694 1645 ceram
1732 1617 1954 1654 opportunam

143 1686 203 1718 pro
229 1677 328 1708 dictis
355 1677 474 1708 officiis
501 1677 724 1708 celebrandis,
752 1676 828 1708 ltem
855 1677 947 1708 dedit
965 1679 995 1708 et
1015 1676 1137 1717 legavit
1155 1686 1192 1708 ac
1211 1678 1267 1708 dat
1285 1679 1315 1708 et
1334 1677 1421 1717 legat
1439 1677 1668 1717 suprascripte
1688 1677 1830 1708 ecclesie
1850 1677 1955 1708 saneti

144 1739 324 1780 Augustini
350 1739 435 1770 alios
461 1739 584 1770 saclios
602 1738 751 1778 quinque
770 1740 801 1770 et
819 1738 993 1769 dimidium
1013 1739 1194 1779 papienses
1214 1739 1368 1771 furmenti
1387 1740 1519 1770 dandos
1538 1748 1597 1779 pro
1616 1740 1725 1770 anima
1740 1739 1909 1770 testatoris
1928 1753 1957 1769 >n

234 1802 404 1839 Notarius,
431 1801 496 1832 loli.
525 1801 667 1832 Iacobus
693 1801 734 1832 de
759 1800 868 1832 Noxis
895 1800 938 1841 fq.
966 1800 1006 1832 D.
1035 1801 1249 1833 Manfredini.

895 1975 1198 2016 CCXXXII.

235 2085 349 2112 Breve
375 2084 410 2112 di
436 2084 533 2120 Papa
570 2084 697 2112 Nicolo
723 2085 754 2112 V
780 2084 838 2112 all*
856 2085 994 2113 Abbate
1019 2085 1054 2112 di
1081 2085 1115 2112 S.
1142 2084 1261 2112 Pietro
1298 2084 1332 2112 in
1369 2084 1443 2112 Ciel
1469 2084 1501 2112 d'
1519 2093 1594 2119 oro,
1621 2085 1654 2112 al
1680 2084 1781 2120 quale
1808 2085 1838 2112 si
1864 2084 1958 2112 vieta

146 2137 178 2166 d'
196 2137 421 2174 incorporare
446 2137 539 2165 nella
566 2146 629 2165 sua
655 2137 833 2166 comunita
857 2138 905 2173 gli
931 2137 1125 2165 Eremitani
1151 2138 1187 2166 di
1213 2138 1248 2166 S.
1275 2138 1461 2173 Agostino.

804 2251 898 2275 144
905 2250 957 2280 8,
984 2252 1221 2282 utt0131·e‚
1249 2250 1301 2275 8.

708 2339 784 2362 (Arcu
802 2338 823 2359 di
839 2338 906 2359 Staio
922 2338 943 2358 di
960 2338 1054 2359 Milauo.
1071 2349 1096 2351 ᾈ
1112 2338 1175 2359 Bolle
1191 2344 1202 2359 e
1217 2338 1283 2359 Brevi
1303 2338 1398 2364 Papali).

395 2540 551 2568 ICOLAUS
576 2535 668 2577 Papa
694 2535 731 2568 V.

217 2523 340 2638 N
505 2597 633 2630 Dilecte
659 2599 715 2636 fili,
741 2598 881 2630 salutem
909 2600 939 2630 et
964 2598 1185 2638 apostolicam
1220 2598 1499 2630 benebictionem.
1515 2596 1758 2630 Concessimus
1777 2599 1834 2629 tibi
1855 2608 1961 2639 nuper

174 2696 377 2698 *jn—j
418 2669 478 2701 pro
504 2660 738 2692 reformatione
764 2661 809 2691 tui
837 2660 1034 2691 Nlonasterii
1061 2662 1091 2691 et
1117 2670 1177 2700 pro
1202 2661 1318 2692 divino
1344 2661 1434 2693 cultu
1469 2661 1592 2693 ibidem
1629 2662 1833 2693 celebrando
1860 2663 1893 2693 ut
1919 2662 1960 2692 de

151 2723 421 2763 quibuscumque
447 2722 712 2754 Mendicantium
739 2721 924 2754 Ordinibus
950 2723 1063 2762 possis
1089 2731 1261 2755 assumere
1286 2723 1464 2755 duodecim
1492 2724 1668 2765 religiosos
1695 2726 1792 2764 prout
1818 2725 1848 2755 in
1876 2724 1959 2764 ipsis

151 2785 268 2817 litteris
294 2785 427 2825 plenius
452 2786 650 2817 continetur.
678 2785 837 2817 Volentes
855 2785 954 2825 igitur
972 2787 1005 2816 ut
1023 2785 1113 2825 quod
1133 2786 1191 2816 tibi
1211 2794 1271 2826 pro
1289 2786 1334 2817 tui
1355 2785 1553 2817 Monasterii
1589 2786 1728 2818 utilitate
1751 2795 1951 2817 concessum

151 2849 202 2879 est
228 2848 259 2878 in
285 2847 375 2879 aliud
401 2848 598 2879 scandalum
625 2850 681 2879 aut
706 2847 925 2888 preludicium
951 2856 1016 2878 nou
1055 2847 1217 2878 redundet
1242 2856 1284 2879 ex
1318 2848 1417 2879 certis
1454 2848 1553 2879 bonis
1589 2848 1703 2880 causis
1728 2850 1759 2879 et
1785 2848 1959 2888 presertim

152 2918 192 2941 ne
219 2909 302 2941 inter
325 2911 356 2941 te
382 2911 412 2941 et
430 2908 590 2942 Ordinem
617 2910 857 2942 Heremitarum
876 2909 981 2941 sancti
1000 2908 1178 2949 Augustini
1197 2909 1309 2949 aliqua
1326 2909 1495 2941 dissensio
1513 2911 1569 2941 aut
1587 2910 1783 2941 scandalum
1803 2910 1959 2944 oriantur,

153 2971 310 3003 volumus
335 2973 366 3003 et
391 2973 504 3003 tenore
530 2972 735 3012 presentium
762 2972 960 3003 mandamus
986 2971 1044 3002 tibi
1072 2972 1105 3002 ut
1131 2970 1242 3002 nullos
1259 2971 1337 3003 dicti
1357 2970 1494 3003 Ordinis
1514 2971 1754 3003 Heremitarum
1783 2971 1959 3011 religiosos

154 3033 398 3073 cuiuscumque
424 3033 628 3066 conditionis
653 3034 801 3066 existant
827 3033 1030 3073 ubicumque
1055 3041 1180 3064 moram
1206 3033 1337 3065 trahant
1362 3033 1476 3074 vigore
1502 3033 1665 3065 dictarum
1692 3035 1878 3065 nostrarum
1910 3032 1961 3063 lit-
