2347 3444
315 211 380 243 306

1161 390 1315 430 DLX.

404 504 430 531 11
457 503 620 540 Capitolo
646 503 680 531 di
708 503 742 531 S.
771 502 880 530 Paulo
906 503 949 529 da
978 501 1188 528 investitura
1215 499 1249 527 di
1275 508 1341 527 una
1369 499 1474 534 vigna
1499 507 1625 534 presso
1652 499 1675 526 il
1702 498 1893 527 Convento.

978 605 1132 634 1—1ss)2.‘‚
1156 610 1375 633 111511·zo,
1403 604 1480 627 1-1.

814 694 882 716 (Art-li
910 693 989 713 Nufar.
1008 692 1029 712 di
1047 692 1125 712 Pavia.
1144 703 1167 705 -ῐ
1184 692 1232 712 Atti
1250 692 1271 712 di
1288 691 1401 712 Giovanni
1419 691 1496 712 pietro
1513 691 1614 712 lniodclli
1633 708 1636 711 ,

424 879 467 994 Ι
564 896 585 921 Ν
612 890 815 920 monasterio
842 889 946 919 sancti
975 887 1080 925 Pauli,
1096 887 1234 919 Ordinis
1254 887 1494 919 Heremitarum
1514 889 1618 919 sancti
1639 887 1816 929 Augustini
1837 888 1876 919 de
1895 886 2136 925 Observancia,

585 953 649 983 sito
677 960 780 992 prope
807 953 936 991 portam
963 952 1076 982 sancte
1104 950 1210 981 Marie
1236 951 1266 981 in
1295 949 1447 981 Perticlia
1474 949 1610 990 papie...
1635 948 1867 982 convocato...
1894 948 2053 990 Capitulo
2083 959 2138 982 su-

586 1015 761 1055 prascripti
801 1014 1027 1045 monasterii...
1054 1013 1094 1044 de
1132 1013 1323 1044 mandato...
1362 1012 1565 1044 venerabilis
1601 1012 1727 1043 domini
1765 1011 1876 1043 fratris
1912 1010 2059 1044 Cornelii
2096 1012 2137 1044 de

318 1079 432 1113 Biella,
460 1079 573 1109 vicarii
601 1077 820 1118 suprascripti
847 1079 1036 1107 conventus
1061 1079 1091 1107 et
1118 1076 1375 1107 locumtenentis
1401 1075 1527 1106 domini
1555 1074 1665 1106 fratris
1684 1075 1854 1106 Laurencii
1875 1075 1914 1105 de
1942 1074 2138 1106 Mediolano

319 1142 440 1181 prioris
457 1138 540 1179 (1)...
566 1140 751 1171 absentis...
777 1139 820 1170 ab
847 1139 921 1179 ipso
948 1137 1126 1170 Conventu
1154 1139 1258 1179 gratia
1286 1138 1570 1178 predicationis...
1597 1137 1627 1167 in
1654 1146 1721 1177 quo
1747 1137 1882 1177 quidem
1909 1137 2056 1177 capitulo
2081 1137 2140 1168 ad—

318 1203 483 1234 fuerunt...
511 1202 712 1242 infrascripti
741 1201 952 1232 venerabiles
978 1200 1107 1235 fratres,
1127 1201 1282 1231 videlicet
1308 1199 1407 1231 frater
1427 1199 1591 1230 lohannes
1611 1198 1729 1230 Petrus
1747 1199 1787 1230 de
1808 1198 1922 1239 Papia,
1946 1198 2043 1230 frater
2062 1198 2139 1230 Ber-

320 1266 481 1296 nardinus
507 1265 547 1295 de
574 1263 672 1301 Salis,
698 1263 798 1295 frater
824 1262 1014 1295 Germanus
1040 1263 1080 1294 de
1108 1263 1316 1298 Mediolano,
1341 1262 1440 1293 frater
1469 1260 1592 1294 Celsus
1618 1261 1658 1292 de
1678 1260 1792 1302 Papia,
1811 1261 1910 1292 frater
1929 1261 2139 1293 Vallerianus

319 1328 359 1358 de
387 1327 595 1361 Mediolano,
621 1326 720 1357 frater
747 1325 910 1357 Paulinus
937 1326 976 1356 de
1004 1325 1115 1362 lanua,
1141 1325 1240 1356 frater
1266 1324 1504 1356 Tliomaxinus
1530 1324 1570 1355 de
1596 1324 1766 1361 Vercellis
1803 1323 1902 1355 frater
1940 1323 2140 1355 Alexandri-

321 1398 384 1420 nus
410 1390 450 1421 dc
477 1389 694 1426 Alexandria,
721 1388 820 1419 frater
846 1388 982 1419 Marcus
1009 1388 1049 1419 de
1076 1387 1196 1425 Axola,
1233 1387 1333 1418 frater
1358 1386 1604 1419 Constantinus
1641 1386 1681 1417 de
1708 1386 1764 1423 Lu,
1801 1386 1900 1417 frater
1937 1385 2140 1417 Benedictus

320 1453 360 1483 dc
389 1452 585 1483 Mediolano
610 1449 671 1490 (2),
697 1450 797 1482 frater
823 1450 1001 1481 Teodorus
1027 1450 1067 1481 de
1095 1449 1210 1490 Papia,
1236 1449 1335 1481 frater
1362 1449 1563 1480 Fortunatus
1590 1449 1630 1480 de
1657 1448 1805 1489 Bugella,
1843 1448 1942 1479 frater
1969 1447 2140 1489 Eugenius

323 1515 363 1545 de
391 1513 506 1554 Papia,
533 1513 632 1545 frater
659 1513 824 1544 lohannes
850 1512 966 1543 Bonus
993 1512 1033 1543 de
1059 1511 1219 1549 Taurino,
1256 1511 1356 1542 frater
1382 1511 1580 1542 Franciscus
1605 1511 1645 1542 de
1672 1509 1844 1542 Saviliano
1882 1513 1912 1541 et
1949 1510 2048 1541 frater
2078 1509 2142 1541 Βο-

322 1580 505 1608 naventura
533 1576 573 1607 de
600 1575 765 1613 Trivillio,
802 1584 920 1606 omnes
946 1574 1064 1606 fratres
1091 1574 1234 1615 professi
1273 1574 1350 1605 dicti
1393 1573 1597 1610 monasterii,
1623 1573 1816 1604 facientes...
1844 1573 1920 1613 plus
1946 1581 2045 1612 quam
2076 1575 2142 1603 tres

323 1642 434 1679 partes
460 1648 500 1669 ex
529 1640 672 1678 quatuor
699 1638 918 1678 suprascripti
947 1637 1151 1673 monasterii,
1177 1636 1286 1668 donno
1312 1637 1501 1667 investitura
1523 1637 1680 1676 perpetua
1706 1644 1726 1666 a
1754 1634 1914 1667 Giclcomo
1946 1634 1985 1666 cie
2011 1633 2141 1667 Solaria

322 1702 357 1733 di
379 1710 444 1732 [mo
472 1702 570 1740 vigno
595 1701 629 1732 di
650 1700 793 1741 pertIche
817 1709 899 1731 nove
925 1709 1030 1740 prope
1055 1699 1231 1731 ecclesiam
1259 1699 1363 1730 sancti
1391 1697 1498 1730 Pauli.

1145 1883 1325 1922 DLXI.

411 1993 640 2030 Disposizioni
665 1993 922 2022 testamentarie
947 1993 1000 2021 del
1025 1992 1100 2021 nob.
1127 1992 1293 2021 Giovanni
1316 1993 1453 2021 Stefano
1478 1991 1570 2020 Ricci
1594 2001 1613 2020 a
1638 1992 1751 2020 favore
1776 1991 1809 2020 di
1833 1991 1865 2020 S.
1891 1991 2007 2020 Paolo.

986 2116 1148 2145 1492,
1178 2115 1388 2147 2112151e,
1422 2115 1473 2140 7.

847 2214 925 2237 (Arch.
943 2214 1023 2234 Notar.
1040 2214 1062 2234 di
1080 2213 1150 2234 Pavia
1167 2224 1190 2227 —
1207 2214 1254 2234 Atti
1272 2213 1293 2234 di
1310 2213 1366 2234 Gian
1383 2213 1495 2234 Giaconio
1511 2213 1641 2236 Canevari).

394 2396 516 2513 N
573 2416 661 2442 ELLA
687 2420 767 2442 cosa
793 2410 846 2442 del
868 2411 1002 2447 notaio,
1040 2411 1071 2442 ill
1104 2409 1303 2442 Porrocclzio
1329 2410 1364 2441 di
1395 2409 1426 2441 S.
1465 2409 1564 2440 Zeno.
1607 2409 1814 2440 Testamenta
1851 2408 1936 2440 dello
1972 2408 2145 2449 spettobile

596 2472 763 2505 Giovonm'
787 2472 924 2513 Stesono
950 2472 1061 2507 Ricci,
1100 2472 1153 2504 ciel
1182 2472 1223 2513 fn
1249 2472 1455 2504 chlorissimo
1490 2472 1739 2511 gittreconsulto
1767 2480 1783 2502 e
1806 2471 1924 2503 (locale
1963 2473 2090 2502 oratore
2126 2480 2143 2502 e

593 2534 786 2573 consigliere
814 2533 900 2566 Gran
928 2533 1108 2569 Olocomo,
1143 2534 1301 2566 clttoo'iszo
1327 2534 1361 2565 cli
1384 2534 1491 2565 Povt‘o
1515 2532 1574 2573 (3),
1609 2534 1661 2565 col
1683 2534 1780 2574 quale
1807 2534 1893 2575 legat
1918 2534 2058 2565 ecclesie
2083 2542 2141 2565 seu

328 2597 486 2628 fratribus
513 2597 617 2628 sancti
647 2596 739 2627 Pauli
766 2598 859 2627 extra
887 2597 994 2627 menia
1022 2596 1147 2636 Papie,
1186 2597 1216 2627 in
1259 2597 1448 2627 subsidium
1483 2597 1744 2628 constructionis
1781 2597 1930 2637 capelle,
1966 2597 2143 2628 existentis

330 2668 434 2699 prope
461 2659 562 2689 altare
590 2668 746 2698 magnum
774 2659 878 2689 sancti
908 2658 1023 2695 Pauli,
1051 2659 1153 2690 libras
1178 2661 1309 2690 centum
1337 2659 1527 2699 imperiales
1554 2659 1583 2689 in
1612 2667 1675 2689 una
1703 2662 1816 2699 parte,
1846 2662 1877 2690 et
1903 2659 1933 2690 in
1960 2659 2024 2690 alia
2050 2660 2142 2699 parte

329 2722 384 2752 dat
410 2724 440 2752 et
467 2721 563 2761 legat,
590 2723 623 2751 ut
650 2729 761 2760 supra,
788 2721 874 2752 dicte
899 2721 1038 2752 ecclesie
1064 2730 1122 2752 seu
1150 2721 1353 2751 monasterio
1382 2721 1529 2751 florenos
1566 2721 1743 2752 ducentum
1783 2723 1912 2752 monete
1947 2721 2142 2758 Mediolani,

385 2878 402 2898 (1
435 2878 501 2898 Frate
519 2877 621 2897 Lorenzo
637 2877 665 2896 da
682 2876 769 2896 Milano
785 2877 796 2896 ὸ
813 2876 826 2896 il
843 2877 951 2901 religioso
967 2877 1008 2897 elic
1031 2877 1066 2896 nel
1094 2877 1142 2897 1517
1159 2882 1208 2902 prc-
1263 2876 1375 2897 Generale
1391 2876 1426 2897 dei
1443 2876 1555 2898 Conventi
1573 2877 1594 2897 d'
1605 2877 1668 2897 ltalia
1685 2878 1862 2903 perintrodurvi
1879 2884 1890 2899 e
1906 2879 2054 2899 cunservarvi
2070 2879 2090 2899 la
2107 2883 2139 2899 re-

333 2922 432 2941 siedcttc
449 2922 461 2941 il
478 2921 586 2946 Capitolo
604 2921 663 2941 della
687 2920 876 2945 congregazione
901 2920 1044 2944 Louibarda,
1070 2921 1208 2941 celebratosi
1265 2921 1343 2945 gulare
1359 2927 1499 2941 osservanza
1525 2922 1581 2942 vadi
1598 2922 1632 2942 uel
1649 2922 1789 2943 documento
1805 2923 1840 2943 dcl
1856 2924 1878 2943 31
1897 2924 1990 2944 ottulire
2004 2924 2052 2944 149⁴
2077 2924 2139 2943 l'ani-

333 2966 354 2985 iii
370 2965 491 2989 Cremona,
509 2966 542 2986 nel
559 2965 627 2990 qllale
643 2965 686 2989 egli
703 2966 780 2984 stesso
796 2963 818 2984 lu
835 2964 1132 2985 clem-1vicanoocucralc
1153 2965 1208 2985 Vedi
1267 2966 1371 2991 piissimo
1387 2966 1462 2991 elogio
1479 2967 1519 2986 clue
1535 2966 1555 2987 fa
1572 2967 1593 2987 di
1610 2967 1639 2987 lui
1656 2967 1668 2987 il
1686 2967 1789 2988 Coruum*
1805 2968 1826 2988 ‹li
1844 2968 1928 2993 Paria,
1951 2969 2103 2990 scrivendone
2118 2970 2138 2990 al

335 3009 449 3035 Tomilssl,
466 3010 510 3030 vol,
528 3010 584 3033 Vlll,
601 3014 653 3035 pag.
670 3009 702 3029 45.
1264 3010 1376 3031 Gciicrale
1391 3010 1449 3031 frate
1466 3011 1574 3031 Anscliuo
1590 3012 1617 3032 da
1635 3012 1784 3033 Moiitclalco,

388 3054 408 3075 (2
434 3048 449 3074 13
465 3054 478 3073 il
496 3053 619 3077 Religioso,
635 3053 656 3073 di
673 3053 708 3073 cui
725 3053 738 3072 il
755 3052 870 3078 ΤΟΗΙΞΙᾸᾸ,
886 3053 932 3078 Vll,
948 3054 994 3078 500,
1011 3053 1112 3074 ritcrisce
1128 3060 1206 3075 essere
1314 3055 1335 3077 (3
1363 3055 1420 3075 (ii-'iu
1436 3055 1547 3076 Giaconio
1564 3055 1631 3081 Ricci‚
1648 3057 1719 3082 padre
1735 3057 1770 3077 del
1787 3059 1908 3083 testatore,
1931 3057 1953 3078 fu
1970 3057 2102 3083 professore
2117 3058 2138 3078 di

335 3101 397 3118 <1:110
414 3099 448 3118 nc1
467 3098 515 3118 14¹5?
531 3102 661 3123 compagini
677 3097 698 3116 nli
715 3096 773 3117 frate
790 3096 861 3117 Panlo
873 3097 992 3118 Zabarella
1005 3098 1072 3123 quale
1085 3098 1211 3119 visitatore
1267 3099 1346 3120 diritto
1362 3100 1473 3120 canonico
1496 3100 1681 3122 neirUniversiia
1705 3101 1726 3121 di
1750 3101 1819 3122 Pax-ia
1839 3102 1875 3122 dal
1894 3102 1944 3122 1429
1957 3102 1978 3123 al
1997 3103 2052 3123 1⁴57,
2071 3103 2101 3123 Fu
2117 3108 2139 3123 a·
