2347 3444
1883 165 1921 191 57

113 301 286 340 assignare
324 300 437 331 turrim
475 308 569 330 suam
608 307 762 339 magnam
801 297 1075 338 propinquiorem
1116 296 1178 336 ipsi
1217 296 1358 327 ecclesie
1397 298 1427 326 et
1465 295 1593 335 capelle
1634 297 1859 327 construemle
1888 300 1918 327 ut

113 371 215 402 supra
232 360 293 401 (1),
319 370 394 393 cum
421 361 600 392 liedift'iciis
626 370 740 392 secum
767 359 957 391 tenentibus
982 359 1024 390 ab
1050 358 1186 399 angullo
1223 358 1309 389 dicte
1348 358 1447 389 turris
1472 366 1490 388 a
1517 361 1609 397 parte
1644 358 1789 388 meridiei
1819 359 1922 389 inclu-

111 425 195 461 sive,
221 424 334 455 eundo
361 431 480 454 versus
507 432 602 454 mane
630 431 738 462 usque
764 422 805 453 ad
833 424 940 453 ortum
967 421 1102 452 fratrum
1130 420 1356 460 predictorum
1385 429 1443 459 per
1469 423 1590 450 rectam
1619 420 1749 457 lineam,
1777 429 1835 459 pro
1856 430 1920 450 uno

113 485 304 525 campanilli
347 487 377 516 et
402 484 577 524 campanis
614 484 700 515 dicte
737 484 879 515 ecclesie
915 484 1028 514 sancte
1056 482 1238 513 Mustiolle.
1265 480 1350 513 Cum
1379 482 1440 512 lioc
1467 482 1556 520 quod
1586 481 1668 511 intra
1694 482 1781 512 duos
1815 491 1922 512 annos

112 548 264 587 proxime
291 547 432 584 futuros,
459 546 522 586 ipsi
550 545 667 577 fratres
693 549 723 577 et
750 544 947 578 Conventus
985 545 1117 575 nomine
1143 546 1173 575 et
1199 544 1361 583 expensis
1398 544 1485 574 dicte
1523 543 1665 574 ecclesie
1703 544 1853 583 coperire
1892 546 1921 574 et

113 609 258 649 ategiare
285 609 430 640 debeant
455 607 576 647 cuppis
602 608 642 638 ad
669 608 808 647 duplum
837 608 920 639 bene
947 608 977 638 et
1002 606 1208 638 sufficienter
1233 605 1373 636 eandem
1401 605 1513 636 turrim
1541 605 1581 635 ad
1610 605 1826 645 paviglonum
1847 615 1920 636 cum

113 671 270 702 cauteriis
296 670 525 711 tempiallibus
551 672 580 700 et
607 670 846 710 lignaminibus
884 669 1086 701 necessariis
1111 670 1142 699 et
1167 668 1242 699 aliis
1279 668 1437 698 omnibus
1475 667 1676 707 opportunis
1703 676 1761 707 per
1787 668 1921 698 modum

113 733 203 772 quod
242 734 404 764 tectamen
443 733 552 772 ipsum
591 731 675 763 bene
702 734 764 763 stet
790 734 974 772 copertum,
994 733 1027 762 ut
1045 739 1157 771 supra,
1176 732 1207 762 et
1233 730 1355 761 factum
1382 730 1423 760 ad
1451 729 1668 770 paviglonum
1703 739 1761 769 per
1787 730 1921 760 modum

113 795 203 835 quod
230 796 442 826 transeuntes
469 794 544 824 liinc
570 794 646 825 inde
674 803 732 833 per
757 796 892 825 stratam
919 796 950 825 et
976 802 1080 833 prope
1106 793 1219 824 turrim
1247 792 1431 832 predictam
1459 801 1523 822 non
1544 792 1695 823 ledantur
1715 793 1745 822 in
1766 793 1922 831 personis

112 859 143 888 et
169 857 267 888 bonis
292 856 374 893 suis,
400 856 460 887 sed
487 855 577 886 illexi
604 858 797 887 remaneant
816 858 970 896 respectu
990 856 1088 886 turris
1107 855 1254 895 predicte
1273 863 1311 885 ac
1330 854 1557 885 ciclioniarum
1577 856 1608 885 et
1626 854 1738 885 avium
1759 855 1921 885 stancium

112 920 143 950 et
170 918 397 950 habitancium
435 926 538 957 super
574 918 663 949 dicta
702 919 779 948 turri
799 915 858 957 (2),
886 920 915 949 et
942 926 1013 949 eam
1040 918 1088 949 sic
1115 917 1301 948 ordinatam
1330 918 1544 948 manutenere
1572 925 1631 956 per
1656 918 1805 947 eternum
1833 919 1863 947 et
1890 917 1920 946 in

113 981 275 1011 infinitum
301 982 484 1011 teneantur.
512 979 549 1011 Et
576 980 665 1020 quod
692 980 814 1011 dictam
841 980 977 1011 domum
997 989 1072 1011 cum
1092 979 1269 1011 liedift'iciis
1295 988 1360 1010 non
1387 979 1520 1019 possint
1547 979 1692 1009 vendere
1712 988 1770 1009 nec
1791 987 1923 1018 permu-

112 1044 191 1080 tare,
217 1044 247 1073 et
273 1042 300 1073 si
327 1042 538 1082 pervenerint
564 1042 605 1073 ad
632 1044 742 1073 actum
770 1043 981 1073 vendicionis
1007 1044 1036 1074 et
1063 1042 1336 1082 permutacionis,
1363 1042 1438 1081 ipso
1464 1041 1532 1072 iure
1558 1044 1588 1072 et
1614 1041 1702 1072 tacto
1729 1050 1794 1071 non
1815 1041 1923 1072 valeat

114 1104 270 1136 vendicio
274 1129 336 1135 ......
356 1113 423 1145 quo
443 1104 610 1135 mediante
628 1104 716 1135 dicta
735 1104 864 1144 capella
870 1130 931 1135 ......
959 1104 1148 1142 lieditticiis,
1168 1104 1264 1135 salvo
1283 1103 1372 1144 quod
1392 1103 1419 1134 si
1439 1103 1627 1134 necessitas
1654 1103 1805 1134 imineret
1831 1103 1921 1142 quod

111 1166 200 1197 dicta
226 1166 370 1197 ecclesia
396 1166 600 1206 alargeretur
625 1168 656 1197 et
682 1166 822 1206 proinde
847 1167 935 1197 dicta
961 1166 1082 1197 domus
1087 1191 1159 1197 .......
1186 1166 1275 1206 quod
1303 1168 1380 1196 tunc
1406 1166 1437 1196 id
1466 1165 1560 1196 liceat
1597 1165 1688 1196 dicto
1722 1163 1923 1201 Conventui,

110 1228 189 1259 dum
195 1253 255 1259 ......
275 1230 305 1259 et
323 1228 535 1259 securitatem
562 1228 708 1259 debitam
728 1227 829 1259 faciat
855 1228 919 1258 illis
945 1228 986 1259 de
1013 1226 1224 1259 Sclaft'enatis
1250 1237 1310 1267 pro
1329 1227 1576 1258 manutenendo
1605 1227 1728 1258 dictam
1759 1227 1922 1266 capellam

112 1292 143 1321 et
170 1290 321 1330 predicta
347 1290 575 1325 observando,
601 1292 657 1320 aut
683 1290 724 1321 de
749 1290 818 1321 fieri
846 1290 1002 1321 faciendo
1041 1299 1138 1321 unam
1177 1289 1319 1321 similem
1358 1289 1519 1329 capellam
1548 1289 1577 1320 in
1606 1289 1680 1320 loco
1706 1289 1863 1320 eminenti
1892 1289 1921 1319 in

117 1352 206 1384 dicta
232 1353 374 1384 ecclesia
401 1355 432 1383 et
458 1353 498 1383 de
525 1353 686 1392 predictis
724 1353 859 1392 penitus
896 1353 1121 1383 observandis
1147 1355 1177 1383 et
1205 1361 1269 1383 non
1307 1352 1401 1383 aliter
1405 1377 1466 1382 ......
1506 1352 1596 1391 quod
1634 1351 1751 1382 tratres
1777 1353 1808 1382 et
1834 1349 1924 1382 Con-

115 1417 236 1446 ventus
261 1415 349 1446 dicte
374 1414 518 1446 ecclesie
544 1417 575 1446 et
601 1423 800 1446 sucessores
826 1423 950 1451 eorum,
977 1416 1032 1445 aut
1058 1414 1180 1454 aliquis
1208 1423 1267 1454 pro
1293 1415 1352 1451 eis,
1379 1423 1437 1445 seu
1464 1414 1511 1445 eis
1531 1414 1768 1450 mediantibus,
1796 1413 1921 1453 aliquid

112 1475 219 1507 facere
224 1502 285 1507 ......
312 1476 363 1507 vel
391 1477 579 1516 permittere
604 1485 646 1507 ex
673 1486 740 1516 quo
766 1485 825 1507 seu
853 1478 989 1516 propter
1014 1476 1117 1516 quod,
1143 1485 1202 1507 seu
1229 1485 1296 1516 quo
1323 1476 1488 1507 mediante
1527 1476 1690 1507 habeatur
1722 1477 1922 1515 perspectus

114 1547 172 1569 seu
199 1539 267 1569 aier
293 1538 498 1578 percipiatur
523 1547 582 1569 seu
610 1539 737 1578 percipi
764 1541 794 1569 et
820 1538 934 1569 haberi
972 1538 1081 1578 possit
1106 1547 1124 1569 a
1150 1540 1243 1578 parte
1281 1546 1400 1569 versus
1438 1538 1608 1569 meridiem
1647 1539 1677 1568 et
1715 1546 1833 1568 versus
1860 1537 1923 1568 alia

116 1600 269 1631 hedificia
306 1601 385 1631 dicti
423 1600 548 1631 domini
588 1600 767 1641 Augustini
794 1602 825 1631 et
851 1600 944 1631 aliter
980 1600 1140 1640 predicta,
1168 1602 1201 1631 ut
1227 1602 1441 1640 protestatur,
1478 1599 1587 1630 tacere
1625 1608 1689 1629 non
1728 1599 1868 1630 intendit
1894 1601 1924 1630 et

115 1662 264 1693 facturus
302 1671 366 1693 non
405 1662 533 1694 fuisset.
573 1662 649 1693 ltem
687 1663 777 1702 quod
816 1662 1067 1703 gaudimenturn
1110 1662 1258 1702 predicte
1284 1662 1373 1692 dotis
1400 1662 1520 1692 habeat
1558 1661 1706 1698 inicium,
1744 1661 1924 1700 ipsumque

114 1725 288 1764 percipere
327 1725 435 1765 possit
472 1725 583 1756 dictus
620 1726 819 1758 conventus,
857 1725 948 1756 finita
986 1724 1163 1755 medietate
1200 1724 1278 1755 dicti
1305 1724 1418 1763 operis
1444 1724 1475 1754 et
1502 1732 1566 1754 non
1592 1725 1689 1754 ante:
1717 1724 1747 1754 et
1773 1723 1923 1754 similiter

114 1787 188 1827 ipsa
213 1787 277 1818 dos
303 1787 412 1818 locum
451 1796 515 1817 non
554 1787 686 1824 habeat,
724 1796 783 1818 nec
822 1787 969 1818 validum
1007 1788 1234 1826 consequatur
1270 1786 1436 1823 effectum,
1463 1785 1531 1816 nixi
1558 1785 1659 1816 finitis
1697 1785 1868 1825 predictis,
1895 1787 1925 1816 et

113 1849 218 1886 aliter,
246 1850 280 1880 ut
305 1850 519 1889 protestatur,
545 1858 582 1880 ea
608 1848 716 1880 facere
743 1858 809 1880 non
836 1849 987 1880 intendit.

201 1909 313 1948 Quare
340 1920 414 1942 cum
442 1912 514 1951 ipse
539 1911 697 1942 dominus
723 1910 818 1942 Prior
843 1911 1055 1942 conscideret
1092 1910 1181 1950 quod
1209 1910 1236 1941 si
1262 1909 1352 1941 dicta
1377 1909 1432 1940 fiet
1458 1909 1598 1949 capella,
1636 1908 1782 1940 maxima
1808 1910 1839 1939 et
1865 1909 1924 1938 im-

113 1981 228 2004 mensa
255 1973 311 2004 fiet
335 1973 523 2004 comoditas
549 1975 579 2004 et
605 1973 819 2013 apertissima
857 1973 982 2004 utilitas
1019 1973 1106 2004 dicte
1144 1972 1288 2003 ecclesie
1314 1974 1345 2002 et
1370 1971 1562 2007 conventui,
1601 1971 1743 2011 ipsaque
1780 1970 1924 2001 ecclesia

119 2034 257 2065 multum
284 2035 497 2075 prosperabit
523 2044 564 2066 ex
592 2035 665 2075 ipsa
691 2035 831 2075 capella,
858 2037 889 2066 et
914 2035 1005 2075 quod
1033 2035 1105 2074 ipse
1131 2034 1289 2065 dominus
1315 2032 1409 2064 Prior
1434 2033 1615 2064 consulluit
1642 2033 1834 2073 periciores,
1861 2041 1924 2063 una

113 2105 186 2127 cum
213 2096 362 2136 prefacto
388 2097 525 2128 domino
550 2098 711 2138 magistro
737 2096 875 2128 Alberto
900 2099 931 2128 et
958 2097 1062 2128 voluit
1088 2096 1322 2128 consciderare
1348 2105 1421 2126 cum
1441 2096 1500 2132 eis,
1520 2095 1546 2126 si
1566 2095 1652 2126 dicte
1672 2095 1813 2135 pecunie
1832 2096 1927 2126 erunt

116 2158 324 2190 sufficientes
350 2168 410 2199 pro
436 2159 597 2200 predictis
634 2159 879 2200 adimplendis
917 2162 1046 2191 etcum
1074 2158 1243 2199 prefactus
1281 2158 1438 2189 dominus
1475 2156 1688 2198 Augustinus
1722 2157 1764 2188 sit
1789 2157 1830 2188 de
1868 2166 1927 2187 no-

115 2220 183 2252 billi
209 2230 329 2262 genere
355 2222 386 2252 et
412 2221 511 2252 homo
538 2221 718 2259 notabiliis,
745 2230 783 2253 ac
809 2222 900 2261 quod
940 2222 1013 2261 ipsa
1050 2221 1195 2252 ecclesia
1223 2219 1429 2251 dillatabitur
1454 2228 1495 2250 ex
1522 2219 1596 2259 ipsa
1622 2219 1763 2259 capella,
1790 2219 1871 2258 petit
1895 2220 1926 2250 et

116 2283 251 2322 requirit
290 2283 332 2315 ab
371 2284 455 2324 ipsis
491 2283 637 2315 dominis
675 2283 909 2321 Provincialle,
946 2283 1106 2323 magistro
1133 2282 1281 2319 Alberto,
1320 2282 1506 2321 ceterisque
1543 2281 1584 2312 de
1621 2281 1710 2312 dicto
1747 2282 1926 2317 conventu,

116 2347 282 2385 quatenus
307 2345 491 2377 deliberare
518 2346 621 2377 velint
647 2347 673 2377 si
701 2346 851 2386 predicta
889 2355 953 2386 que
991 2345 1204 2385 requiruntur
1240 2353 1299 2384 per
1336 2343 1521 2384 predictum
1558 2343 1729 2374 dominum
1767 2342 1928 2383 Augusti-

117 2415 194 2438 num
220 2407 375 2439 videntur
400 2408 504 2440 utillia
542 2418 602 2448 pro
627 2408 716 2440 dicto
749 2410 915 2439 conventu
921 2433 1004 2439 ........
1031 2409 1062 2439 et
1087 2407 1261 2438 observari
1291 2406 1414 2437 debent
1441 2406 1485 2436 uti
1513 2405 1690 2445 requiritur
1693 2430 1777 2436 ........
1808 2405 1927 2436 cedent

116 2469 158 2500 ad
184 2469 362 2501 comodum
389 2471 439 2502 vel
466 2471 680 2502 incomodum
686 2496 769 2501 ........
796 2472 828 2502 et
853 2470 1006 2507 ecclesie,
1036 2469 1161 2509 quibus
1187 2469 1234 2500 sic
1262 2468 1413 2509 probatis
1443 2476 1501 2507 per
1530 2468 1639 2507 ipsum
1666 2467 1837 2498 dominum
1843 2492 1926 2498 ........

116 2531 239 2563 auditis
265 2541 322 2572 per
347 2532 441 2573 ipsos
466 2533 623 2564 dominos
648 2532 918 2570 Provinciallern,
945 2533 1139 2573 magistrum
1145 2556 1228 2562 ........
1255 2531 1319 2571 ipsi
1338 2530 1464 2561 domini
1491 2528 1738 2567 Provinciallis,
1764 2529 1928 2570 Magister

116 2594 148 2624 et
173 2592 302 2625 Fratres
327 2602 364 2625 se
389 2594 633 2635 aliquantisper
657 2603 675 2626 a
702 2594 852 2635 prefacto
878 2594 1014 2625 domino
1040 2593 1154 2624 Priore
1181 2594 1412 2624 retrasserunt.
1440 2591 1479 2623 Et
1505 2592 1637 2623 tandem
1657 2600 1760 2631 super
1778 2591 1862 2631 ipsis
1880 2593 1928 2622 ta-

116 2654 189 2686 liter
213 2655 373 2695 probatis,
398 2665 437 2688 ac
463 2657 572 2697 pactis
597 2659 628 2688 et
653 2657 955 2693 convencionibus,
983 2655 1337 2696 requisicionibusque
1364 2654 1441 2685 dicti
1469 2654 1595 2685 domini
1623 2652 1818 2694 Augustini,
1845 2653 1928 2684 inter

117 2725 192 2748 sese
217 2717 311 2758 ipsos
348 2718 462 2750 habito
498 2719 667 2759 coloquio,
705 2719 884 2759 plurimum
923 2718 1200 2750 consciderantes
1236 2725 1275 2748 ea
1312 2716 1434 2754 omnia,
1461 2716 1488 2747 si
1514 2716 1639 2753 fierent,
1677 2724 1831 2756 magnam
1858 2715 1927 2746 tore

117 2779 244 2810 alatura
269 2781 301 2811 et
325 2780 500 2812 evidentes
526 2781 699 2813 utilitatem
725 2783 757 2813 et
782 2781 962 2813 comodum
981 2781 1071 2812 dicto
1090 2780 1270 2812 conventui
1290 2781 1321 2811 et
1339 2779 1491 2816 ecclesie,
1511 2780 1727 2810 accesserunt
1752 2778 1793 2809 ad
1814 2778 1923 2817 ipsum

174 2918 203 2942 (l)
250 2918 270 2939 la
286 2919 375 2940 celebre
391 2921 452 2941 torre
467 2920 489 2941 di
505 2920 527 2941 S.
544 2920 663 2945 Mostiola,
686 2922 726 2942 elie
743 2927 783 2947 per
798 2921 817 2941 la
833 2926 875 2941 sua
899 2921 993 2941 meravi
1100 2920 1130 2943 (2)
1146 2919 1175 2940 Le
1190 2919 1292 2944 cicogne,
1317 2919 1358 2939 che
1373 2919 1391 2939 si
1408 2920 1505 2939 trovano
1524 2918 1638 2938 ricordate
1656 2917 1838 2938 dall'ANoNuuo
1864 2917 1924 2937 Tic!-

120 2962 193 2987 gliosa
208 2963 297 2984 auezza
313 2963 415 2985 lormava
431 2970 475 2985 una
487 2965 545 2986 delle
561 2966 661 2986 notevoli
687 2965 844 2991 particolarita
866 2965 887 2985 di
911 2964 988 2985 Pavia.
1045 2967 1113 2989 NESE,
1129 2965 1172 2984 loc.
1189 2964 1227 2984 cit*
1244 2963 1287 2984 col.
1304 2963 1337 2988 21,
1353 2963 1470 2983 durarono
1485 2963 1506 2983 in
1525 2962 1594 2983 Pavia
1610 2962 1661 2983 sino
1676 2962 1696 2982 al
1713 2962 1790 2982 secolo
1807 2962 1862 2982 XVI.
1876 2961 1921 2982 Cirv

124 3005 139 3026 ll
154 3008 233 3027 nostro
248 3007 387 3029 documento
429 3010 495 3030 tanto
511 3009 548 3035 pus
565 3010 705 3036 importante
721 3010 803 3035 perche
838 3010 851 3030 il
863 3009 900 3035 piu
917 3009 993 3029 antico
1050 3009 1194 3033 MURATOffl,
1210 3008 1324 3034 Antiqnit.
1342 3008 1395 3028 Ital.
1411 3007 1484 3028 Medii
1500 3007 1562 3032 Aevi,
1579 3007 1623 3027 vol.
1642 3006 1666 3030 ll,
1683 3006 1725 3027 col.
1744 3006 1789 3027 304.

123 3055 224 3072 accenno
239 3051 261 3072 di
278 3054 360 3077 questa
377 3054 446 3074 torre.
