2347 3444
276 192 336 224 170

998 370 1357 413 CCCLXVIII.

363 484 500 512 Laurea
526 483 560 511 in
584 483 738 518 teologia
764 480 1085 516 dell'Agostiniano
1112 479 1200 507 frate
1226 478 1419 514 Ambrogio
1445 478 1622 507 Pusterla.

932 592 1084 621 1472,
1116 592 1312 623 [eng-lio,
1342 592 1432 616 215.

823 682 898 702 (Arcti.
917 681 995 701 Notar.
1013 681 1034 700 di
1052 680 1129 700 Paria.
1148 691 1170 693 —
1188 680 1234 700 Atti
1252 680 1273 700 di
1291 679 1368 700 pietro
1385 680 1535 703 Monihreto).

442 868 472 961 T
527 884 686 911 NlVliRSlS
712 882 742 910 et
769 878 912 919 singulis
950 881 1124 918 presentes
1163 878 1367 917 inspecturis
1403 876 1672 918 Christopliorus
1697 888 1738 910 ex
1768 878 2026 910 Mareliionibus
2052 878 2093 910 de

548 942 725 976 Pratliella,
750 942 959 972 decretorum
998 941 1126 976 doctor,
1164 940 1436 972 reverendissimi
1464 941 1494 971 in
1522 938 1658 972 Cliristo
1692 939 1801 971 Patris
1827 943 1857 972 et
1884 940 2009 971 domini
2037 940 2097 971 do-

548 1005 624 1035 mini
653 1004 762 1035 lacobi
800 1004 840 1035 de
878 1002 1199 1041 Piccolliominilms,
1227 1002 1287 1034 Dei
1314 1006 1345 1034 et
1371 1002 1568 1043 Apostolice
1606 1002 1704 1035 Sedis
1741 1004 1846 1043 gratia
1881 1006 2097 1035 sacrosancte

282 1068 428 1100 lx'omane
456 1067 617 1099 Ecclesie.
645 1066 729 1097 tituli
757 1066 862 1097 sancti
890 1064 1105 1105 Cirrisogoni,
1144 1066 1319 1106 presbiteri
1358 1063 1561 1101 Cardinalis,
1600 1065 1830 1105 Episcopique
1868 1066 2042 1105 papiensis
2069 1068 2099 1097 et

282 1130 423 1162 Comitis
450 1129 640 1169 dignissimi
668 1138 705 1160 ac
734 1127 818 1159 Almi
847 1127 954 1159 Studii
983 1129 1168 1168 papiensis,
1195 1128 1384 1168 apostolico
1410 1130 1440 1159 et
1467 1128 1629 1168 imperiali
1658 1128 1855 1168 privilegiis,
1898 1126 2098 1159 Cancellarii

281 1193 483 1232 dignissimi.
525 1191 830 1222 Vicecancellarius
872 1190 1064 1230 specialiter
1104 1191 1297 1230 deputatus,
1339 1190 1480 1221 salutem
1519 1193 1549 1221 et
1583 1191 1801 1221 reverentiam
1844 1192 1909 1221 tam
1951 1191 2098 1222 debitam

283 1264 383 1295 quam
411 1254 579 1285 devotam.

372 1316 440 1348 Etsi
468 1317 616 1347 omnium
655 1325 714 1356 pro
752 1316 890 1347 scientie
929 1317 1105 1356 margarita
1144 1315 1355 1356 capescenda
1390 1315 1506 1351 virtus,
1544 1315 1699 1355 exigente
1735 1316 1871 1353 iustitia,
1897 1316 1939 1346 sit
1966 1315 2103 1355 premiis

283 1379 486 1412 decoranda.
516 1379 559 1409 illi
587 1381 697 1410 tamen
736 1379 792 1418 qui
820 1379 850 1409 in
878 1387 972 1409 sacra
1010 1377 1210 1419 Tlieologia,
1248 1387 1313 1418 que
1351 1380 1400 1409 est
1437 1379 1584 1409 omnium
1623 1380 1728 1409 mater
1752 1380 1853 1418 atque
1880 1379 2039 1419 magistra
2065 1387 2103 1410 ac

285 1442 359 1473 fidei
387 1441 640 1472 imidamentum
667 1450 704 1472 ac
731 1442 784 1472 via
812 1443 901 1472 recta
927 1441 968 1472 ad
996 1441 1097 1472 vitam
1136 1443 1295 1478 eternam,
1333 1441 1468 1480 propria
1506 1440 1736 1481 relinquentes
1762 1442 1793 1472 et
1819 1450 1854 1472 se
1882 1441 1976 1481 ipsos
2002 1441 2105 1472 abne-

285 1508 415 1544 gantes,
443 1513 501 1544 per
526 1504 661 1535 diversa
689 1504 801 1534 mondi
829 1503 972 1541 climata,
1000 1503 1111 1534 studia
1138 1505 1341 1539 rotaverunt,
1368 1505 1399 1534 et
1426 1503 1455 1533 in
1483 1504 1532 1534 eis
1559 1512 1700 1543 persepe
1727 1503 1890 1534 ducentes
1916 1505 2032 1534 noctes
2059 1504 2107 1534 in—

287 1575 458 1606 sompnes,
486 1566 659 1597 immensis
687 1566 861 1597 laboribus
888 1568 919 1597 et
944 1566 1139 1601 sudoribus,
1178 1566 1330 1596 bravium
1356 1566 1547 1605 attigerunt,
1573 1566 1717 1606 digniori
1755 1568 1833 1596 sunt
1870 1566 1995 1597 bonore
2033 1575 2108 1606 pre-

287 1629 410 1660 miandi
439 1632 469 1659 et
506 1629 620 1659 maiori
660 1629 844 1659 reverentia
882 1628 1076 1659 decorandi,
1115 1626 1199 1659 Cum
1239 1628 1350 1668 itaque
1388 1628 1567 1668 religiosus
1593 1630 1624 1659 et
1650 1628 1738 1659 omni
1778 1628 1898 1659 virtute
1925 1628 2106 1660 laudabilis

288 1690 388 1722 trater
415 1689 616 1721 Ambrosius
642 1691 683 1721 de
710 1689 862 1721 Pusterla
890 1690 1165 1727 mediolanensis,
1192 1688 1331 1721 Ordinis
1358 1689 1600 1721 Heremitarum
1620 1690 1725 1721 sancti
1746 1689 1925 1731 Augustini
1945 1698 2108 1730 expresse

289 1752 477 1793 professus,
504 1756 581 1793 post
607 1755 703 1784 actus
729 1753 943 1790 scolasticos,
970 1762 1029 1793 per
1054 1753 1165 1783 omnia
1193 1753 1223 1783 in
1251 1752 1398 1783 diversis
1424 1750 1553 1784 Studiis
1590 1752 1729 1784 feliciter
1761 1754 2025 1789 consummatos,
2051 1751 2110 1783 de-

289 1817 426 1855 putatus
452 1814 550 1846 fuerit
576 1815 617 1846 ad
646 1815 824 1855 legendum
852 1813 1042 1847 Sententias
1069 1815 1100 1845 in
1128 1813 1306 1846 Conventu
1333 1815 1441 1846 sancti
1468 1814 1648 1855 Augustini
1676 1815 1852 1855 papiensis
1878 1813 2016 1847 Ordinis
2036 1824 2110 1855 pre-

289 1877 379 1915 dicti,
406 1877 548 1917 ipseque
575 1876 674 1908 frater
700 1876 901 1909 Ambrosius
927 1877 1120 1909 huiusmodi
1148 1876 1340 1909 Sententias
1367 1878 1396 1908 in
1424 1877 1514 1908 dicto
1539 1879 1707 1909 conventu
1735 1877 1947 1909 laudabiliter
1972 1877 2111 1918 legisset

290 1943 321 1970 et
347 1948 464 1971 omnes
490 1939 576 1971 alios
601 1942 697 1971 actus
723 1940 925 1971 scolasticos
952 1940 982 1971 in
1010 1939 1238 1972 Universitate
1265 1940 1420 1980 papiensi
1447 1940 1659 1972 exercendos
1685 1949 1793 1980 usque
1819 1940 1860 1972 ad
1887 1940 2026 1981 gradum
2043 1948 2112 1971 tna-

290 2002 418 2042 gisterii
445 2001 585 2033 feliciter
622 2003 921 2040 consummaverit,
947 2011 985 2033 ac
1011 2002 1075 2033 sub
1113 2002 1257 2043 singulis
1295 2002 1491 2034 reverendis
1528 2003 1682 2043 patribus
1708 2011 1803 2034 sacre
1829 2002 2016 2043 Tlieologie
2042 2011 2111 2033 ma-

291 2064 405 2104 gistris
432 2064 531 2095 buius
570 2063 664 2096 Alme
703 2063 942 2096 Universitatis
969 2065 1000 2095 in
1028 2064 1144 2096 arduis
1181 2064 1420 2104 questionibus
1447 2065 1478 2095 in
1505 2064 1663 2096 facultate
1704 2064 1894 2105 theologica
1935 2064 2114 2104 respondi-

293 2126 385 2161 derit,
413 2126 567 2166 aliosque
593 2129 688 2157 actus
714 2126 918 2158 baclialariis
945 2136 1005 2166 pro
1034 2126 1140 2158 torma
1167 2127 1358 2167 legentibus
1397 2127 1629 2158 incumbentes
1667 2127 1879 2158 laudabiliter
1903 2127 2110 2158 exercuerit:

295 2187 333 2219 Et
359 2189 576 2228 postmodum
604 2197 716 2220 coram
744 2189 853 2227 nobis,
880 2198 939 2229 per
963 2189 1170 2229 colloquium
1197 2189 1457 2220 reverendorum
1484 2188 1619 2220 Patrurn
1646 2189 1858 2220 dominorum
1878 2189 2113 2230 magistrorum

296 2251 326 2281 in
353 2259 449 2282 sacra
476 2250 675 2291 Tlieologia‚
702 2251 939 2291 deputatorum
967 2252 1008 2282 ad
1028 2260 1170 2283 examen
1198 2251 1467 2283 bacbalariorurn
1483 2252 1524 2283 ad
1541 2251 1768 2292 magisterium
1784 2251 2021 2291 aspirancium,
2048 2251 2115 2291 pri-

297 2314 398 2344 vatim
424 2316 454 2344 et
482 2314 631 2354 rigorose
656 2314 870 2345 examinatus
907 2314 1015 2352 fuerit,
1042 2317 1072 2346 et
1100 2315 1186 2346 idem
1225 2314 1326 2346 irater
1363 2313 1564 2345 Ambrosius
1591 2314 1621 2345 in
1648 2314 1805 2345 examine
1843 2315 1918 2354 ipso
1944 2322 1980 2345 se
2006 2313 2115 2345 taliter

298 2376 460 2410 babuerit,
487 2377 578 2416 quod
605 2386 622 2408 a
650 2377 759 2414 nobis,
786 2379 973 2408 convocata
999 2379 1030 2408 et
1057 2379 1261 2418 congregata
1281 2377 1312 2408 in
1331 2377 1407 2408 aula
1427 2385 1546 2417 magna
1573 2376 1920 2417 pallatiiepiscopalis
1939 2376 2114 2417 papiensis

299 2436 516 2472 Prelatorum,
543 2437 739 2476 Doctorum,
766 2437 952 2470 Scolarium
980 2440 1080 2471 liuius
1118 2439 1204 2470 Almi
1243 2437 1350 2471 Studii
1390 2439 1602 2470 multitudine
1629 2439 1781 2478 copiosa,
1808 2447 1868 2478 pro
1894 2439 2029 2479 negotio
2055 2438 2116 2469 hu—

300 2499 443 2530 iusmodi
483 2501 674 2540 specialiter
700 2502 905 2542 peragendo,
932 2511 969 2533 ac
995 2502 1089 2533 finito
1115 2504 1146 2533 et
1171 2501 1271 2539 facto,
1297 2502 1338 2532 de
1365 2501 1468 2532 nostri
1498 2501 1639 2537 licentia,
1666 2503 1699 2531 ut
1726 2501 1827 2531 moris
1853 2504 1913 2537 est,
1940 2510 1998 2541 per
2023 2509 2117 2532 reve-

302 2562 440 2592 rendum
483 2563 655 2594 dominum
699 2564 896 2603 magistrum
938 2563 1118 2595 Iohannem
1147 2563 1304 2595 iacobum
1332 2564 1373 2595 de
1399 2561 1576 2603 Campixe,
1602 2561 1740 2594 Ordinis
1775 2563 2016 2594 Heremitarum
2044 2572 2118 2604 pre-

301 2624 378 2654 dicti
406 2627 436 2655 et
462 2627 651 2656 conventus
677 2626 828 2657 eiusdem
855 2627 962 2657 sancti
991 2625 1171 2667 Augustini
1199 2625 1403 2666 professum,
1430 2634 1525 2657 sacre
1551 2625 1721 2666 theologie
1759 2626 1930 2657 doctorem
1968 2625 2118 2657 celeber-

304 2685 432 2721 rimum,
459 2685 584 2716 decoro
610 2694 774 2723 sermone,
801 2687 843 2717 ab
871 2688 1015 2727 ipsoque
1041 2687 1140 2719 fratre
1169 2687 1347 2719 Ambrosio
1374 2688 1405 2718 in
1433 2687 1589 2718 manibus
1615 2687 1738 2718 nostris
1765 2688 1916 2727 prestito,
1941 2687 1982 2718 ad
2001 2689 2117 2718 sancta

304 2745 365 2777 Dei
393 2746 587 2787 Evangelia,
614 2748 769 2779 inanibus
796 2757 898 2789 super
924 2751 1043 2789 pectus
1068 2758 1166 2780 suum
1194 2750 1325 2789 positis,
1351 2749 1451 2780 solito
1478 2749 1663 2780 iuramento
1680 2750 1771 2789 quod
1790 2758 1831 2780 ex
1851 2758 1953 2781 causa
1979 2750 2030 2781 sui
2050 2757 2119 2780 ma-

304 2809 429 2849 gisterii
457 2817 521 2839 non
549 2810 690 2841 excedet
717 2810 746 2840 in
775 2811 938 2851 expensis
965 2814 1078 2842 taxam
1105 2809 1314 2843 Clementine
1340 2811 1490 2843 secunde
1515 2811 1556 2842 de
1583 2811 1769 2852 Magistris,
1795 2814 1825 2843 et
1851 2812 1941 2852 quod
1971 2811 2119 2843 servabit

305 2873 428 2902 statuta
455 2871 606 2902 eiusdem
634 2871 874 2903 Universitatis
899 2876 930 2904 et
957 2879 1054 2913 prout
1081 2882 1138 2913 per
1164 2873 1249 2905 alios
1275 2874 1455 2914 magistros
1473 2873 1608 2904 solitum
1627 2875 1677 2904 est
1696 2874 1806 2911 iurari,
1824 2874 1967 2906 eundem
1985 2874 2118 2905 fratrem

307 2932 533 2971 Ambrosium,
560 2933 608 2965 sic
634 2934 705 2965 suis
733 2934 857 2966 meritis
883 2935 1111 2975 exigentibus,
1138 2936 1245 2975 pridie
1272 2938 1305 2966 ut
1332 2935 1531 2975 premittitur
1556 2936 1796 2973 examinatum,
1830 2936 2033 2977 Magistrum
2060 2944 2119 2967 seu

306 2993 486 3026 Doctorem
513 2995 544 3026 in
570 3004 666 3027 sacra
692 2996 816 3036 pagina
842 2997 1078 3028 constituimus
1104 2998 1135 3028 et
1161 3006 1326 3035 creamus,
1352 2997 1549 3029 auctoritate
1568 2997 1720 3037 prelibati
1740 2998 1865 3029 domini
1885 2998 2010 3029 domini
2038 2995 2120 3030 Car-

307 3057 430 3088 dinalis
456 3060 487 3089 et
513 3058 677 3098 episcopi,
703 3058 894 3098 apostolico
912 3061 943 3090 et
962 3059 1124 3099 imperiali
1145 3059 1332 3100 privilegiis
1351 3061 1384 3090 ut
1403 3059 1603 3099 premittitur
1627 3061 1834 3099 communiti,
1860 3069 1926 3101 qua
1952 3060 2122 3101 fungimur
