2347 3444
290 208 355 240 248

289 342 521 383 imperialium,
548 340 740 372 intendebat
766 342 796 371 et
823 338 957 370 volebat
984 337 1127 368 vendere
1155 334 1291 366 Iohanni
1318 334 1358 364 de
1385 332 1518 365 Garetis
1544 332 1612 363 tilio
1651 331 1821 371 quondam
1860 330 1994 362 Antonii
2032 329 2105 360 eius

287 404 540 445 consanguineo
565 411 742 444 germano,
781 402 929 442 ipsorum
968 399 1103 430 fratrum
1142 397 1219 428 utile
1246 396 1430 427 dominium
1458 395 1557 426 unius
1583 394 1669 434 petie
1695 394 1778 434 prati
1804 393 1971 433 aquatici,
2009 391 2108 432 perti-

286 467 422 498 charum
450 465 627 497 duodecim
656 464 706 496 vel
733 464 854 499 circha,
881 463 942 493 site
970 462 1000 492 in
1028 460 1191 491 territorio
1234 457 1402 498 Felegarie
1439 465 1621 496 campaneo
1659 455 1833 496 papiensis
1858 458 1889 486 et
1927 454 2107 485 vicariatus

288 529 490 570 Belzoyosii,
517 528 572 559 ubi
600 527 719 558 dicitur
746 527 776 556 in
805 525 953 556 Fancxio
971 520 1032 562 (l),
1058 531 1131 552 cum
1159 520 1289 551 iuribus
1314 528 1401 559 aque
1427 518 1660 559 spectantibus
1687 518 1750 558 ipsi
1778 517 1864 557 petie
1891 517 1974 557 prati
2004 523 2106 547 causa

290 591 378 622 illam
406 589 564 631 irrigandi
592 599 632 620 ex
660 587 843 619 scolaticiis
870 585 1060 626 prediorum
1088 586 1118 614 et
1144 591 1230 622 aque
1257 582 1349 622 rugie
1375 581 1533 612 comitum
1561 580 1602 611 de
1621 579 1843 620 Belzoyoso„
1864 578 1940 610 ltem
1959 581 1990 609 et
2009 578 2108 609 unius

289 654 375 694 petie
402 653 484 693 prati
512 652 573 683 site
601 652 631 682 in
659 651 746 681 dicto
773 648 947 682 territorio,
975 646 1029 677 ubi
1057 645 1177 676 dieitur
1204 644 1234 674 in
1262 643 1444 675 FanexiO...
1471 645 1501 674 et
1527 643 1567 673 de
1594 642 1719 682 quibus
1738 640 2000 682 proprietatibus
2018 640 2107 671 aliax

289 717 360 756 ipse
387 714 575 749 lacobinus,
602 722 664 744 suo
690 715 720 743 et
747 711 880 742 nornine
907 709 984 739 dicti
1020 707 1188 738 Bertolani
1215 707 1288 737 eius
1325 705 1435 737 fratris
1472 707 1502 736 et
1539 705 1638 736 etiam
1677 704 1812 735 Martini
1850 703 2001 734 similiter
2036 702 2110 732 eius

287 777 408 814 fratris,
435 776 495 807 tuit
521 785 539 807 a
565 775 713 815 capitulo
740 773 817 804 dicti
844 773 1043 807 conventus,
1071 769 1204 800 nomine
1224 769 1332 808 ipsius
1350 767 1488 808 capelle,
1508 769 1584 807 post
1604 766 1773 806 quandam
1801 765 2032 796 vendicionem
2053 772 2110 804 per

290 841 399 880 ipsum
428 838 631 871 [ambitium.
658 845 720 867 suo
746 838 776 865 et
803 833 937 864 nomine
963 832 1127 863 dictorum
1154 830 1290 862 fratrum
1318 838 1467 867 suorum,
1495 829 1557 869 ipsi
1584 828 1732 869 capitulo
1763 827 1896 858 nomine
1935 826 2020 857 dicte
2046 823 2111 858 Ca-

291 902 376 943 pelle
402 901 534 937 factam,
563 901 592 930 in
621 900 817 939 perpetuum
846 895 1035 932 investitus,
1062 903 1121 934 pro
1148 901 1258 924 annua
1285 892 1350 923 ficti
1378 891 1582 932 prestatione
1609 891 1786 922 sachorum
1814 898 1873 921 sex
1900 888 2055 920 furmenti
2081 889 2111 918 et

293 965 392 995 unius
419 964 509 1004 paris
535 969 702 1002 caponum
728 962 759 990 et
784 967 857 990 cum
884 958 983 989 certis
1021 957 1127 997 pactis
1153 958 1184 986 et
1209 953 1493 986 conventionibus
1520 954 1550 984 in
1578 953 1651 994 ipsa
1690 953 1886 984 investitura
1923 950 2112 988 contentis,

290 1026 330 1057 de
357 1034 422 1065 qua
449 1026 581 1055 constat
615 1023 816 1053 intrumento
843 1019 979 1060 publico
1016 1020 1133 1059 rogato
1171 1026 1259 1048 anno
1297 1025 1395 1048 curso
1434 1013 1768 1047 MCCCCLXXVllll
1795 1014 1848 1045 die
1875 1013 1946 1044 ΧΧΙ
1986 1014 2112 1046 mensis

291 1088 408 1128 aprilis
435 1095 491 1126 per
518 1094 568 1116 me
595 1084 759 1115 notarium
787 1081 1047 1121 infrascriptum.
1075 1079 1113 1111 Et
1140 1080 1202 1110 hoc
1228 1088 1302 1110 cum
1329 1087 1428 1109 onere
1463 1078 1571 1118 ipsius
1598 1077 1662 1108 ficti
1689 1079 1720 1107 et
1746 1076 1837 1116 quod
1864 1076 1891 1107 si
1918 1076 2114 1116 capellanus

293 1150 378 1181 dicte
405 1147 554 1188 Capelle,
581 1146 631 1177 vel
659 1146 769 1176 dictus
795 1146 993 1181 conventus,
1020 1143 1093 1174 eius
1119 1140 1257 1182 Capelle
1284 1141 1429 1178 nomine,
1456 1139 1615 1171 volebant
1641 1141 1672 1170 et
1691 1138 1907 1169 intendebant
1927 1138 2020 1178 ipsas
2039 1147 2116 1178 pro-

293 1213 450 1252 prietates
477 1212 629 1250 respectu
657 1208 747 1239 utilis
785 1207 923 1238 dominii
951 1208 982 1237 et
1020 1204 1181 1236 naturalis
1215 1203 1448 1244 possessionis
1481 1211 1588 1233 emere
1627 1210 1686 1242 pro
1713 1201 1802 1232 dicto
1828 1201 1934 1241 pretio
1967 1202 1997 1232 et
2023 1203 2115 1232 tanto

294 1274 411 1305 minori
440 1274 566 1312 quanto
593 1270 775 1302 cavebatur
800 1278 842 1300 ex
868 1271 981 1300 tenore
1020 1267 1106 1308 pacti
1145 1266 1258 1298 inserti
1287 1266 1317 1296 in
1345 1265 1419 1305 ipsa
1456 1264 1676 1301 investitura,
1714 1262 1873 1294 ofierebat
1899 1271 1935 1294 se
1961 1264 2113 1303 paratum

293 1337 406 1377 potius
433 1335 507 1366 illas
534 1334 678 1365 vendere
706 1333 769 1373 ipsi
796 1331 975 1362 conventui
1003 1332 1033 1361 et
1060 1330 1145 1360 dicte
1171 1327 1320 1368 Capelle,
1348 1336 1447 1367 quam
1475 1327 1563 1358 dicto
1590 1325 1740 1363 Iohanni,
1765 1327 1826 1356 etc.
1853 1325 1997 1365 petendo
2016 1333 2117 1365 super

292 1400 353 1430 hoc
380 1405 580 1438 responsum
606 1395 670 1427 sibi
698 1395 767 1426 dari
794 1396 854 1425 ete.
888 1394 986 1434 prout
1012 1393 1071 1423 hec
1097 1393 1127 1423 et
1153 1391 1217 1422 alia
1244 1375 1407 1421 seriosius
1432 1389 1643 1420 continentur
1668 1388 1699 1419 in
1727 1388 1800 1428 ipsa
1827 1387 1997 1425 denuntia,
2023 1388 2117 1418 etc....

292 1460 398 1492 Modo
423 1459 627 1491 constitutus
653 1458 763 1488 dictus
789 1455 967 1487 Iacobinus
985 1455 1026 1486 de
1045 1453 1211 1486 Garetis...
1231 1453 1262 1484 in
1282 1452 1450 1493 presentia
1469 1451 1641 1482 reverendi
1661 1459 1754 1482 sacre
1773 1450 1894 1491 pagine
1913 1449 2118 1490 professoris

293 1522 419 1554 domini
447 1520 601 1561 Magistri
629 1518 830 1551 ssertolomei
850 1518 890 1548 de
910 1517 1067 1548 Fazardis
1092 1515 1256 1556 capellani
1283 1514 1369 1545 dicte
1394 1512 1532 1554 Capelle
1559 1521 1684 1544 moram
1703 1512 1866 1543 trahentis
1884 1512 1915 1542 in
1935 1511 2023 1542 dicto
2041 1520 2120 1542 con-

294 1586 394 1616 ventu
421 1586 452 1615 et
479 1582 597 1624 prefati
624 1581 751 1613 domini
777 1580 889 1611 fratris
915 1578 1126 1618 Bertolamey
1152 1577 1192 1608 de
1218 1575 1404 1608 Castelatio
1438 1575 1557 1607 sindici
1595 1577 1626 1605 et
1663 1574 1890 1615 procuratoris
1926 1573 2004 1604 dicti
2041 1581 2120 1604 con-

295 1651 426 1683 ventus,
454 1654 513 1686 pro
540 1644 762 1685 responsione
790 1641 944 1673 habenda
971 1641 1011 1672 de
1036 1640 1202 1671 contentis
1229 1640 1260 1670 in
1286 1639 1373 1670 dicta
1400 1638 1581 1675 denuntia;
1608 1637 1664 1677 qui
1691 1637 1849 1667 dominus
1867 1636 2025 1676 magister
2043 1634 2121 1666 Ber-

295 1709 462 1740 tolameus
486 1707 683 1748 capellanus
709 1705 898 1736 antedictus
924 1706 954 1734 et
980 1703 1139 1734 dominus
1163 1701 1263 1732 frater
1297 1700 1528 1732 Bertolameus
1554 1700 1594 1730 de
1620 1698 1838 1731 Castelatio...
1876 1698 2121 1738 respondentes

298 1772 361 1812 ipsi
390 1770 580 1801 lacobino...
608 1769 764 1799 dixerunt
789 1770 820 1798 et
846 1767 960 1798 dicunt
987 1765 1078 1805 quod
1106 1764 1222 1795 volunt
1248 1766 1278 1794 et
1305 1763 1479 1794 intendunt
1499 1763 1592 1803 ipsas
1611 1761 1833 1802 proprietates
1852 1762 2004 1801 respectu
2031 1760 2122 1791 utilis

298 1833 436 1865 dominii
464 1834 494 1863 et
521 1831 682 1862 naturalis
708 1829 941 1870 possessionis
979 1836 1104 1865 emere,
1130 1826 1264 1857 nomine
1291 1826 1376 1856 dicte
1414 1823 1570 1865 Capelle,
1597 1826 1627 1855 et
1653 1832 1694 1855 ex
1733 1832 1830 1861 nunc,
1867 1824 1993 1854 attento
2030 1822 2122 1862 quod

299 1896 362 1936 ipsi
389 1894 517 1935 capelle
543 1893 613 1925 dari
641 1892 763 1923 debent
790 1891 908 1922 minori
935 1890 1041 1930 pretio
1068 1889 1155 1920 soldi
1183 1889 1282 1920 unius
1309 1897 1368 1928 pro
1396 1887 1478 1918 libra
1505 1896 1545 1918 ex
1566 1887 1671 1927 pretio
1698 1886 1905 1923 denuntiato,
1931 1885 2123 1916 obtulerunt

300 1960 330 1989 et
357 1957 498 1989 offerunt
525 1956 633 1987 eidem
660 1954 851 1986 lacobinO...
878 1952 1060 1989 actualiter,
1088 1952 1119 1982 in
1146 1960 1213 1982 uno
1239 1950 1361 1982 ducato
1391 1950 1528 1981 ianuino
1565 1949 1634 1980 auri
1661 1951 1693 1980 et
1718 1949 1749 1979 in
1776 1956 1857 1979 auro
1883 1949 1913 1979 et
1939 1949 2029 1978 tanta
2055 1955 2125 1978 mo-

303 2023 389 2057 neta,
415 2020 519 2050 libras
544 2020 672 2059 septem
698 2019 729 2048 et
755 2016 873 2048 soldos
906 2015 1083 2046 duodecim
1112 2013 1302 2054 imperiales
1329 2022 1388 2053 pro
1415 2013 1479 2043 sibi
1517 2011 1630 2043 dando
1656 2013 1687 2042 et
1713 2010 1901 2047 solvend0‚
1938 2018 2018 2040 casu
2056 2017 2124 2049 quo

302 2083 452 2114 venditio
479 2081 554 2118 sibi,
581 2080 715 2111 nomine
741 2079 827 2110 dicte
853 2076 1002 2118 Capelle,
1041 2077 1095 2108 fiat
1122 2076 1162 2107 de
1188 2076 1277 2106 dicto
1304 2074 1374 2106 utili
1401 2074 1596 2106 dominio....
1624 2073 1772 2104 ldcircho
1801 2072 1911 2103 dictus
1937 2071 2125 2109 lacobinus,

304 2145 422 2176 volens
449 2145 542 2175 iuxta
569 2143 775 2179 denuntiata,
802 2141 971 2181 promissa
996 2139 1200 2170 attendere...
1227 2138 1334 2178 pretio
1360 2137 1521 2168 dictarum
1549 2136 1706 2167 librarum
1733 2137 1860 2175 septem
1887 2142 1924 2165 ac
1951 2133 2123 2165 soldorum

304 2207 481 2239 duodecim
509 2205 742 2246 imperialium,
769 2203 953 2235 vendidit...
980 2201 1138 2242 prefactis
1164 2200 1312 2232 dominis
1337 2199 1498 2240 magistro
1524 2197 1734 2229 Bertolameo
1761 2196 1801 2227 de
1835 2195 1993 2227 Fazardis
2017 2194 2128 2235 capel-

306 2271 381 2301 lano
407 2269 576 2300 antedicto
602 2270 632 2299 et
658 2266 747 2298 fratri
775 2265 986 2297 Bertolameo
1012 2264 1052 2295 de
1079 2262 1282 2296 Castellacio
1324 2261 1454 2293 sindico
1480 2262 1511 2291 et
1537 2259 1742 2300 procuratori
1781 2258 1858 2289 dicti
1895 2259 2127 2288 conventus...

307 2332 440 2362 nomine
467 2334 496 2362 et
523 2331 594 2361 vice
621 2330 706 2360 dicte
733 2327 871 2368 Capelle
898 2327 1033 2358 domine
1059 2328 1172 2357 sancte
1200 2325 1317 2362 Nlarie,
1344 2323 1549 2354 nominative
1583 2321 1673 2353 utille
1692 2321 1876 2351 dominium
1896 2322 1926 2351 et
1945 2319 2126 2351 naturalem

309 2394 563 2434 possessionem
591 2392 896 2432 suprascriptorum
924 2389 1176 2430 proprietatum,
1202 2390 1262 2419 etc.
1290 2387 1328 2418 Et
1355 2386 1441 2423 inde,
1467 2387 1527 2416 etc.
1555 2383 1782 2421 Presentibus,
1808 2386 1868 2414 etc.

367 2552 395 2571 tl>
412 2552 500 2573 Qut-xi.»
517 2550 594 2572 lungo,
611 2548 904 2569 «leriam-arinmunt-11„-
917 2547 1034 2567 vicinanzc
1047 2546 1067 2565 di
1081 2546 1192 2569 Filighcra
1249 2544 1340 2564 tissimo
1357 2543 1497 2569 puhhlicistu
1514 2542 1623 2563 catrolico
1641 2541 1666 2561 1).
1685 2541 1773 2561 Daviuc
1790 2540 1927 2561 Alliertariu⁴

314 2594 422 2619 «ιςιι-,ιικίθι
440 2594 597 2613 ulnzviainmnt-
614 2593 728 2613 iiutnrictii
745 2598 784 2617 pcr
801 2592 805 2612 i
823 2592 908 2615 nartali,
932 2592 972 2611 che
991 2591 1019 2610 ivi
1036 2592 1111 2610 nasse
1128 2590 1140 2609 il
1158 2595 1196 2609 110-
