2347 3444
1909 243 1968 275 133

962 424 1170 466 CCCIX.

248 535 462 564 Investitura
488 535 523 563 di
549 535 628 564 beni
654 535 687 563 in
714 535 885 564 Casorate
911 542 1082 563 concessa
1108 534 1204 562 dalla
1229 533 1416 562 Comunita
1443 534 1477 562 di
1504 534 1539 562 S.
1568 534 1754 570 Agostino.

779 648 933 680 1466,
958 648 1238 679 felwbnalo,
1265 647 1356 672 28.

693 736 770 760 (Arcu.
787 736 867 757 Notar.
884 736 906 757 di
923 736 993 757 Pavia
1008 747 1033 750 —
1050 736 1098 757 Α111
1115 735 1136 757 (11
1153 735 1204 757 Gio.
1221 735 1321 757 Antonio
1336 735 1437 757 Stradal.

271 841 316 956 I
405 858 429 884 N
455 853 529 884 loco
555 851 701 893 Capituli
729 854 921 885 monasterii
947 856 979 885 et
1004 853 1125 885 domus
1161 853 1298 885 fratrum
1333 854 1439 885 sancti
1478 853 1657 894 Augustini
1685 853 1799 894 Papie,
1834 853 1972 885 Ordinis

428 915 712 947 l-lereniitaruni....
740 914 937 948 Convocato
955 916 1145 956 capitulo...
1165 917 1205 948 de
1225 917 1382 948 mandato
1401 916 1575 948 reverendi
1596 916 1700 957 patris
1718 918 1750 948 et
1768 925 1861 948 sacre
1880 917 1974 948 tneo-

231 1015 248 1016 ?
427 978 514 1019 logie
551 979 700 1019 magistri
738 979 864 1010 domini
901 979 1012 1011 fratris
1042 978 1222 1020 Augustini
1248 979 1290 1010 de
1316 978 1484 1010 Marliano
1510 978 1647 1017 prioris,
1674 979 1705 1010 in
1731 988 1800 1019 quo
1826 979 1974 1019 capitulo

162 1044 255 1074 erant
281 1043 312 1073 et
337 1042 415 1073 sunt
452 1040 603 1081 prefatus
639 1040 797 1072 dominus
835 1040 939 1079 Prior,
978 1050 1037 1073 nec
1074 1051 1138 1073 non
1178 1042 1351 1073 reverendi
1390 1043 1502 1082 patres
1539 1043 1571 1072 et
1608 1041 1820 1073 venerabiles
1846 1041 1970 1073 dornini

162 1104 262 1136 frater
287 1103 519 1135 Bertolanieus
545 1103 585 1134 de
612 1102 770 1134 Fazardis
808 1112 901 1134 sacre
939 1104 1108 1144 theologie
1145 1104 1304 1145 magister
1327 1105 1359 1135 et
1384 1104 1544 1145 magister
1569 1103 1736 1135 lohannes
1762 1103 1905 1135 lacobus
1931 1103 1972 1135 de

163 1165 329 1206 Campixe
355 1165 520 1197 similliter
545 1174 640 1197 sacre
666 1166 834 1206 theologie
862 1165 1043 1205 professor,
1070 1166 1171 1198 frater
1196 1165 1344 1206 Raphael
1371 1166 1412 1197 de
1439 1165 1580 1206 Rapallo
1617 1166 1775 1204 biblicus,
1800 1166 1902 1198 frater
1927 1165 1975 1197 la-

162 1229 270 1260 cobus
295 1228 336 1259 de
363 1227 523 1264 Viterbi0,
549 1227 649 1259 frater
674 1226 826 1267 Baptista
853 1228 894 1259 de
921 1227 1127 1265 Mediolano,
1154 1228 1255 1259 frater
1279 1226 1473 1259 Gualterins
1499 1228 1540 1259 de
1567 1227 1669 1260 Curte
1688 1228 1856 1268 subprior,
1874 1228 1975 1259 frater

163 1290 352 1331 Apolonius
378 1290 419 1321 de
444 1288 557 1327 Curte‚
582 1289 683 1321 frater
707 1289 837 1321 Nicolla
864 1290 904 1321 de
931 1289 1062 1321 Verona
1080 1288 1141 1329 (1),
1167 1289 1266 1321 frater
1292 1289 1421 1330 Ayrnus
1446 1291 1487 1321 de
1513 1288 1684 1322 Sabaudia
1725 1299 1851 1329 cursor,
1877 1290 1976 1322 frater

164 1343 262 1385 Am¹‘
293 1353 364 1384 sius
390 1352 430 1383 de
457 1352 653 1383 Mediolano
690 1361 816 1389 cursor,
851 1352 951 1383 frater
977 1351 1132 1383 Didimns
1158 1352 1198 1383 de
1225 1351 1357 1389 Braida,
1384 1352 1482 1383 frater
1508 1352 1635 1384 Paulus
1661 1353 1702 1384 de
1729 1352 1846 1390 Puteo,
1876 1352 1976 1384 frater

164 1353 329 1447 loliassies
354 1415 395 1446 de
421 1413 574 1454 Neapoli,
602 1414 700 1445 frater
725 1414 923 1445 Laurentius
949 1415 990 1445 de
1017 1413 1260 1451 Brissa,f1·ater
1276 1414 1489 1445 Hieronirnns
1508 1415 1548 1446 de
1568 1415 1776 1452 Mediolano,
1791 1415 1891 1446 frater·
1910 1413 1977 1445 An-

163 1478 259 1519 gelus
295 1478 336 1508 de
373 1477 580 1514 Mediolano,
617 1476 716 1508 frater
755 1476 920 1508 lohannes
946 1477 987 1507 (16
1014 1475 1195 1514 Sabaudia,
1232 1476 1331 1508 frater
1368 1476 1494 1508 Paulus
1520 1478 1561 1508 de
1589 1476 1711 1509 Sancta
1746 1477 1850 1515 Flore,
1877 1477 1977 1508 frater

165 1540 362 1571 Laurentius
388 1539 428 1570 de
455 1538 605 1579 Bugella,
632 1538 731 1570 frater
768 1538 965 1570 Laurentius
992 1539 1032 1570 dc
1059 1538 1216 1577 Novaria,
1254 1538 1353 1570 frater
1378 1537 1491 1570 Guido
1516 1540 1557 1570 (16
1584 1539 1768 1577 Αν61110116,
1795 1540 1894 1571 frater
1919 1539 1977 1570 Ni—

164 1603 249 1634 colla
274 1602 315 1633 de
342 1601 492 1639 Francia,
529 1601 628 1632 frater
666 1600 834 1632 Eusebius
859 1602 900 1632 de
927 1600 1031 1641 Papia
1069 1602 1232 1639 sindicus,
1269 1601 1369 1633 frater
1407 1601 1572 1633 lohannes
1611 1602 1752 1633 lacobus
1779 1602 1819 1633 de
1845 1600 1976 1637 Cervis,

164 1672 282 1695 ornnes
306 1664 426 1695 fratres
452 1663 695 1694 conventuales
721 1663 808 1694 dicte
845 1663 988 1695 ecclesie
1018 1664 1122 1694 sancti
1151 1663 1374 1704 Augustinh...
1402 1666 1673 1704 representantes
1698 1664 1765 1696 fere
1791 1666 1894 1695 totuin
1921 1673 1977 1695 ca-

167 1726 319 1766 pitulum,
344 1725 454 1756 cicinno
472 1725 659 1756 investitura
685 1725 719 1756 al
742 1725 850 1756 nobile
875 1725 1008 1756 Donato
1034 1724 1155 1756 Pionni
1178 1725 1231 1756 (161
1247 1725 1289 1766 fri
1314 1725 1423 1757 Pletro
1449 1726 1483 1757 cli
1509 1725 1668 1758 Casorate
1693 1726 1779 1757 (tella
1805 1726 1891 1757 meti)
1917 1735 1977 1766 pro

167 1788 314 1819 indiviso
339 1796 398 1818 con
425 1786 558 1819 Simone
594 1787 692 1818 Delta
721 1786 821 1818 Porta
846 1787 881 1818 cti
904 1796 980 1818 cnse
1005 1796 1021 1818 e
1046 1790 1124 1819 terre
1150 1788 1180 1818 in
1206 1787 1282 1827 quel
1306 1788 1416 1828 luogo,
1442 1789 1668 1829 appartenenti
1691 1789 1725 1819 al
1750 1791 1935 1820 monastero
1961 1798 1977 1820 6

163 1850 222 1889 gic‘z
248 1850 395 1881 investite
420 1858 479 1881 con
505 1850 692 1880 istrornento
722 1850 762 1881 16
785 1849 945 1881 riicembre
966 1850 1057 1886 1432Ἰ
1078 1852 1193 1890 rogato
1221 1849 1398 1891 Galvagno
1424 1851 1463 1882 cte
1489 1851 1679 1887 anbreto,
1706 1860 1726 1882 (ι
1751 1851 1861 1883 Pletro
1891 1851 1977 1882 della

166 1911 267 1943 Porta
292 1921 308 1943 e
333 1911 376 1943 da
401 1913 515 1951 questo
536 1912 706 1951 pervemat
729 1912 782 1943 nei
805 1912 879 1943 suoi
895 1911 975 1952 figit*
1010 1912 1189 1952 Ambrogio
1214 1921 1231 1944 6
1256 1912 1399 1944 Simone.
1425 1913 1583 1945 L'nnnuo
1602 1922 1698 1945 censo
1717 1913 1733 1945 ἐ
1750 1914 1785 1945 cli
1794 1913 1909 1954 fiorini
1923 1914 1976 1945 23.

978 2069 1160 2109 CCCX.

253 2177 448 2214 Quietanza
473 2177 505 2206 d'
523 2177 635 2206 affitto
661 2177 845 2206 rilasciata
871 2178 915 2206 da
941 2178 1030 2206 frate
1056 2178 1217 2206 Lorenzo
1243 2178 1325 2206 Bisfi
1351 2178 1386 2206 di
1412 2178 1447 2206 S.
1475 2178 1657 2207 Mostiola.

817 2282 967 2314 1465,
996 2283 1214 2313 agusto9
1243 2282 1318 2306 12.

666 2370 743 2394 (Ar-ch.
760 2370 840 2390 Notar.
857 2370 878 2390 (11
896 2370 974 2391 Ρ3ν13,
991 2381 1015 2384 -
1032 2370 1079 2390 Α111
1096 2369 1117 2390 (11
1134 2369 1247 2391 Giovanni
1263 2369 1364 2391 Battista
1381 2370 1481 2394 Vailati).

181 2455 182 2478 l

181 2494 183 2544 Ι
230 2493 352 2609 N
411 2510 501 2537 ELLA
525 2514 605 2538 casa
630 2506 684 2538 del
706 2507 828 2543 notaio,
855 2507 886 2538 in
912 2506 1110 2538 Parrocctria
1135 2505 1170 2537 cti
1194 2505 1226 2538 S.
1252 2506 1297 2538 M.
1330 2506 1490 2538 Venetica.
1529 2505 1748 2539 Reverendus
1774 2507 1804 2538 in
1843 2505 1978 2539 Christo

181 2546 184 2630 Ι
404 2556 406 2623 Ι
433 2570 527 2609 pater
563 2569 721 2601 dominus
759 2570 918 2610 magister·
955 2569 1153 2600 Laurentius
1178 2569 1219 2600 de
1245 2568 1341 2600 Biffis
1367 2577 1461 2600 sacre
1487 2570 1609 2610 pagine
1641 2569 1816 2610 professor
1840 2568 1978 2601 Ordinis

182 2634 183 2642 ¹
404 2628 406 2651 l
434 2631 676 2664 Heremitarum
703 2633 808 2664 sancti
836 2631 1015 2673 Augustini
1031 2630 1322 2672 etpresentialiter
1339 2631 1502 2672 syndicus
1521 2633 1552 2663 et
1570 2634 1808 2672 procurator....
1835 2632 1977 2664 ecclesie

166 2695 196 2724 et
222 2693 359 2733 capituli
386 2695 416 2725 et
442 2696 630 2727 conventus
667 2695 860 2726 monasterii
898 2696 1014 2726 sancte
1051 2693 1212 2725 Mustiole
1250 2692 1354 2734 Papie
1392 2694 1469 2725 dicti
1508 2692 1689 2726 Ordinis...
1716 2695 1819 2726 riceve
1843 2694 1887 2726 da
1916 2695 1979 2726 To-

165 2756 275 2787 maino
301 2755 471 2797 Mangano
495 2757 544 2788 sei
567 2757 681 2789 saccln'
704 2757 739 2789 di
761 2757 883 2797 segale,
906 2765 968 2798 per
982 2756 1058 2797 fitto
1084 2756 1119 2788 di
1142 2756 1204 2788 ciue
1229 2756 1309 2787 anni
1331 2756 1448 2797 spirari
1471 2756 1535 2788 alle
1552 2756 1687 2789 colende
1712 2757 1746 2789 cti
1769 2759 1897 2797 agosto,
1920 2766 1982 2798 per

167 2825 232 2849 ιιηα
257 2819 340 2849 terra
364 2819 395 2850 in
424 2817 648 2851 Gtovenzano.

170 2973 191 2994 al
207 2974 275 2999 quale
289 2974 347 2995 tanti
362 2974 421 3001 elogi
437 2975 456 2996 si
471 2975 591 2997 tributario
606 2975 643 2997 (131
659 2976 765 2997 Vescovo
785 2975 890 2997 Corrado
906 2975 1041 3000 Marcellini,
1097 2975 1118 2995 di
1135 2975 1234 2996 sermoni
1251 2980 1309 2996 sono
1325 2975 1440 2996 ricordate
1455 2975 1650 3001 dall’OsslNGER,
1666 2981 1718 3002 pag.
1734 2976 1781 3001 929,
1797 2976 1838 2996 che
1854 2981 1894 3002 per
1904 2976 1972 3000 altro,

171 3023 216 3038 non
231 3017 249 3039 si
265 3018 340 3039 hanno
362 3019 452 3045 precise
473 3019 566 3041 notizie.
589 3019 685 3041 Sembra
701 3020 735 3041 sia
751 3021 771 3041 la
786 3022 863 3041 stessa
883 3025 982 3046 persona
997 3025 1040 3040 con
1096 3025 1137 3045 per
1145 3019 1387 3046 abbaglio‚aitermail
1397 3021 1477 3041 nostro
1487 3019 1603 3046 Religioso
1611 3026 1676 3041 esser
1684 3020 1819 3041 vissutoncl
1828 3020 1906 3041 secolo
1916 3020 1971 3041 XlV.

171 3061 229 3083 irate
245 3061 322 3084 pietro
338 3062 409 3084 Paolo
417 3064 446 3084 (13
455 3063 554 3090 verona.
566 3066 659 3086 oratore
669 3064 767 3091 illustre,
777 3065 813 3091 pel
823 3065 890 3091 quale
902 3064 916 3085 il
927 3064 1042 3089 TORELLl,
1150 3064 1180 3088 (l)
1196 3064 1262 3085 Frate
1278 3063 1357 3085 Nicola
1372 3064 1402 3085 (13
1417 3064 1507 3086 Verona
1523 3064 1534 3085 ὲ
1551 3065 1628 3090 quello
1643 3066 1729 3090 stesso,
1741 3065 1763 3085 di
1773 3065 1808 3086 cui
1819 3064 1840 3085 fa
1853 3065 1972 3085 menzione

171 3106 218 3132 Vll¹
234 3107 281 3132 357,
297 3112 348 3128 reca
363 3113 393 3128 un
408 3107 548 3130 documento
563 3108 600 3130 del
617 3109 640 3130 17
655 3109 753 3135 germaio
770 3109 827 3133 1487,
840 3114 851 3130 e
862 3109 883 3129 le
898 3109 933 3130 cui
946 3108 1045 3130 raccolte
1100 3108 1114 3128 il
1131 3108 1247 3134 TORELM,
1263 3108 1310 3134 vn,
1326 3113 1379 3135 pag.
1394 3108 1442 3134 595,
1457 3108 1516 3130 sulla
1532 3108 1584 3130 rede
1599 3109 1635 3130 del
1652 3108 1758 3135 Reglstro
1780 3109 1817 3129 dcl
1837 3108 1915 3130 Priore
1931 3108 1973 3130 Ge-
