2347 3444
246 237 311 269 308

246 370 326 401 tiata
351 367 490 401 Ordinis
516 370 630 399 sancte
656 366 754 400 Clare
782 366 884 407 Papie
911 369 940 397 et
966 365 1149 405 capitulum
1175 366 1206 394 et
1231 366 1434 395 conventum
1459 362 1611 394 eiusdem
1631 364 1723 402 parte
1741 362 1854 399 altera,
1881 362 2065 393 occaxione

250 434 483 473 proventuum.
513 430 702 462 reddituum
728 438 766 460 ac
793 429 907 469 prode.
934 428 1018 459 alias
1056 435 1112 467 per
1150 426 1410 457 illustrissimam
1450 433 1621 464 nunquam
1659 424 1800 455 deiende
1826 424 1983 455 memorie
2009 423 2069 454 do-

251 494 373 525 minam
401 492 583 524 Blancham
610 492 650 523 de
677 490 847 523 Sabaudia
875 490 953 520 olim
981 488 1159 519 Ducissam
1188 487 1373 518 Mediolani
1400 489 1430 517 et
1455 489 1645 517 consortem
1673 486 1890 516 illustrissimi
1910 488 1941 515 et
1959 485 2070 516 excel-

253 555 430 587 lentissimi
457 555 583 586 domini
611 554 736 585 domini
765 551 888 584 Galeaz
916 550 1130 582 vicecomitis
1156 552 1187 580 et
1214 548 1318 580 Ducis
1356 548 1554 585 Mediolani,
1591 550 1662 585 etc.‚
1700 547 1901 578 rellictorum
1940 548 1971 578 in
1997 547 2070 578 eius

253 618 369 649 ultimo
395 620 595 648 testamento
621 616 710 647 dicto
737 614 940 645 monasterio
978 614 1092 643 sancte
1131 611 1237 642 Marie
1263 611 1304 642 de
1330 611 1526 647 lanuntiata‚
1552 614 1583 642 et
1609 611 1665 650 qui
1692 610 1831 647 tructus,
1865 610 2016 641 redditus
2041 611 2072 640 et

254 683 439 720 proventus
464 679 673 710 debebantur
699 680 728 708 et
755 676 918 707 debentur
944 683 1001 714 per
1028 673 1289 704 illustrissimam
1317 671 1589 704 Dominationem
1616 672 1817 704 Venetorum
1844 672 1942 703 dictis
1968 671 2075 703 domi-

257 743 365 773 nabus
393 741 574 772 Abbatisse
599 743 629 771 et
657 738 868 770 Mrmialibus
894 737 982 767 omni
1010 744 1098 766 anno
1126 735 1156 765 in
1184 735 1368 774 quantitate
1394 735 1596 766 florenorum
1624 735 1712 765 mille
1739 735 1917 766 ducentum
1937 734 2018 771 auri,
2044 735 2075 764 et

255 804 378 835 exinde
405 812 462 843 per
489 804 582 843 ipsas
608 801 764 832 dominas
791 799 1008 830 Abbatissam
1035 800 1065 828 et
1092 797 1261 828 Moniales
1299 806 1359 838 pro
1396 800 1484 828 certa
1521 800 1613 838 parte
1652 798 1801 838 ipsorum
1829 797 2018 828 reddituum
2045 799 2076 828 et

258 867 361 907 prode
388 865 480 896 reddi
509 864 675 895 debebant
702 862 790 892 omni
818 869 906 891 anno
933 860 1031 890 dictis
1057 859 1204 891 dominis
1231 858 1335 890 Priori
1362 863 1393 891 et
1420 859 1591 891 Fratribus
1616 869 1654 891 ac
1679 861 1858 891 conventui
1887 861 1991 891 sancti
2012 859 2079 891 Au-

258 929 382 969 gustini
411 928 441 958 in
469 926 654 966 quantitate
691 924 893 954 florenorum
931 924 1063 952 centum
1100 922 1183 959 auri,
1222 922 1306 962 ipsis
1332 922 1537 953 dominabus
1563 923 1803 963 recipientibus
1830 923 1925 963 ipsos
1950 922 2078 954 fructus

260 1000 367 1031 usqu:
394 990 435 1021 ad
463 996 626 1019 summam
654 987 856 1017 florenorum
884 984 972 1015 mille
998 985 1080 1021 auri,
1108 985 1150 1015 ita
1177 984 1268 1024 quod
1295 985 1422 1015 eisdem
1450 985 1655 1016 dominabus
1681 984 1864 1017 Abbatisse
1890 988 1920 1016 et
1947 985 2081 1017 Monia-

262 1054 350 1083 libus
377 1054 582 1083 remanerent
608 1053 637 1080 et
664 1057 833 1080 remanere
859 1047 1018 1078 deberent
1044 1056 1084 1077 ex
1113 1047 1198 1087 ipsis
1224 1046 1389 1078 fructibus
1414 1050 1445 1078 et
1471 1047 1704 1087 proventibus,
1724 1048 1847 1079 debitis
1874 1056 1931 1088 per
1957 1048 2079 1079 dictam

262 1115 544 1147 Dominationem,
571 1112 686 1142 floreni
714 1113 910 1142 sexcentum
938 1110 1184 1149 quinquaginta
1210 1110 1299 1140 omni
1327 1118 1427 1145 anno,
1454 1119 1513 1150 pro
1540 1119 1601 1141 uso
1628 1114 1658 1141 et
1685 1111 1773 1142 victu
1801 1111 1948 1151 ipsarum
1976 1111 2084 1141 domi-

263 1187 376 1209 narum
403 1180 433 1207 et
460 1175 575 1206 floreni
602 1175 781 1205 ducentum
821 1182 880 1213 pro
917 1172 1149 1203 anniversario
1176 1172 1288 1203 fiendo
1315 1181 1374 1212 pro
1400 1173 1510 1203 anima
1549 1173 1634 1204 dicte
1668 1173 1802 1204 domine
1829 1172 2026 1205 Testatricis
2051 1175 2083 1204 et

264 1241 340 1271 dicti
369 1238 540 1279 quondam
567 1238 640 1268 eius
666 1236 834 1267 consortis
860 1235 949 1265 omni
977 1244 1065 1265 anno
1093 1235 1122 1265 in
1151 1235 1292 1265 ecclesia
1331 1235 1408 1266 dicti
1448 1236 1640 1266 monasterii
1668 1235 1830 1266 dictarum
1873 1236 2083 1267 dominarum

266 1301 477 1335 Monialium‚
504 1300 544 1330 de
571 1308 639 1339 quo
665 1300 865 1329 testamento
891 1300 1031 1337 apparet
1056 1299 1087 1327 et
1113 1298 1265 1337 rogatum
1292 1295 1353 1327 fuit
1379 1297 1551 1337 publicum
1579 1297 1834 1328 instrumentum
1869 1306 1958 1329 anno
1983 1307 2083 1330 curso

268 1361 574 1396 MCCCLXXXVll
602 1362 655 1392 die
681 1361 884 1391 duodecimo
911 1360 1036 1391 mensis
1055 1359 1250 1390 novembris
1270 1368 1327 1399 per
1346 1360 1516 1399 quondam
1537 1360 1709 1390 dominum
1730 1359 1909 1391 Iohannem
1931 1360 2086 1392 Iacobum

265 1427 305 1458 de
332 1426 457 1457 Bennis
493 1425 571 1455 olim
611 1424 775 1454 notarium
815 1423 1033 1463 papiensem:
1072 1421 1111 1452 Et
1147 1422 1333 1452 occaxione
1370 1422 1453 1459 eius,
1480 1423 1638 1462 quoniam
1678 1423 1755 1454 dicti
1783 1423 1908 1454 domini
1938 1422 2031 1454 Prior
2056 1426 2087 1455 et

266 1490 384 1520 tratres
411 1487 647 1529 pretendentes
673 1495 708 1517 se
734 1486 917 1516 creditores
944 1485 1106 1516 dictarum
1135 1485 1346 1515 dominarum
1386 1484 1568 1516 Abbatisse
1594 1487 1625 1516 et
1651 1485 1851 1517 Monialium
1886 1486 1926 1517 de
1952 1486 2090 1518 florenis

269 1561 327 1583 seu
366 1551 497 1582 ducatis
535 1549 671 1580 duobus
708 1548 796 1579 mille
834 1548 1014 1578 ducentum
1053 1556 1112 1587 pro
1152 1547 1251 1578 annis
1291 1547 1409 1587 viginti
1451 1547 1608 1585 duobus,
1650 1547 1754 1579 finitis
1791 1548 1821 1578 in
1861 1557 1950 1579 anno
1990 1557 2090 1580 curso

271 1611 648 1647 MCCCCLXXXVlllL
674 1614 705 1642 et
732 1611 762 1641 in
789 1610 854 1642 alia
881 1612 973 1650 parte
1000 1610 1237 1650 pretendentes
1263 1618 1298 1641 se
1323 1610 1506 1641 creditores
1533 1610 1573 1641 de
1599 1610 1730 1641 ducatis
1756 1611 1889 1651 triginta
1927 1620 1987 1642 sex
2030 1620 2091 1652 pro

271 1680 358 1708 resto
386 1676 484 1716 legati
512 1675 614 1706 debiti
643 1683 703 1714 pro
729 1682 818 1704 anno
846 1671 1119 1707 MCCCCLXVI,
1146 1681 1204 1712 per
1230 1672 1355 1703 litteras
1382 1672 1586 1703 venerabilis
1612 1673 1739 1703 domini
1767 1672 2003 1704 Arcliidiaconi
2031 1673 2094 1705 Pa-

271 1739 399 1779 piensis
425 1741 595 1777 tamquam
622 1736 873 1767 conservatoris
899 1735 1077 1776 apostolici
1105 1735 1254 1775 deputati
1294 1734 1382 1765 dicto
1420 1735 1601 1765 conventui
1639 1735 1744 1765 sancti
1780 1734 1970 1775 Augustini,
1998 1736 2095 1767 datas

271 1802 324 1832 die
351 1801 468 1832 ultimo
495 1800 622 1830 mensis
649 1799 729 1829 iullii
756 1799 832 1829 anni
860 1798 947 1829 cursi
976 1795 1353 1834 MCCCCLXXXVllll,
1373 1797 1498 1827 moneri
1517 1796 1666 1828 fecerunt
1685 1798 1918 1838 suprasciptas
1937 1798 2093 1830 dominas

273 1864 490 1895 Abbatissam
517 1865 548 1893 et
575 1861 744 1892 Moniales
782 1860 975 1891 monasterii
1014 1863 1128 1891 sancte
1166 1859 1272 1890 Marie
1311 1862 1344 1890 ut
1382 1859 1541 1890 deberent
1578 1859 1784 1891 satisfecisse
1818 1860 1916 1892 dictis
1949 1861 2097 1892 dominis

274 1926 378 1957 Priori
405 1928 435 1956 et
463 1924 645 1959 Fratribus,
673 1922 757 1954 infra
783 1926 907 1954 eertum
935 1923 1122 1959 terminum,
1149 1922 1189 1953 de
1216 1922 1314 1953 dictis
1340 1922 1552 1953 denariorum
1580 1922 1836 1962 quantitatibus,
1863 1924 1910 1954 sic
1937 1926 1970 1954 ut
1996 1932 2097 1964 supra

272 1989 380 2019 eidem
406 1987 586 2019 conventui
613 1986 718 2017 sancti
746 1985 925 2026 Augustini
953 1985 1076 2016 debitis
1101 1988 1132 2015 et
1158 1985 1384 2016 restantibus:
1423 1984 1461 2015 Et
1487 1993 1527 2015 ex
1554 1984 1699 2017 adverso
1737 1986 1971 2026 pretendentes
1997 1988 2027 2017 et
2052 1986 2099 2017 al-

275 2052 425 2091 legantes
451 2050 523 2090 ipse
550 2049 686 2080 domina
714 2047 896 2079 Abbatissa
923 2049 953 2078 et
980 2046 1149 2078 Moniales
1175 2056 1240 2078 non
1260 2056 1335 2078 esse
1354 2047 1534 2078 debitrices
1553 2048 1716 2079 dictorum
1737 2048 1948 2079 dominorum
1969 2047 2094 2080 Prioris

275 2116 305 2144 et
333 2112 480 2143 Fratrum
508 2112 595 2142 dicta
621 2111 806 2141 occaxione
834 2119 893 2150 pro
919 2118 959 2140 eo
986 2110 1064 2150 quia
1091 2109 1171 2140 niliil
1199 2109 1283 2140 ultra
1309 2109 1436 2140 eisdem
1465 2109 1646 2141 Abbatisse
1665 2112 1695 2141 et
1713 2110 1922 2141 Monialibus
1948 2110 2097 2142 debitum

278 2176 370 2206 iuxta
397 2174 538 2205 formam
565 2173 642 2204 dicti
670 2173 858 2204 testamenti
886 2181 946 2212 pro
971 2181 1084 2203 earum
1112 2173 1199 2203 victu
1226 2174 1257 2203 et
1283 2180 1345 2203 usu
1372 2174 1403 2203 et
1430 2181 1489 2212 pro
1515 2172 1746 2203 anniversario
1765 2175 1957 2213 receperant
1975 2181 1992 2204 a
2012 2173 2098 2204 dicta

278 2237 509 2268 dominatione
536 2235 739 2266 Venetorum
766 2237 796 2265 et
823 2234 914 2274 quod
942 2235 1008 2265 imo
1045 2236 1138 2265 erant
1163 2236 1194 2265 et
1220 2234 1392 2265 restabant
1428 2234 1620 2265 creditrices
1658 2234 1812 2265 iamdicte
1850 2233 2101 2267 Dominationis

280 2300 320 2330 de
347 2308 412 2329 non
443 2298 574 2329 modica
600 2297 811 2328 denariorum
839 2305 970 2327 summa
997 2305 1098 2337 super
1124 2297 1222 2327 dictis
1247 2295 1413 2327 fructibus
1439 2305 1498 2337 pro
1525 2297 1588 2327 iam
1616 2297 1713 2328 dictis
1743 2305 1855 2327 earum
1883 2296 2046 2328 fructibus
2071 2300 2102 2328 et

279 2361 447 2392 alimentis
473 2364 502 2391 et
530 2360 620 2400 quod
660 2360 732 2400 ipse
770 2368 835 2389 non
874 2361 1027 2390 tenentur
1064 2359 1127 2389 nisi
1166 2359 1299 2390 demum
1338 2360 1522 2399 receperint
1551 2362 1581 2390 et
1607 2359 1767 2399 recipiant
1803 2360 1893 2390 omni
1930 2368 2019 2391 anno
2059 2360 2100 2391 ad

282 2432 444 2454 summam
471 2423 673 2453 florenorum
702 2421 789 2452 mille
815 2421 884 2452 auri
912 2423 942 2451 et
969 2420 1059 2460 quod
1088 2429 1258 2460 nunquam
1286 2423 1481 2461 receperunt
1508 2421 1602 2461 ipsos
1628 2421 1775 2452 florenos
1791 2422 1878 2453 mille
1897 2423 1986 2453 omni
2013 2431 2102 2453 anno

284 2485 342 2516 sed
370 2485 477 2515 solum
506 2494 565 2524 pro
584 2485 682 2515 certis
708 2484 806 2514 annis
824 2483 865 2514 ad
884 2485 1078 2523 computum
1105 2483 1307 2514 florenorum
1335 2492 1393 2514 seu
1420 2483 1616 2514 ducatorum
1643 2486 1852 2515 octocentum
1872 2487 1901 2515 et
1920 2484 2103 2525 aliquando

285 2556 302 2578 a
329 2548 427 2578 certis
452 2548 549 2577 annis
575 2547 654 2577 citra
681 2546 722 2577 ad
748 2548 942 2585 computum
970 2546 1166 2576 ducatorum
1194 2548 1486 2585 quattuorcentum
1515 2546 1544 2576 in
1571 2554 1659 2577 anno
1685 2549 1715 2577 et
1741 2546 1926 2586 aliquando
1960 2548 2104 2588 singulis

286 2609 420 2640 duobus
446 2609 554 2645 annis,
581 2608 798 2648 quamplures
823 2608 1042 2648 exceptiones
1068 2610 1098 2638 et
1124 2608 1361 2648 oppositiones
1387 2611 1500 2639 contra
1529 2609 1621 2648 ipsas
1648 2609 1773 2639 litteras
1799 2608 1947 2640 fecerunt
1964 2612 1995 2640 et
2013 2618 2103 2640 com-

289 2674 483 2711 posuerunt.
511 2671 598 2700 unde
628 2671 701 2700 liinc
729 2670 804 2700 inde
832 2670 933 2700 multa
961 2670 1106 2701 adducta
1133 2673 1164 2700 et
1189 2670 1332 2711 allegata
1358 2669 1490 2701 fuerunt
1517 2679 1576 2710 pro
1616 2671 1730 2701 maiori
1766 2680 1895 2702 summa
1921 2674 1951 2702 et
1976 2672 2103 2703 eisdem

288 2733 492 2764 dominabus
520 2731 700 2762 Abbatisse
727 2734 757 2762 et
785 2731 994 2763 Monialibus
1020 2732 1161 2772 proinde
1186 2732 1250 2763 alie
1277 2732 1381 2763 littere
1408 2733 1583 2763 monitorie
1610 2733 1761 2764 similiter
1779 2733 2103 2771 emanatejuerunt,

290 2795 365 2825 date
391 2794 455 2825 sub
481 2794 533 2824 die
561 2793 744 2833 vigessimo
771 2794 920 2823 secundo
947 2794 1072 2824 mensis
1099 2794 1293 2825 novembris
1325 2795 1402 2825 anni
1439 2795 1526 2825 cursi
1555 2792 1877 2833 MCCCCLXXXX,
1915 2795 2039 2836 quibus
2065 2796 2110 2827 si-

292 2856 409 2887 militer
436 2855 496 2886 tuit
523 2863 734 2894 responsum.
762 2853 868 2894 Super
895 2855 1020 2894 quibus
1045 2855 1178 2892 exinde,
1205 2857 1434 2887 controversia
1461 2857 1534 2896 ipsa
1561 2858 1591 2887 et
1617 2856 1842 2897 diseptatione
1862 2859 2108 2897 perseverante,

293 2919 382 2949 varie
408 2917 492 2949 tacte
518 2917 650 2948 fuerunt
676 2917 900 2947 comissiones
926 2921 956 2947 et
983 2917 1226 2957 dellegationes
1252 2926 1310 2949 seu
1338 2918 1470 2949 diversa
1497 2919 1657 2958 rescripta
1685 2919 1858 2959 impetrata
1891 2928 1932 2950 ex
1968 2922 2107 2960 utraque

294 2983 396 3021 parte,
423 2982 453 3011 et
481 2979 628 3010 ultimate
656 2978 686 3008 in
726 2986 904 3018 personam
944 2979 1020 3009 dicti
1059 2980 1185 3010 domini
1214 2979 1448 3011 Archidiaconi
1475 2989 1586 3012 coram
1614 2990 1681 3021 quo
1708 2990 1902 3021 processum
1945 2981 2028 3019 fuit,
2065 2982 2106 3013 ad

295 3042 512 3082 quamplures
549 3043 643 3072 actus
680 3040 907 3080 oppositaque
945 3040 1006 3071 tuit
1044 3042 1198 3082 exceptio
1233 3042 1471 3078 declinatoria‚
1504 3043 1659 3083 exceptio
1686 3052 1822 3083 quoque
1848 3044 2054 3084 suspicionis
2079 3046 2111 3075 et

295 3105 518 3136 recusationis
557 3104 633 3134 item
659 3105 689 3133 et
715 3102 871 3142 exceptio
912 3103 1133 3134 restitutionis
1166 3112 1391 3144 expensarum
1419 3105 1449 3135 in
1476 3113 1578 3136 causa
1616 3105 1794 3145 primarum
1834 3106 2012 3137 litterarum
2043 3105 2111 3137 fac-
