2347 3444
1970 227 2033 258 213

987 405 1270 446 CDXXIV.

309 511 336 539 11
363 511 520 547 Collegio
546 513 602 541 dei
628 513 733 541 Notai
759 514 793 542 di
820 514 932 542 Pavia
958 515 1140 542 autorizza
1166 515 1189 542 il
1216 514 1330 550 rogito
1356 514 1390 542 iri
1415 514 1536 550 giorno
1566 515 1696 543 festivo
1722 516 1755 543 di
1782 525 1848 544 una
1885 525 2035 553 proroga

222 565 256 593 di
280 569 491 601 pagamento
517 566 647 594 dovuto
674 567 743 602 agli
770 567 963 595 Eremitani
990 567 1024 595 di
1050 568 1086 596 S.
1114 568 1234 599 Panlo,

838 654 993 683 1470,
1021 654 1290 685 ge1111z110‚
1320 655 1410 679 30.

734 742 811 763 (Arcti.
830 742 908 763 Notar.
926 743 947 763 di
965 742 1033 763 Pavia
1051 754 1074 756 —
1091 743 1138 763 Atti
1155 743 1175 763 di
1193 742 1250 763 Gian
1266 742 1377 764 Giacomo
1393 742 1522 767 (ἶιιηονῑηῑ)Δ

327 845 374 960 Ι
467 864 489 890 N
515 858 655 891 Camera
681 859 867 891 Vcnerandi
895 859 1036 901 Collegii
1064 861 1273 891 dominorum
1301 860 1513 891 Notariorum
1540 861 1685 892 civitatis
1706 860 1818 901 Papie,
1838 862 1899 892 sita
1919 862 2039 893 subtus

490 920 732 953 Canzellariam
758 924 788 952 et
815 923 1038 962 respondente
1064 923 1227 954 deversus
1252 924 1375 954 curiam
1404 923 1528 963 pallatii
1556 922 1720 955 Comunis
1747 923 1882 964 Papie...
1910 925 1939 955 in
1968 934 2039 964 prc-

489 984 594 1015 sentia
621 985 828 1024 egregiorum
855 986 885 1015 et
912 985 1123 1025 prudentium
1152 986 1296 1016 virorum
1324 985 1567 1016 dominorum...
1594 986 1769 1017 consulum
1804 985 1945 1027 Collegii
1974 987 2041 1017 No-

223 1047 379 1077 tariorum
406 1047 551 1077 civitatis
578 1045 690 1086 Papie‚
717 1047 918 1078 constitutus
945 1046 1152 1079 Cristotorus
1171 1048 1211 1078 de
1230 1046 1369 1079 Collis...
1396 1048 1545 1078 notarius
1573 1049 1756 1088 papiensis,
1783 1050 1847 1079 tam
1876 1049 2041 1079 humiliter

225 1118 324 1149 quam
352 1109 472 1140 devote
498 1109 657 1149 exposuit
684 1109 767 1149 ipsis
794 1109 939 1140 dominis
966 1108 1174 1141 Consulibus
1201 1110 1290 1150 quod
1311 1120 1369 1150 pro
1389 1112 1476 1141 certo
1496 1111 1609 1141 debito
1636 1111 1794 1142 notabilis
1825 1112 2038 1151 pecuniarum

224 1172 418 1211 quantitatis
437 1171 527 1211 quod
548 1171 646 1202 habet
664 1180 737 1202 cum
765 1172 946 1202 reverendo
973 1174 1003 1202 et
1023 1172 1271 1203 venerabilibus
1290 1173 1435 1203 dominis
1455 1172 1567 1203 Priore
1585 1175 1615 1203 et
1634 1172 1792 1204 tratribus
1811 1174 1914 1204 sancti
1936 1173 2040 1210 Pauli,

224 1233 361 1265 Ordinis
388 1233 627 1264 Heremitarum
655 1232 764 1265 Sancti
793 1233 970 1274 Augustini
998 1234 1037 1265 de
1064 1233 1298 1271 Observantia,
1325 1237 1416 1265 extra
1443 1237 1473 1265 et
1500 1244 1603 1274 prope
1631 1236 1737 1265 menia
1756 1236 1901 1266 civitatis
1928 1235 2041 1276 Papie,

224 1298 392 1336 tamquam
421 1296 588 1336 legatariis
615 1296 739 1326 domini
768 1296 875 1327 iacobi
903 1297 942 1327 de
971 1296 1140 1327 Landiiltis
1167 1296 1212 1336 t‘q.
1240 1296 1364 1327 domini
1394 1296 1553 1327 Albertoli
1579 1295 1640 1334 (1),
1679 1298 1853 1336 requisivit
1884 1306 2043 1337 proroga-

225 1359 346 1389 tionem
374 1359 520 1398 ipsarum
560 1358 763 1388 solutionum
792 1359 858 1389 fieri
887 1359 949 1398 ipsi
988 1358 1199 1390 Christoforo
1227 1368 1283 1399 per
1309 1359 1445 1389 eosdem
1484 1359 1640 1390 dominos
1679 1358 1823 1390 Priorem
1862 1362 1891 1390 et
1925 1359 2042 1390 fratres

225 1429 323 1461 quam
351 1421 422 1451 suis
449 1421 652 1451 humanitate
686 1424 715 1452 et
743 1422 863 1461 pietate
890 1420 996 1452 facere
1033 1421 1173 1452 otterunt
1201 1422 1263 1461 ipsi
1291 1422 1415 1451 domini
1455 1420 1547 1451 Prior
1584 1423 1614 1452 et
1640 1420 1767 1452 fratres.
1810 1421 1929 1452 Verum
1965 1422 2042 1461 quia

225 1483 428 1514 reverendus
447 1483 477 1513 in
497 1481 633 1514 Christo
653 1486 744 1523 pater
763 1483 920 1514 dominus
945 1483 1044 1514 frater
1070 1482 1244 1523 Seraphim
1271 1484 1311 1514 de
1339 1483 1495 1523 Luzagho
1515 1483 1554 1514 de
1574 1483 1691 1520 Brisia‚
1712 1482 1771 1514 Dei
1798 1484 1908 1524 gracia
1936 1484 2042 1523 ipsius

225 1546 415 1577 monasterii
443 1544 546 1582 Prior,
574 1546 672 1576 habet
699 1546 751 1576 die
778 1546 852 1576 lune
879 1546 1031 1586 proxime
1057 1545 1166 1576 futura
1186 1546 1215 1576 in
1236 1554 1330 1576 mane
1350 1546 1464 1585 pupim
1491 1545 1670 1576 ascendere
1696 1548 1780 1576 etse
1806 1546 1982 1577 transferre
2000 1546 2041 1577 ad

225 1609 392 1639 civitatem
420 1606 584 1640 Cremone
610 1608 651 1639 ad
679 1608 918 1648 predicandum
945 1609 975 1639 ct
1001 1609 1078 1647 quia
1106 1609 1135 1638 in
1165 1608 1237 1648 ipsa
1263 1608 1396 1638 civitate
1423 1616 1530 1647 usque
1567 1607 1609 1638 ad
1643 1609 1795 1638 octavam
1827 1607 1956 1639 Pasche
1984 1607 2043 1640 Re-

225 1671 440 1702 surrectionis
467 1669 600 1701 Domini
629 1671 731 1701 nostri
760 1670 855 1701 lhesu
882 1669 1006 1702 Christi
1034 1670 1185 1710 proxime
1212 1669 1354 1700 futuram
1383 1669 1504 1700 ibidem
1531 1672 1580 1700 est
1599 1678 1724 1700 moram
1744 1671 1918 1707 tracturus,
1937 1670 2044 1701 taliter

225 1733 315 1773 quod
342 1735 567 1773 opportunum
594 1734 683 1764 esset
708 1733 836 1763 differre
862 1733 934 1763 eius
960 1732 1151 1769 adventum,
1179 1741 1242 1772 que
1269 1740 1359 1762 mora
1386 1732 1578 1762 succederet
1608 1732 1754 1762 maximo
1774 1732 1952 1762 incomodo
1979 1732 2042 1772 ipsi

226 1794 449 1833 christoforo,
477 1795 539 1826 nisi
567 1795 714 1826 bonitate
752 1794 973 1835 prefactorum
1013 1794 1223 1825 dominorum
1262 1792 1448 1826 Consulum
1487 1794 1723 1825 concederetur
1749 1794 1879 1825 licentia
1906 1794 2043 1824 domino

226 1857 362 1889 Iohanni
390 1858 430 1889 de
456 1856 628 1889 Scanzolis
654 1858 783 1888 notario
810 1858 962 1897 papiensi
990 1858 1098 1897 ipsum
1127 1857 1380 1888 instrumentum
1415 1856 1576 1897 possendi
1603 1865 1719 1897 rogare
1746 1856 1799 1887 die
1832 1855 2043 1893 Dominicha,

225 1921 277 1951 die
302 1921 445 1951 crastina
472 1920 624 1960 proxime
650 1919 769 1957 futura,
796 1928 861 1950 non
888 1919 1102 1950 obstantibus
1129 1918 1382 1959 provisionibus
1408 1919 1587 1958 superinde
1605 1919 1704 1949 editis
1722 1920 1752 1949 et
1770 1918 1946 1949 ordinibus
1965 1919 2041 1949 dicti

225 1981 378 2024 Collegii‚
405 1992 503 2023 quam
532 1983 696 2014 licentiam
723 1983 832 2013 dictus
858 1981 1090 2014 Christoforus
1116 1983 1181 2012 tam
1208 1983 1394 2012 reverenter
1420 1990 1518 2021 quam
1546 1981 1666 2012 devote
1692 1980 1829 2012 concedi
1856 1982 1982 2011 exorat.

312 2044 376 2083 Qui
404 2046 529 2076 domini
556 2045 723 2083 consules,
749 2053 789 2076 ex
816 2045 1010 2075 auctoritate
1037 2044 1100 2075 sibi
1127 2052 1298 2081 concessa,
1325 2043 1413 2074 dicto
1440 2043 1576 2074 domino
1603 2043 1739 2074 Iohanni
1745 2068 1795 2074 .....
1822 2043 1986 2074 licentiam
1992 2068 2041 2074 .....

224 2108 453 2140 concedunt....
480 2108 689 2139 decernendo
716 2108 968 2139 instrumentum
996 2106 1180 2147 rogandum
1208 2107 1241 2136 ut
1267 2114 1367 2146 supra
1394 2106 1515 2137 vallere
1541 2108 1571 2137 et
1597 2107 1716 2142 tenere,
1742 2107 1802 2136 etc.

1001 2262 1259 2303 CDXXV.

311 2374 339 2402 11
365 2374 527 2410 Capitolo
553 2374 587 2402 di
621 2374 656 2402 S.
683 2373 857 2409 Agostino
881 2376 1039 2409 permuta
1063 2380 1107 2399 un
1132 2376 1270 2399 terreno
1296 2371 1330 2399 in
1356 2370 1475 2399 Trovo
1512 2374 1687 2407 spettante
1714 2370 1784 2398 alla
1811 2370 1979 2406 Cappella
2005 2369 2040 2397 di

225 2427 260 2456 S.
287 2427 402 2455 Maria
427 2437 444 2455 e
471 2427 505 2455 di
531 2427 567 2455 S.
595 2426 803 2455 Tommaso.

888 2538 1042 2571 1479,
1073 2545 1292 2569 11131‘209
1322 2538 1374 2562 δ.

746 2628 823 2652 (ΑιτῐιΔ
841 2628 921 2649 Notat,
938 2627 959 2648 di
977 2627 1046 2648 pavia
1065 2638 1087 2640 —
1104 2626 1151 2647 Atti
1167 2626 1189 2646 di
1205 2625 1328 2647 Guniiorto
1344 2624 1519 2650 Strazzapani).

241 2812 242 2827 ³
462 2803 492 2871 ῘΝ
517 2826 668 2858 sacristia
694 2825 892 2859 Conventus
917 2827 948 2857 et
972 2825 1111 2856 ecclesie
1136 2823 1272 2855 fratrum
1299 2822 1538 2854 Heremitarum
1565 2821 1676 2854 Sancti
1700 2821 1877 2863 Augustini
1896 2821 2041 2852 civitatis

241 2857 242 2906 i
329 2813 376 2928 I
461 2874 463 2915 Ι
492 2887 616 2929 Papie,
653 2889 715 2920 sita
742 2889 772 2920 in
799 2888 898 2920 solita
923 2886 1087 2919 Citadella
1115 2886 1221 2926 ipsius
1247 2885 1413 2922 civitatis,
1452 2885 1482 2916 in
1510 2883 1608 2916 Porta
1635 2883 1775 2921 Palatii,
1814 2884 1845 2915 in
1880 2882 2041 2914 Parochia

461 2930 463 2976 i
491 2951 595 2983 sancti
622 2950 753 2983 Andree
778 2950 818 2982 de
844 2950 989 2981 Brolio...
1005 2947 1089 2981 Cum
1109 2956 1222 2979 verum
1242 2947 1283 2979 sit
1302 2947 1392 2987 quod
1412 2947 1451 2978 de
1469 2955 1558 2978 anno
1576 2955 1674 2978 curso
1693 2946 1861 2977 mcccclxx
1882 2945 2041 2978 secundo,

281 3109 310 3133 (l)
328 3108 384 3130 Vedi
400 3107 414 3129 il
429 3107 570 3129 documento
586 3107 622 3129 del
638 3108 663 3128 24
678 3108 804 3129 novembre
822 3108 879 3128 1477.
