<?xml version="1.0" encoding="UTF-8"?>
<!DOCTYPE html PUBLIC "-//W3C//DTD XHTML 1.0 Transitional//EN"
    "http://www.w3.org/TR/xhtml1/DTD/xhtml1-transitional.dtd">
<html xmlns="http://www.w3.org/1999/xhtml" xml:lang="en" lang="en">
 <head>
  <title>
</title>
<meta http-equiv="Content-Type" content="text/html;charset=utf-8" />
  <meta name='ocr-system' content='tesseract 3.04.00' />
  <meta name='ocr-capabilities' content='ocr_page ocr_carea ocr_par ocr_line ocrx_word'/>
</head>
<body>
  <div class='ocr_page' id='page_1' title='image "./codexdiplomaticu02maiouoft_0292.png"; bbox 0 0 2347 3444; ppageno 0'>
   <div class='ocr_carea' id='block_1_1' title="bbox 309 209 374 240">
    <p class='ocr_par' dir='ltr' id='par_1_1' title="bbox 309 209 374 240">
     <span class='ocr_line' id='line_1_1' title="bbox 309 209 374 240; baseline -0.015 0"><span class='ocrx_word' id='word_1_1' title='bbox 309 209 374 240; x_wconf 84' lang='lat'>242</span> 
     </span>
    </p>
   </div>
   <div class='ocr_carea' id='block_1_2' title="bbox 1041 417 1375 458">
    <p class='ocr_par' dir='ltr' id='par_1_2' title="bbox 1041 417 1375 458">
     <span class='ocr_line' id='line_1_2' title="bbox 1041 417 1375 458; baseline -0.006 0"><span class='ocrx_word' id='word_1_2' title='bbox 1041 417 1375 458; x_wconf 81' lang='lat' dir='ltr'>CDLXVIII.</span> 
     </span>
    </p>
   </div>
   <div class='ocr_carea' id='block_1_3' title="bbox 310 524 2126 618">
    <p class='ocr_par' dir='ltr' id='par_1_3' title="bbox 310 524 2126 618">
     <span class='ocr_line' id='line_1_3' title="bbox 399 524 2126 565; baseline -0.001 -8"><span class='ocrx_word' id='word_1_3' title='bbox 399 528 642 565; x_wconf 87' lang='lat' dir='ltr'>Disposizioni</span> <span class='ocrx_word' id='word_1_4' title='bbox 667 527 936 556; x_wconf 84' lang='lat' dir='ltr'>testamentarie</span> <span class='ocrx_word' id='word_1_5' title='bbox 962 527 996 555; x_wconf 87' lang='lat' dir='ltr'>di</span> <span class='ocrx_word' id='word_1_6' title='bbox 1023 526 1223 554; x_wconf 80' lang='lat' dir='ltr'>Elisabetta</span> <span class='ocrx_word' id='word_1_7' title='bbox 1249 524 1409 552; x_wconf 86' lang='lat' dir='ltr'>Moruzzi</span> <span class='ocrx_word' id='word_1_8' title='bbox 1435 533 1454 552; x_wconf 80' lang='lat' dir='ltr'>a</span> <span class='ocrx_word' id='word_1_9' title='bbox 1480 524 1603 553; x_wconf 73' lang='lat' dir='ltr'>favore</span> <span class='ocrx_word' id='word_1_10' title='bbox 1628 525 1722 554; x_wconf 86' lang='lat' dir='ltr'>della</span> <span class='ocrx_word' id='word_1_11' title='bbox 1740 525 1908 562; x_wconf 85' lang='lat' dir='ltr'>Cappella</span> <span class='ocrx_word' id='word_1_12' title='bbox 1925 526 1961 555; x_wconf 90' lang='lat' dir='ltr'>di</span> <span class='ocrx_word' id='word_1_13' title='bbox 1980 527 2014 556; x_wconf 91' lang='lat' dir='ltr'>S.</span> <span class='ocrx_word' id='word_1_14' title='bbox 2042 527 2126 556; x_wconf 90' lang='lat' dir='ltr'>Gio-</span> 
     </span>
     <span class='ocr_line' id='line_1_4' title="bbox 310 577 1432 618; baseline -0.006 -6"><span class='ocrx_word' id='word_1_15' title='bbox 310 583 412 612; x_wconf 85' lang='lat' dir='ltr'>vanni</span> <span class='ocrx_word' id='word_1_16' title='bbox 439 583 473 611; x_wconf 87' lang='lat' dir='ltr'>in</span> <span class='ocrx_word' id='word_1_17' title='bbox 499 582 534 611; x_wconf 89' lang='lat' dir='ltr'>S.</span> <span class='ocrx_word' id='word_1_18' title='bbox 561 581 749 618; x_wconf 85' lang='lat' dir='ltr'>Agostino‚</span> <span class='ocrx_word' id='word_1_19' title='bbox 776 590 794 609; x_wconf 91' lang='lat' dir='ltr'>e</span> <span class='ocrx_word' id='word_1_20' title='bbox 820 581 854 609; x_wconf 90' lang='lat' dir='ltr'>di</span> <span class='ocrx_word' id='word_1_21' title='bbox 881 581 916 609; x_wconf 88' lang='lat' dir='ltr'>S.</span> <span class='ocrx_word' id='word_1_22' title='bbox 944 580 1055 608; x_wconf 81' lang='lat' dir='ltr'>Paolo</span> <span class='ocrx_word' id='word_1_23' title='bbox 1081 588 1098 607; x_wconf 91' lang='lat' dir='ltr'>e</span> <span class='ocrx_word' id='word_1_24' title='bbox 1124 579 1160 607; x_wconf 86' lang='lat' dir='ltr'>di</span> <span class='ocrx_word' id='word_1_25' title='bbox 1185 579 1221 607; x_wconf 90' lang='lat' dir='ltr'>S.</span> <span class='ocrx_word' id='word_1_26' title='bbox 1249 577 1432 606; x_wconf 85' lang='lat' dir='ltr'>Mostiola.</span> 
     </span>
    </p>
   </div>
   <div class='ocr_carea' id='block_1_4' title="bbox 965 690 1474 724">
    <p class='ocr_par' dir='ltr' id='par_1_4' title="bbox 965 690 1474 724">
     <span class='ocr_line' id='line_1_5' title="bbox 965 690 1474 724; baseline -0.002 -7"><span class='ocrx_word' id='word_1_27' title='bbox 965 692 1128 723; x_wconf 75' lang='lat'>1482,</span> <span class='ocrx_word' id='word_1_28' title='bbox 1160 691 1367 724; x_wconf 74' lang='lat' dir='ltr'>lug-no,</span> <span class='ocrx_word' id='word_1_29' title='bbox 1398 690 1474 716; x_wconf 77' lang='lat'>1¹7.</span> 
     </span>
    </p>
   </div>
   <div class='ocr_carea' id='block_1_5' title="bbox 842 779 1600 805">
    <p class='ocr_par' dir='ltr' id='par_1_5' title="bbox 842 779 1600 805">
     <span class='ocr_line' id='line_1_6' title="bbox 842 779 1600 805; baseline -0.003 -3"><span class='ocrx_word' id='word_1_30' title='bbox 842 782 919 802; x_wconf 55' lang='grc' dir='ltr'>ῚΑῑεΙι.</span> <span class='ocrx_word' id='word_1_31' title='bbox 937 781 1017 802; x_wconf 83' lang='lat' dir='ltr'>Notar.</span> <span class='ocrx_word' id='word_1_32' title='bbox 1034 780 1055 800; x_wconf 87' lang='lat' dir='ltr'>di</span> <span class='ocrx_word' id='word_1_33' title='bbox 1073 779 1151 801; x_wconf 80' lang='lat' dir='ltr'>Pavia.</span> <span class='ocrx_word' id='word_1_34' title='bbox 1168 791 1193 793; x_wconf 97' lang='lat'><strong>—</strong></span> <span class='ocrx_word' id='word_1_35' title='bbox 1209 779 1256 800; x_wconf 83' lang='lat' dir='ltr'>Atti</span> <span class='ocrx_word' id='word_1_36' title='bbox 1273 779 1294 800; x_wconf 88' lang='lat' dir='ltr'>di</span> <span class='ocrx_word' id='word_1_37' title='bbox 1311 779 1424 805; x_wconf 80' lang='lat' dir='ltr'>Agostino</span> <span class='ocrx_word' id='word_1_38' title='bbox 1441 779 1600 805; x_wconf 54' lang='lat' dir='ltr'>Gravanago‘.</span> 
     </span>
    </p>
   </div>
   <div class='ocr_carea' id='block_1_6' title="bbox 311 970 2136 1771">
    <p class='ocr_par' dir='ltr' id='par_1_6' title="bbox 410 970 2132 1143">
     <span class='ocr_line' id='line_1_7' title="bbox 410 970 2132 1084; baseline -0.001 -72"><span class='ocrx_word' id='word_1_39' title='bbox 410 970 457 1084; x_wconf 78' lang='grc' dir='ltr'>Ι</span> <span class='ocrx_word' id='word_1_40' title='bbox 556 987 578 1012; x_wconf 71' lang='lat' dir='ltr'>N</span> <span class='ocrx_word' id='word_1_41' title='bbox 605 990 684 1012; x_wconf 76' lang='lat' dir='ltr'>cusa</span> <span class='ocrx_word' id='word_1_42' title='bbox 710 980 763 1011; x_wconf 75' lang='lat' dir='ltr'>del</span> <span class='ocrx_word' id='word_1_43' title='bbox 786 979 908 1013; x_wconf 76' lang='lat' dir='ltr'>notaio,</span> <span class='ocrx_word' id='word_1_44' title='bbox 936 977 1136 1009; x_wconf 78' lang='lat' dir='ltr'>Parrocclziu</span> <span class='ocrx_word' id='word_1_45' title='bbox 1161 978 1196 1009; x_wconf 81' lang='lat' dir='ltr'>di</span> <span class='ocrx_word' id='word_1_46' title='bbox 1220 977 1252 1010; x_wconf 89' lang='lat' dir='ltr'>S.</span> <span class='ocrx_word' id='word_1_47' title='bbox 1279 978 1322 1009; x_wconf 91' lang='lat' dir='ltr'>M.</span> <span class='ocrx_word' id='word_1_48' title='bbox 1350 978 1380 1008; x_wconf 86' lang='lat' dir='ltr'>in</span> <span class='ocrx_word' id='word_1_49' title='bbox 1407 976 1546 1008; x_wconf 68' lang='lat' dir='ltr'>Persica.</span> <span class='ocrx_word' id='word_1_50' title='bbox 1579 977 1786 1009; x_wconf 77' lang='lat' dir='ltr'>Testamento</span> <span class='ocrx_word' id='word_1_51' title='bbox 1804 977 1891 1009; x_wconf 77' lang='lat' dir='ltr'>della</span> <span class='ocrx_word' id='word_1_52' title='bbox 1909 978 2044 1017; x_wconf 74' lang='lat' dir='ltr'>signom</span> <span class='ocrx_word' id='word_1_53' title='bbox 2062 978 2132 1010; x_wconf 80' lang='lat' dir='ltr'>Isa-</span> 
     </span>
     <span class='ocr_line' id='line_1_8' title="bbox 578 1037 2129 1082; baseline -0.001 -9"><span class='ocrx_word' id='word_1_54' title='bbox 578 1043 664 1073; x_wconf 75' lang='lat' dir='ltr'>bcttu</span> <span class='ocrx_word' id='word_1_55' title='bbox 690 1041 842 1073; x_wconf 67' lang='lat' dir='ltr'>Moruzzi</span> <span class='ocrx_word' id='word_1_56' title='bbox 864 1039 921 1079; x_wconf 88' lang='lat' dir='ltr'>(de</span> <span class='ocrx_word' id='word_1_57' title='bbox 949 1037 1119 1078; x_wconf 81' lang='lat' dir='ltr'>Morucio)</span> <span class='ocrx_word' id='word_1_58' title='bbox 1144 1039 1198 1070; x_wconf 77' lang='lat' dir='ltr'>del</span> <span class='ocrx_word' id='word_1_59' title='bbox 1214 1039 1256 1080; x_wconf 78' lang='lat' dir='ltr'>fu</span> <span class='ocrx_word' id='word_1_60' title='bbox 1282 1039 1390 1079; x_wconf 79' lang='lat' dir='ltr'>Luigi,</span> <span class='ocrx_word' id='word_1_61' title='bbox 1417 1048 1477 1070; x_wconf 85' lang='lat' dir='ltr'>con</span> <span class='ocrx_word' id='word_1_62' title='bbox 1503 1040 1556 1070; x_wconf 80' lang='lat' dir='ltr'>cui</span> <span class='ocrx_word' id='word_1_63' title='bbox 1590 1048 1714 1080; x_wconf 88' lang='lat' dir='ltr'>corpus</span> <span class='ocrx_word' id='word_1_64' title='bbox 1751 1049 1847 1071; x_wconf 90' lang='lat' dir='ltr'>suum</span> <span class='ocrx_word' id='word_1_65' title='bbox 1891 1041 1960 1072; x_wconf 91' lang='lat' dir='ltr'>vult</span> <span class='ocrx_word' id='word_1_66' title='bbox 1997 1041 2129 1082; x_wconf 85' lang='lat' dir='ltr'>sepeliri</span> 
     </span>
     <span class='ocr_line' id='line_1_9' title="bbox 578 1101 2132 1143; baseline -0.001 -7"><span class='ocrx_word' id='word_1_67' title='bbox 578 1105 709 1142; x_wconf 70' lang='lat' dir='ltr'>debere,</span> <span class='ocrx_word' id='word_1_68' title='bbox 737 1104 767 1134; x_wconf 85' lang='lat' dir='ltr'>in</span> <span class='ocrx_word' id='word_1_69' title='bbox 794 1103 934 1134; x_wconf 85' lang='lat' dir='ltr'>ecclesia</span> <span class='ocrx_word' id='word_1_70' title='bbox 961 1103 1065 1133; x_wconf 85' lang='lat' dir='ltr'>sancti</span> <span class='ocrx_word' id='word_1_71' title='bbox 1095 1101 1284 1143; x_wconf 70' lang='lat' dir='ltr'>Augustini,</span> <span class='ocrx_word' id='word_1_72' title='bbox 1312 1103 1342 1133; x_wconf 92' lang='lat' dir='ltr'>in</span> <span class='ocrx_word' id='word_1_73' title='bbox 1369 1103 1497 1143; x_wconf 82' lang='lat' dir='ltr'>capella</span> <span class='ocrx_word' id='word_1_74' title='bbox 1524 1103 1628 1134; x_wconf 88' lang='lat' dir='ltr'>sancti</span> <span class='ocrx_word' id='word_1_75' title='bbox 1668 1103 1857 1135; x_wconf 76' lang='lat' dir='ltr'>Iohannis...</span> <span class='ocrx_word' id='word_1_76' title='bbox 1895 1103 1970 1135; x_wconf 97' lang='lat' dir='ltr'>ltem</span> <span class='ocrx_word' id='word_1_77' title='bbox 2010 1104 2065 1135; x_wconf 87' lang='lat' dir='ltr'>dat</span> <span class='ocrx_word' id='word_1_78' title='bbox 2101 1107 2132 1136; x_wconf 83' lang='lat' dir='ltr'>et</span> 
     </span>
    </p>

    <p class='ocr_par' dir='ltr' id='par_1_7' title="bbox 311 1164 2136 1771">
     <span class='ocr_line' id='line_1_10' title="bbox 314 1164 2133 1209; baseline -0.002 -9"><span class='ocrx_word' id='word_1_79' title='bbox 314 1170 398 1209; x_wconf 58' lang='lat' dir='ltr'>legat</span> <span class='ocrx_word' id='word_1_80' title='bbox 425 1169 510 1199; x_wconf 80' lang='lat' dir='ltr'>dicte</span> <span class='ocrx_word' id='word_1_81' title='bbox 536 1167 662 1208; x_wconf 75' lang='lat' dir='ltr'>capelle</span> <span class='ocrx_word' id='word_1_82' title='bbox 701 1166 805 1197; x_wconf 80' lang='lat' dir='ltr'>sancti</span> <span class='ocrx_word' id='word_1_83' title='bbox 834 1165 991 1196; x_wconf 74' lang='lat' dir='ltr'>loltannis</span> <span class='ocrx_word' id='word_1_84' title='bbox 1017 1167 1046 1195; x_wconf 89' lang='lat' dir='ltr'>et</span> <span class='ocrx_word' id='word_1_85' title='bbox 1072 1165 1251 1195; x_wconf 86' lang='lat' dir='ltr'>conventui</span> <span class='ocrx_word' id='word_1_86' title='bbox 1280 1165 1384 1196; x_wconf 80' lang='lat' dir='ltr'>sancti</span> <span class='ocrx_word' id='word_1_87' title='bbox 1412 1164 1590 1205; x_wconf 79' lang='lat' dir='ltr'>Augustini</span> <span class='ocrx_word' id='word_1_88' title='bbox 1619 1164 1722 1205; x_wconf 73' lang='lat' dir='ltr'>Papio</span> <span class='ocrx_word' id='word_1_89' title='bbox 1751 1165 1898 1197; x_wconf 73' lang='lat' dir='ltr'><strong>florenos</strong></span> <span class='ocrx_word' id='word_1_90' title='bbox 1927 1169 2056 1197; x_wconf 87' lang='lat' dir='ltr'>centum</span> <span class='ocrx_word' id='word_1_91' title='bbox 2085 1167 2133 1197; x_wconf 82' lang='lat' dir='ltr'>vi-</span> 
     </span>
     <span class='ocr_line' id='line_1_11' title="bbox 313 1227 2130 1272; baseline -0.002 -10"><span class='ocrx_word' id='word_1_92' title='bbox 313 1233 392 1272; x_wconf 64' lang='lat' dir='ltr'>ginti</span> <span class='ocrx_word' id='word_1_93' title='bbox 421 1232 580 1271; x_wconf 70' lang='lat' dir='ltr'>quinque,</span> <span class='ocrx_word' id='word_1_94' title='bbox 608 1239 667 1270; x_wconf 84' lang='lat' dir='ltr'>pro</span> <span class='ocrx_word' id='word_1_95' title='bbox 693 1230 803 1260; x_wconf 87' lang='lat' dir='ltr'>anima</span> <span class='ocrx_word' id='word_1_96' title='bbox 831 1229 938 1268; x_wconf 87' lang='lat' dir='ltr'>ipsius</span> <span class='ocrx_word' id='word_1_97' title='bbox 965 1228 1098 1258; x_wconf 84' lang='lat' dir='ltr'>dominc</span> <span class='ocrx_word' id='word_1_98' title='bbox 1125 1228 1303 1258; x_wconf 77' lang='lat' dir='ltr'>testatricis</span> <span class='ocrx_word' id='word_1_99' title='bbox 1329 1231 1359 1258; x_wconf 85' lang='lat' dir='ltr'>et</span> <span class='ocrx_word' id='word_1_100' title='bbox 1384 1236 1458 1258; x_wconf 90' lang='lat' dir='ltr'>cum</span> <span class='ocrx_word' id='word_1_101' title='bbox 1485 1237 1584 1258; x_wconf 78' lang='lat' dir='ltr'>onere</span> <span class='ocrx_word' id='word_1_102' title='bbox 1611 1227 1742 1258; x_wconf 87' lang='lat' dir='ltr'>dicendi</span> <span class='ocrx_word' id='word_1_103' title='bbox 1762 1228 1851 1258; x_wconf 91' lang='lat' dir='ltr'>omni</span> <span class='ocrx_word' id='word_1_104' title='bbox 1878 1237 1966 1259; x_wconf 87' lang='lat' dir='ltr'>anno</span> <span class='ocrx_word' id='word_1_105' title='bbox 1984 1228 2130 1259; x_wconf 82' lang='lat' dir='ltr'>officium</span> 
     </span>
     <span class='ocr_line' id='line_1_12' title="bbox 313 1289 2131 1330; baseline -0.002 -5"><span class='ocrx_word' id='word_1_106' title='bbox 313 1303 412 1325; x_wconf 88' lang='lat' dir='ltr'>unum</span> <span class='ocrx_word' id='word_1_107' title='bbox 441 1297 657 1329; x_wconf 85' lang='lat' dir='ltr'>mortuorum,</span> <span class='ocrx_word' id='word_1_108' title='bbox 698 1300 772 1322; x_wconf 85' lang='lat' dir='ltr'>cum</span> <span class='ocrx_word' id='word_1_109' title='bbox 799 1291 914 1322; x_wconf 83' lang='lat' dir='ltr'>missis</span> <span class='ocrx_word' id='word_1_110' title='bbox 940 1290 993 1321; x_wconf 86' lang='lat' dir='ltr'>XII</span> <span class='ocrx_word' id='word_1_111' title='bbox 1021 1291 1146 1330; x_wconf 82' lang='lat' dir='ltr'>parvis,</span> <span class='ocrx_word' id='word_1_112' title='bbox 1174 1290 1204 1320; x_wconf 92' lang='lat' dir='ltr'>in</span> <span class='ocrx_word' id='word_1_113' title='bbox 1232 1290 1284 1320; x_wconf 86' lang='lat' dir='ltr'>die</span> <span class='ocrx_word' id='word_1_114' title='bbox 1322 1289 1435 1320; x_wconf 87' lang='lat' dir='ltr'>obitus</span> <span class='ocrx_word' id='word_1_115' title='bbox 1472 1290 1607 1320; x_wconf 84' lang='lat' dir='ltr'>domine</span> <span class='ocrx_word' id='word_1_116' title='bbox 1647 1290 1846 1327; x_wconf 86' lang='lat' dir='ltr'>testatricis;</span> <span class='ocrx_word' id='word_1_117' title='bbox 1886 1290 1923 1321; x_wconf 76' lang='lat' dir='ltr'>Et</span> <span class='ocrx_word' id='word_1_118' title='bbox 1960 1291 2062 1330; x_wconf 80' lang='lat' dir='ltr'>quod,</span> <span class='ocrx_word' id='word_1_119' title='bbox 2101 1291 2131 1321; x_wconf 93' lang='lat' dir='ltr'>in</span> 
     </span>
     <span class='ocr_line' id='line_1_13' title="bbox 311 1350 2134 1396; baseline -0.002 -8"><span class='ocrx_word' id='word_1_120' title='bbox 311 1361 384 1388; x_wconf 85' lang='lat' dir='ltr'>actu</span> <span class='ocrx_word' id='word_1_121' title='bbox 413 1355 621 1396; x_wconf 78' lang='lat' dir='ltr'>sepeliendi,</span> <span class='ocrx_word' id='word_1_122' title='bbox 660 1354 816 1385; x_wconf 81' lang='lat' dir='ltr'>induatur</span> <span class='ocrx_word' id='word_1_123' title='bbox 842 1361 966 1393; x_wconf 86' lang='lat' dir='ltr'>corpus</span> <span class='ocrx_word' id='word_1_124' title='bbox 991 1353 1064 1384; x_wconf 86' lang='lat' dir='ltr'>eius</span> <span class='ocrx_word' id='word_1_125' title='bbox 1090 1352 1130 1383; x_wconf 87' lang='lat' dir='ltr'>de</span> <span class='ocrx_word' id='word_1_126' title='bbox 1158 1352 1272 1383; x_wconf 82' lang='lat' dir='ltr'>liabitu</span> <span class='ocrx_word' id='word_1_127' title='bbox 1300 1354 1413 1383; x_wconf 84' lang='lat' dir='ltr'>sancte</span> <span class='ocrx_word' id='word_1_128' title='bbox 1441 1350 1685 1391; x_wconf 87' lang='lat' dir='ltr'>Monace(l)...</span> <span class='ocrx_word' id='word_1_129' title='bbox 1718 1351 1794 1383; x_wconf 85' lang='lat' dir='ltr'>ltem</span> <span class='ocrx_word' id='word_1_130' title='bbox 1834 1352 1920 1393; x_wconf 86' lang='lat' dir='ltr'>legat</span> <span class='ocrx_word' id='word_1_131' title='bbox 1957 1353 2042 1383; x_wconf 90' lang='lat' dir='ltr'>dicte</span> <span class='ocrx_word' id='word_1_132' title='bbox 2079 1361 2134 1384; x_wconf 88' lang='lat' dir='ltr'>ca-</span> 
     </span>
     <span class='ocr_line' id='line_1_14' title="bbox 312 1414 2135 1459; baseline -0.002 -9"><span class='ocrx_word' id='word_1_133' title='bbox 312 1419 397 1459; x_wconf 87' lang='lat' dir='ltr'>pelle</span> <span class='ocrx_word' id='word_1_134' title='bbox 423 1418 528 1449; x_wconf 85' lang='lat' dir='ltr'>sancti</span> <span class='ocrx_word' id='word_1_135' title='bbox 556 1417 714 1448; x_wconf 81' lang='lat' dir='ltr'>Iohannis</span> <span class='ocrx_word' id='word_1_136' title='bbox 741 1416 829 1447; x_wconf 91' lang='lat' dir='ltr'>illam</span> <span class='ocrx_word' id='word_1_137' title='bbox 857 1417 1086 1456; x_wconf 75' lang='lat' dir='ltr'>mayestatem,</span> <span class='ocrx_word' id='word_1_138' title='bbox 1113 1423 1212 1454; x_wconf 85' lang='lat' dir='ltr'>quam</span> <span class='ocrx_word' id='word_1_139' title='bbox 1240 1414 1339 1445; x_wconf 82' lang='lat' dir='ltr'>liabet</span> <span class='ocrx_word' id='word_1_140' title='bbox 1366 1415 1439 1454; x_wconf 89' lang='lat' dir='ltr'>ipsa</span> <span class='ocrx_word' id='word_1_141' title='bbox 1467 1415 1496 1445; x_wconf 96' lang='lat' dir='ltr'>in</span> <span class='ocrx_word' id='word_1_142' title='bbox 1524 1414 1625 1445; x_wconf 93' lang='lat' dir='ltr'>domo</span> <span class='ocrx_word' id='word_1_143' title='bbox 1652 1423 1710 1445; x_wconf 87' lang='lat' dir='ltr'>sue</span> <span class='ocrx_word' id='word_1_144' title='bbox 1738 1414 1965 1451; x_wconf 80' lang='lat' dir='ltr'>habitationis,</span> <span class='ocrx_word' id='word_1_145' title='bbox 1992 1423 2052 1454; x_wconf 89' lang='lat' dir='ltr'>pro</span> <span class='ocrx_word' id='word_1_146' title='bbox 2082 1423 2135 1446; x_wconf 87' lang='lat' dir='ltr'>sa-</span> 
     </span>
     <span class='ocr_line' id='line_1_15' title="bbox 313 1475 2136 1517; baseline -0.002 -5"><span class='ocrx_word' id='word_1_147' title='bbox 313 1482 379 1512; x_wconf 87' lang='lat' dir='ltr'>lute</span> <span class='ocrx_word' id='word_1_148' title='bbox 405 1481 514 1512; x_wconf 84' lang='lat' dir='ltr'>anime</span> <span class='ocrx_word' id='word_1_149' title='bbox 541 1488 633 1511; x_wconf 85' lang='lat' dir='ltr'>sue...</span> <span class='ocrx_word' id='word_1_150' title='bbox 661 1478 737 1509; x_wconf 89' lang='lat' dir='ltr'>ltem</span> <span class='ocrx_word' id='word_1_151' title='bbox 765 1478 821 1508; x_wconf 89' lang='lat' dir='ltr'>dat</span> <span class='ocrx_word' id='word_1_152' title='bbox 847 1480 877 1509; x_wconf 88' lang='lat' dir='ltr'>et</span> <span class='ocrx_word' id='word_1_153' title='bbox 903 1478 990 1517; x_wconf 78' lang='lat' dir='ltr'>legat</span> <span class='ocrx_word' id='word_1_154' title='bbox 1016 1477 1163 1508; x_wconf 85' lang='lat' dir='ltr'>dominis</span> <span class='ocrx_word' id='word_1_155' title='bbox 1190 1476 1360 1508; x_wconf 80' lang='lat' dir='ltr'>Fratribus</span> <span class='ocrx_word' id='word_1_156' title='bbox 1386 1479 1416 1508; x_wconf 88' lang='lat' dir='ltr'>et</span> <span class='ocrx_word' id='word_1_157' title='bbox 1442 1477 1621 1508; x_wconf 86' lang='lat' dir='ltr'>conventui</span> <span class='ocrx_word' id='word_1_158' title='bbox 1649 1477 1753 1507; x_wconf 88' lang='lat' dir='ltr'>sancti</span> <span class='ocrx_word' id='word_1_159' title='bbox 1781 1475 1875 1507; x_wconf 80' lang='lat' dir='ltr'>Pauli</span> <span class='ocrx_word' id='word_1_160' title='bbox 1914 1476 2060 1508; x_wconf 81' lang='lat' dir='ltr'>florenos</span> <span class='ocrx_word' id='word_1_161' title='bbox 2087 1477 2136 1508; x_wconf 90' lang='lat' dir='ltr'>vi-</span> 
     </span>
     <span class='ocr_line' id='line_1_16' title="bbox 311 1538 2136 1585; baseline -0.003 -11"><span class='ocrx_word' id='word_1_162' title='bbox 311 1543 580 1585; x_wconf 64' lang='lat' dir='ltr'>gintiquinque„</span> <span class='ocrx_word' id='word_1_163' title='bbox 608 1541 684 1572; x_wconf 86' lang='lat' dir='ltr'>ltem</span> <span class='ocrx_word' id='word_1_164' title='bbox 712 1540 767 1571; x_wconf 85' lang='lat' dir='ltr'>dat</span> <span class='ocrx_word' id='word_1_165' title='bbox 793 1542 823 1571; x_wconf 89' lang='lat' dir='ltr'>et</span> <span class='ocrx_word' id='word_1_166' title='bbox 850 1540 937 1581; x_wconf 80' lang='lat' dir='ltr'>legat</span> <span class='ocrx_word' id='word_1_167' title='bbox 962 1540 1141 1570; x_wconf 88' lang='lat' dir='ltr'>conventui</span> <span class='ocrx_word' id='word_1_168' title='bbox 1169 1541 1282 1570; x_wconf 90' lang='lat' dir='ltr'>sancte</span> <span class='ocrx_word' id='word_1_169' title='bbox 1310 1539 1470 1570; x_wconf 84' lang='lat' dir='ltr'>Mustiole</span> <span class='ocrx_word' id='word_1_170' title='bbox 1497 1538 1600 1579; x_wconf 78' lang='lat' dir='ltr'>Papie</span> <span class='ocrx_word' id='word_1_171' title='bbox 1625 1539 1772 1569; x_wconf 78' lang='lat' dir='ltr'>florenos</span> <span class='ocrx_word' id='word_1_172' title='bbox 1798 1538 1945 1569; x_wconf 88' lang='lat' dir='ltr'>decem...</span> <span class='ocrx_word' id='word_1_173' title='bbox 1972 1538 2049 1570; x_wconf 90' lang='lat' dir='ltr'>ltem</span> <span class='ocrx_word' id='word_1_174' title='bbox 2088 1539 2136 1570; x_wconf 94' lang='lat' dir='ltr'>in-</span> 
     </span>
     <span class='ocr_line' id='line_1_17' title="bbox 311 1599 2132 1645; baseline -0.002 -9"><span class='ocrx_word' id='word_1_175' title='bbox 311 1606 417 1637; x_wconf 83' lang='lat' dir='ltr'>stituit</span> <span class='ocrx_word' id='word_1_176' title='bbox 442 1607 671 1645; x_wconf 77' lang='lat' dir='ltr'>exequutores</span> <span class='ocrx_word' id='word_1_177' title='bbox 699 1604 798 1634; x_wconf 81' lang='lat' dir='ltr'>liuius</span> <span class='ocrx_word' id='word_1_178' title='bbox 825 1603 875 1633; x_wconf 87' lang='lat' dir='ltr'>sui</span> <span class='ocrx_word' id='word_1_179' title='bbox 903 1603 1125 1633; x_wconf 76' lang='lat' dir='ltr'>testamenti...</span> <span class='ocrx_word' id='word_1_180' title='bbox 1145 1602 1317 1633; x_wconf 88' lang='lat' dir='ltr'>dominum</span> <span class='ocrx_word' id='word_1_181' title='bbox 1338 1601 1484 1632; x_wconf 79' lang='lat' dir='ltr'>Priorem</span> <span class='ocrx_word' id='word_1_182' title='bbox 1505 1602 1609 1633; x_wconf 88' lang='lat' dir='ltr'>sancti</span> <span class='ocrx_word' id='word_1_183' title='bbox 1630 1600 1808 1642; x_wconf 80' lang='lat' dir='ltr'>Augustini</span> <span class='ocrx_word' id='word_1_184' title='bbox 1828 1599 1942 1641; x_wconf 82' lang='lat' dir='ltr'>Papie,</span> <span class='ocrx_word' id='word_1_185' title='bbox 1961 1601 2132 1632; x_wconf 88' lang='lat' dir='ltr'>dominum</span> 
     </span>
     <span class='ocr_line' id='line_1_18' title="bbox 312 1663 2133 1706; baseline -0.002 -7"><span class='ocrx_word' id='word_1_186' title='bbox 312 1667 459 1699; x_wconf 76' lang='lat' dir='ltr'>Priorem</span> <span class='ocrx_word' id='word_1_187' title='bbox 487 1668 593 1699; x_wconf 83' lang='lat' dir='ltr'>sancti</span> <span class='ocrx_word' id='word_1_188' title='bbox 622 1666 727 1698; x_wconf 76' lang='lat' dir='ltr'>Paulli</span> <span class='ocrx_word' id='word_1_189' title='bbox 756 1665 893 1706; x_wconf 80' lang='lat' dir='ltr'>Papie...</span> <span class='ocrx_word' id='word_1_190' title='bbox 921 1665 997 1696; x_wconf 92' lang='lat' dir='ltr'>ltem</span> <span class='ocrx_word' id='word_1_191' title='bbox 1025 1665 1111 1706; x_wconf 82' lang='lat' dir='ltr'>legat</span> <span class='ocrx_word' id='word_1_192' title='bbox 1137 1665 1210 1696; x_wconf 85' lang='lat' dir='ltr'>eius</span> <span class='ocrx_word' id='word_1_193' title='bbox 1237 1666 1362 1695; x_wconf 83' lang='lat' dir='ltr'>vestem</span> <span class='ocrx_word' id='word_1_194' title='bbox 1390 1665 1491 1704; x_wconf 82' lang='lat' dir='ltr'>panni</span> <span class='ocrx_word' id='word_1_195' title='bbox 1519 1664 1645 1695; x_wconf 87' lang='lat' dir='ltr'>morelli</span> <span class='ocrx_word' id='word_1_196' title='bbox 1664 1664 1803 1695; x_wconf 84' lang='lat' dir='ltr'>ecclesie</span> <span class='ocrx_word' id='word_1_197' title='bbox 1830 1664 1934 1695; x_wconf 82' lang='lat' dir='ltr'>sancti</span> <span class='ocrx_word' id='word_1_198' title='bbox 1956 1663 2133 1704; x_wconf 81' lang='lat' dir='ltr'>Augustini</span> 
     </span>
     <span class='ocr_line' id='line_1_19' title="bbox 314 1726 2134 1771; baseline -0.002 -10"><span class='ocrx_word' id='word_1_199' title='bbox 314 1730 416 1771; x_wconf 79' lang='lat' dir='ltr'>Papie</span> <span class='ocrx_word' id='word_1_200' title='bbox 443 1739 502 1770; x_wconf 89' lang='lat' dir='ltr'>pro</span> <span class='ocrx_word' id='word_1_201' title='bbox 528 1729 684 1761; x_wconf 81' lang='lat' dir='ltr'>faciendo</span> <span class='ocrx_word' id='word_1_202' title='bbox 711 1737 810 1760; x_wconf 90' lang='lat' dir='ltr'>unam</span> <span class='ocrx_word' id='word_1_203' title='bbox 838 1728 1016 1768; x_wconf 83' lang='lat' dir='ltr'>planetam.</span> <span class='ocrx_word' id='word_1_204' title='bbox 1045 1727 1121 1758; x_wconf 87' lang='lat' dir='ltr'>ltem</span> <span class='ocrx_word' id='word_1_205' title='bbox 1149 1727 1235 1767; x_wconf 83' lang='lat' dir='ltr'>legat</span> <span class='ocrx_word' id='word_1_206' title='bbox 1261 1727 1333 1758; x_wconf 86' lang='lat' dir='ltr'>eius</span> <span class='ocrx_word' id='word_1_207' title='bbox 1371 1728 1498 1758; x_wconf 84' lang='lat' dir='ltr'>vestem</span> <span class='ocrx_word' id='word_1_208' title='bbox 1537 1727 1637 1767; x_wconf 87' lang='lat' dir='ltr'>panni</span> <span class='ocrx_word' id='word_1_209' title='bbox 1676 1726 1814 1757; x_wconf 84' lang='lat' dir='ltr'>beretini</span> <span class='ocrx_word' id='word_1_210' title='bbox 1852 1726 1992 1758; x_wconf 86' lang='lat' dir='ltr'>ecclesie</span> <span class='ocrx_word' id='word_1_211' title='bbox 2029 1727 2134 1757; x_wconf 86' lang='lat' dir='ltr'>sancti</span> 
     </span>
    </p>
   </div>
   <div class='ocr_carea' id='block_1_7' title="bbox 316 1791 565 1833">
    <p class='ocr_par' dir='ltr' id='par_1_8' title="bbox 316 1791 565 1833">
     <span class='ocr_line' id='line_1_20' title="bbox 316 1791 565 1833; baseline -0.004 -9"><span class='ocrx_word' id='word_1_212' title='bbox 316 1792 421 1824; x_wconf 79' lang='lat' dir='ltr'>Paulli</span> <span class='ocrx_word' id='word_1_213' title='bbox 450 1791 565 1833; x_wconf 82' lang='lat' dir='ltr'>Papie.</span> 
     </span>
    </p>
   </div>
   <div class='ocr_carea' id='block_1_8' title="bbox 1088 1964 1364 2005">
    <p class='ocr_par' dir='ltr' id='par_1_9' title="bbox 1088 1964 1364 2005">
     <span class='ocr_line' id='line_1_21' title="bbox 1088 1964 1364 2005; baseline -0.007 0"><span class='ocrx_word' id='word_1_214' title='bbox 1088 1964 1364 2005; x_wconf 92' lang='lat' dir='ltr'>CDLXIX.</span> 
     </span>
    </p>
   </div>
   <div class='ocr_carea' id='block_1_9' title="bbox 318 2071 2136 2158">
    <p class='ocr_par' dir='ltr' id='par_1_10' title="bbox 318 2071 2136 2158">
     <span class='ocr_line' id='line_1_22' title="bbox 404 2071 2136 2111; baseline -0.003 -6"><span class='ocrx_word' id='word_1_215' title='bbox 404 2078 431 2105; x_wconf 91' lang='lat' dir='ltr'>Il</span> <span class='ocrx_word' id='word_1_216' title='bbox 457 2077 542 2105; x_wconf 71' lang='lat' dir='ltr'>duca</span> <span class='ocrx_word' id='word_1_217' title='bbox 567 2076 599 2104; x_wconf 90' lang='lat' dir='ltr'>di</span> <span class='ocrx_word' id='word_1_218' title='bbox 624 2075 749 2104; x_wconf 87' lang='lat' dir='ltr'>Milano</span> <span class='ocrx_word' id='word_1_219' title='bbox 774 2075 920 2104; x_wconf 85' lang='lat' dir='ltr'>concede</span> <span class='ocrx_word' id='word_1_220' title='bbox 946 2074 1011 2111; x_wconf 80' lang='lat' dir='ltr'>agli</span> <span class='ocrx_word' id='word_1_221' title='bbox 1035 2073 1223 2103; x_wconf 83' lang='lat' dir='ltr'>Eremitani</span> <span class='ocrx_word' id='word_1_222' title='bbox 1248 2073 1281 2102; x_wconf 78' lang='lat' dir='ltr'>di</span> <span class='ocrx_word' id='word_1_223' title='bbox 1305 2074 1337 2102; x_wconf 87' lang='lat' dir='ltr'>S.</span> <span class='ocrx_word' id='word_1_224' title='bbox 1363 2074 1465 2102; x_wconf 81' lang='lat' dir='ltr'>Paolo</span> <span class='ocrx_word' id='word_1_225' title='bbox 1491 2073 1584 2102; x_wconf 86' lang='lat' dir='ltr'>l’uso</span> <span class='ocrx_word' id='word_1_226' title='bbox 1609 2072 1794 2109; x_wconf 83' lang='lat' dir='ltr'>dell&#39;acqua</span> <span class='ocrx_word' id='word_1_227' title='bbox 1819 2072 1871 2100; x_wconf 90' lang='lat' dir='ltr'>del</span> <span class='ocrx_word' id='word_1_228' title='bbox 1896 2071 2051 2108; x_wconf 84' lang='lat' dir='ltr'>Naviglio</span> <span class='ocrx_word' id='word_1_229' title='bbox 2076 2080 2136 2108; x_wconf 84' lang='lat' dir='ltr'>per</span> 
     </span>
     <span class='ocr_line' id='line_1_23' title="bbox 318 2130 674 2158; baseline 0 0"><span class='ocrx_word' id='word_1_230' title='bbox 318 2130 339 2158; x_wconf 82' lang='lat' dir='ltr'>il</span> <span class='ocrx_word' id='word_1_231' title='bbox 368 2131 440 2158; x_wconf 88' lang='lat' dir='ltr'>loro</span> <span class='ocrx_word' id='word_1_232' title='bbox 469 2131 674 2158; x_wconf 82' lang='lat' dir='ltr'>Monastero.</span> 
     </span>
    </p>
   </div>
   <div class='ocr_carea' id='block_1_10' title="bbox 982 2231 1477 2263">
    <p class='ocr_par' dir='ltr' id='par_1_11' title="bbox 982 2231 1477 2263">
     <span class='ocr_line' id='line_1_24' title="bbox 982 2231 1477 2263; baseline -0.002 -7"><span class='ocrx_word' id='word_1_233' title='bbox 982 2232 1146 2262; x_wconf 66' lang='lat'>1482,</span> <span class='ocrx_word' id='word_1_234' title='bbox 1179 2233 1407 2263; x_wconf 58' lang='lat' dir='ltr'>augosto,</span> <span class='ocrx_word' id='word_1_235' title='bbox 1438 2231 1477 2255; x_wconf 85' lang='lat'>1.</span> 
     </span>
    </p>
   </div>
   <div class='ocr_carea' id='block_1_11' title="bbox 846 2319 1612 2345">
    <p class='ocr_par' dir='ltr' id='par_1_12' title="bbox 846 2319 1612 2345">
     <span class='ocr_line' id='line_1_25' title="bbox 846 2319 1612 2345; baseline -0.004 -3"><span class='ocrx_word' id='word_1_236' title='bbox 846 2322 921 2345; x_wconf 76' lang='lat' dir='ltr'>(Arcti.</span> <span class='ocrx_word' id='word_1_237' title='bbox 940 2321 1019 2341; x_wconf 68' lang='lat' dir='ltr'>Notur⁴</span> <span class='ocrx_word' id='word_1_238' title='bbox 1037 2321 1058 2341; x_wconf 82' lang='lat' dir='ltr'>di</span> <span class='ocrx_word' id='word_1_239' title='bbox 1076 2321 1145 2341; x_wconf 72' lang='lat' dir='ltr'>Pavia</span> <span class='ocrx_word' id='word_1_240' title='bbox 1162 2332 1186 2333; x_wconf 33' lang='lat' dir='ltr'><em>j</em></span> <span class='ocrx_word' id='word_1_241' title='bbox 1203 2320 1249 2341; x_wconf 79' lang='lat' dir='ltr'>Atti</span> <span class='ocrx_word' id='word_1_242' title='bbox 1267 2320 1287 2340; x_wconf 87' lang='lat' dir='ltr'>di</span> <span class='ocrx_word' id='word_1_243' title='bbox 1304 2320 1355 2341; x_wconf 74' lang='lat' dir='ltr'>Gio.</span> <span class='ocrx_word' id='word_1_244' title='bbox 1372 2319 1473 2340; x_wconf 78' lang='lat' dir='ltr'>Antonio</span> <span class='ocrx_word' id='word_1_245' title='bbox 1490 2319 1612 2342; x_wconf 78' lang='lat' dir='ltr'>Roverini).</span> 
     </span>
    </p>
   </div>
   <div class='ocr_carea' id='block_1_12' title="bbox 469 2396 482 2408">
    <p class='ocr_par' dir='ltr' id='par_1_13' title="bbox 469 2396 482 2408">
     <span class='ocr_line' id='line_1_26' title="bbox 469 2396 482 2408; baseline 0 0"><span class='ocrx_word' id='word_1_246' title='bbox 469 2396 482 2408; x_wconf 65' lang='lat' dir='ltr'><em>D</em></span> 
     </span>
    </p>
   </div>
   <div class='ocr_carea' id='block_1_13' title="bbox 320 2504 2139 2879">
    <p class='ocr_par' dir='ltr' id='par_1_14' title="bbox 320 2504 2139 2879">
     <span class='ocr_line' id='line_1_27' title="bbox 427 2504 1813 2619; baseline -0.003 -60"><span class='ocrx_word' id='word_1_247' title='bbox 427 2504 475 2619; x_wconf 88' lang='grc' dir='ltr'>Ι</span> <span class='ocrx_word' id='word_1_248' title='bbox 566 2534 741 2560; x_wconf 65' lang='lat' dir='ltr'>‹ulANNliS</span> <span class='ocrx_word' id='word_1_249' title='bbox 766 2528 889 2560; x_wconf 80' lang='lat' dir='ltr'>Galeaz</span> <span class='ocrx_word' id='word_1_250' title='bbox 918 2528 1023 2559; x_wconf 84' lang='lat' dir='ltr'>Maria</span> <span class='ocrx_word' id='word_1_251' title='bbox 1051 2527 1179 2559; x_wconf 81' lang='lat' dir='ltr'>Sforcia</span> <span class='ocrx_word' id='word_1_252' title='bbox 1205 2527 1400 2558; x_wconf 84' lang='lat' dir='ltr'>Vicecomes</span> <span class='ocrx_word' id='word_1_253' title='bbox 1426 2526 1503 2557; x_wconf 81' lang='lat' dir='ltr'>Dux</span> <span class='ocrx_word' id='word_1_254' title='bbox 1532 2525 1727 2563; x_wconf 81' lang='lat' dir='ltr'>Mediolani,</span> <span class='ocrx_word' id='word_1_255' title='bbox 1753 2527 1813 2556; x_wconf 83' lang='lat' dir='ltr'>etc.</span> 
     </span>
     <span class='ocr_line' id='line_1_28' title="bbox 677 2586 2138 2631; baseline -0.004 -8"><span class='ocrx_word' id='word_1_256' title='bbox 677 2592 718 2624; x_wconf 90' lang='lat' dir='ltr'>Ut</span> <span class='ocrx_word' id='word_1_257' title='bbox 745 2592 849 2631; x_wconf 70' lang='lat' dir='ltr'>gratia</span> <span class='ocrx_word' id='word_1_258' title='bbox 876 2595 906 2622; x_wconf 79' lang='lat' dir='ltr'>et</span> <span class='ocrx_word' id='word_1_259' title='bbox 933 2591 1158 2622; x_wconf 77' lang='lat' dir='ltr'>munificentia</span> <span class='ocrx_word' id='word_1_260' title='bbox 1185 2593 1298 2621; x_wconf 86' lang='lat' dir='ltr'>nostra</span> <span class='ocrx_word' id='word_1_261' title='bbox 1324 2589 1564 2630; x_wconf 80' lang='lat' dir='ltr'>amplectamur</span> <span class='ocrx_word' id='word_1_262' title='bbox 1591 2588 1800 2619; x_wconf 76' lang='lat' dir='ltr'>venerabiles</span> <span class='ocrx_word' id='word_1_263' title='bbox 1826 2587 2004 2626; x_wconf 82' lang='lat' dir='ltr'>religiosos</span> <span class='ocrx_word' id='word_1_264' title='bbox 2037 2586 2138 2617; x_wconf 85' lang='lat' dir='ltr'>caris-</span> 
     </span>
     <span class='ocr_line' id='line_1_29' title="bbox 588 2648 2138 2689; baseline -0.005 -4"><span class='ocrx_word' id='word_1_265' title='bbox 588 2655 692 2685; x_wconf 70' lang='lat' dir='ltr'>simos</span> <span class='ocrx_word' id='word_1_266' title='bbox 718 2664 755 2684; x_wconf 83' lang='lat' dir='ltr'>ac</span> <span class='ocrx_word' id='word_1_267' title='bbox 782 2654 1024 2684; x_wconf 74' lang='lat' dir='ltr'>devotissunos</span> <span class='ocrx_word' id='word_1_268' title='bbox 1051 2656 1184 2683; x_wconf 83' lang='lat' dir='ltr'>nostros</span> <span class='ocrx_word' id='word_1_269' title='bbox 1211 2651 1453 2689; x_wconf 79' lang='lat' dir='ltr'>Guardianum,</span> <span class='ocrx_word' id='word_1_270' title='bbox 1481 2650 1622 2688; x_wconf 75' lang='lat' dir='ltr'>Priores,</span> <span class='ocrx_word' id='word_1_271' title='bbox 1650 2650 1839 2681; x_wconf 83' lang='lat' dir='ltr'>Monachos</span> <span class='ocrx_word' id='word_1_272' title='bbox 1864 2652 1894 2680; x_wconf 87' lang='lat' dir='ltr'>et</span> <span class='ocrx_word' id='word_1_273' title='bbox 1921 2648 2050 2679; x_wconf 81' lang='lat' dir='ltr'>Fratres</span> <span class='ocrx_word' id='word_1_274' title='bbox 2069 2657 2138 2679; x_wconf 89' lang='lat' dir='ltr'>mo—</span> 
     </span>
     <span class='ocr_line' id='line_1_30' title="bbox 321 2710 2139 2754; baseline -0.005 -5"><span class='ocrx_word' id='word_1_275' title='bbox 321 2718 540 2749; x_wconf 75' lang='lat' dir='ltr'>nasteriorum</span> <span class='ocrx_word' id='word_1_276' title='bbox 568 2717 672 2747; x_wconf 84' lang='lat' dir='ltr'>sancti</span> <span class='ocrx_word' id='word_1_277' title='bbox 702 2716 809 2747; x_wconf 80' lang='lat' dir='ltr'>iacobi</span> <span class='ocrx_word' id='word_1_278' title='bbox 836 2716 975 2747; x_wconf 83' lang='lat' dir='ltr'>Ordinis</span> <span class='ocrx_word' id='word_1_279' title='bbox 1002 2715 1182 2751; x_wconf 80' lang='lat' dir='ltr'>Nlinorum,</span> <span class='ocrx_word' id='word_1_280' title='bbox 1210 2714 1406 2746; x_wconf 84' lang='lat' dir='ltr'>Sanctorum</span> <span class='ocrx_word' id='word_1_281' title='bbox 1434 2713 1578 2754; x_wconf 81' lang='lat' dir='ltr'>Spiritus</span> <span class='ocrx_word' id='word_1_282' title='bbox 1604 2716 1633 2744; x_wconf 86' lang='lat' dir='ltr'>et</span> <span class='ocrx_word' id='word_1_283' title='bbox 1660 2711 1747 2744; x_wconf 84' lang='lat' dir='ltr'>Galli</span> <span class='ocrx_word' id='word_1_284' title='bbox 1774 2710 1912 2743; x_wconf 83' lang='lat' dir='ltr'>Ordinis</span> <span class='ocrx_word' id='word_1_285' title='bbox 1938 2711 2042 2741; x_wconf 87' lang='lat' dir='ltr'>sancti</span> <span class='ocrx_word' id='word_1_286' title='bbox 2078 2710 2139 2741; x_wconf 86' lang='lat' dir='ltr'>Be-</span> 
     </span>
     <span class='ocr_line' id='line_1_31' title="bbox 321 2772 2136 2816; baseline -0.005 -5"><span class='ocrx_word' id='word_1_287' title='bbox 321 2780 452 2814; x_wconf 72' lang='lat' dir='ltr'>nedicti,</span> <span class='ocrx_word' id='word_1_288' title='bbox 479 2780 583 2810; x_wconf 79' lang='lat' dir='ltr'>sancti</span> <span class='ocrx_word' id='word_1_289' title='bbox 612 2778 705 2809; x_wconf 76' lang='lat' dir='ltr'>Pauli</span> <span class='ocrx_word' id='word_1_290' title='bbox 740 2777 878 2809; x_wconf 81' lang='lat' dir='ltr'>Ordinis</span> <span class='ocrx_word' id='word_1_291' title='bbox 917 2777 1157 2808; x_wconf 78' lang='lat' dir='ltr'>Heremitarum</span> <span class='ocrx_word' id='word_1_292' title='bbox 1196 2777 1300 2807; x_wconf 78' lang='lat' dir='ltr'>sancti</span> <span class='ocrx_word' id='word_1_293' title='bbox 1340 2776 1530 2816; x_wconf 73' lang='lat' dir='ltr'>Augustini,</span> <span class='ocrx_word' id='word_1_294' title='bbox 1556 2778 1586 2806; x_wconf 86' lang='lat' dir='ltr'>et</span> <span class='ocrx_word' id='word_1_295' title='bbox 1611 2775 1715 2805; x_wconf 86' lang='lat' dir='ltr'>sancti</span> <span class='ocrx_word' id='word_1_296' title='bbox 1756 2773 1961 2813; x_wconf 85' lang='lat' dir='ltr'>Apollinaris</span> <span class='ocrx_word' id='word_1_297' title='bbox 1998 2772 2136 2803; x_wconf 85' lang='lat' dir='ltr'>Ordinis</span> 
     </span>
     <span class='ocr_line' id='line_1_32' title="bbox 320 2834 2136 2879; baseline -0.004 -6"><span class='ocrx_word' id='word_1_298' title='bbox 320 2843 424 2873; x_wconf 86' lang='lat' dir='ltr'>sancti</span> <span class='ocrx_word' id='word_1_299' title='bbox 453 2841 631 2875; x_wconf 79' lang='lat' dir='ltr'>Dominici.</span> <span class='ocrx_word' id='word_1_300' title='bbox 658 2843 751 2871; x_wconf 82' lang='lat' dir='ltr'>extra</span> <span class='ocrx_word' id='word_1_301' title='bbox 777 2842 807 2870; x_wconf 83' lang='lat' dir='ltr'>et</span> <span class='ocrx_word' id='word_1_302' title='bbox 835 2849 938 2879; x_wconf 79' lang='lat' dir='ltr'>prope</span> <span class='ocrx_word' id='word_1_303' title='bbox 965 2839 1072 2869; x_wconf 87' lang='lat' dir='ltr'>menia</span> <span class='ocrx_word' id='word_1_304' title='bbox 1099 2839 1245 2869; x_wconf 88' lang='lat' dir='ltr'>civitatis</span> <span class='ocrx_word' id='word_1_305' title='bbox 1272 2837 1375 2878; x_wconf 71' lang='lat' dir='ltr'>papie</span> <span class='ocrx_word' id='word_1_306' title='bbox 1400 2837 1668 2873; x_wconf 85' lang='lat' dir='ltr'>consistentium,</span> <span class='ocrx_word' id='word_1_307' title='bbox 1696 2835 1870 2875; x_wconf 76' lang='lat' dir='ltr'>Regularis</span> <span class='ocrx_word' id='word_1_308' title='bbox 1896 2834 2136 2871; x_wconf 84' lang='lat' dir='ltr'>Observancie,</span> 
     </span>
    </p>
   </div>
   <div class='ocr_carea' id='block_1_14' title="bbox 325 2991 2133 3066">
    <p class='ocr_par' dir='ltr' id='par_1_15' title="bbox 325 2991 2133 3066">
     <span class='ocr_line' id='line_1_33' title="bbox 377 2991 2133 3024; baseline -0.005 -4"><span class='ocrx_word' id='word_1_309' title='bbox 377 3000 407 3023; x_wconf 86' lang='lat' dir='ltr'>(l)</span> <span class='ocrx_word' id='word_1_310' title='bbox 422 2999 510 3024; x_wconf 78' lang='lat' dir='ltr'>Qucsta</span> <span class='ocrx_word' id='word_1_311' title='bbox 527 2999 671 3020; x_wconf 72' lang='lat' dir='ltr'>circostanzn</span> <span class='ocrx_word' id='word_1_312' title='bbox 688 2997 762 3017; x_wconf 81' lang='lat' dir='ltr'>indica</span> <span class='ocrx_word' id='word_1_313' title='bbox 779 2997 820 3017; x_wconf 77' lang='lat' dir='ltr'>clu:</span> <span class='ocrx_word' id='word_1_314' title='bbox 845 2997 858 3016; x_wconf 92' lang='lat' dir='ltr'>il</span> <span class='ocrx_word' id='word_1_315' title='bbox 874 2996 937 3016; x_wconf 86' lang='lat' dir='ltr'>culto</span> <span class='ocrx_word' id='word_1_316' title='bbox 961 2996 1005 3016; x_wconf 70' lang='lat' dir='ltr'>alla</span> <span class='ocrx_word' id='word_1_317' title='bbox 1029 2995 1129 3016; x_wconf 74' lang='lat' dir='ltr'>Patrona</span> <span class='ocrx_word' id='word_1_318' title='bbox 1145 2995 1204 3015; x_wconf 84' lang='lat' dir='ltr'>delle</span> <span class='ocrx_word' id='word_1_319' title='bbox 1260 3000 1324 3015; x_wconf 78' lang='lat' dir='ltr'>coine</span> <span class='ocrx_word' id='word_1_320' title='bbox 1341 2994 1450 3015; x_wconf 79' lang='lat' dir='ltr'>vcdrcmo</span> <span class='ocrx_word' id='word_1_321' title='bbox 1467 2994 1487 3014; x_wconf 87' lang='lat' dir='ltr'>in</span> <span class='ocrx_word' id='word_1_322' title='bbox 1503 2993 1595 3019; x_wconf 74' lang='lat' dir='ltr'>scguito</span> <span class='ocrx_word' id='word_1_323' title='bbox 1611 2993 1631 3013; x_wconf 84' lang='lat' dir='ltr'>vi</span> <span class='ocrx_word' id='word_1_324' title='bbox 1647 2998 1717 3013; x_wconf 77' lang='lat' dir='ltr'>erano</span> <span class='ocrx_word' id='word_1_325' title='bbox 1733 2993 1805 3013; x_wconf 74' lang='lat' dir='ltr'>anche</span> <span class='ocrx_word' id='word_1_326' title='bbox 1821 2992 1899 3013; x_wconf 87' lang='lat' dir='ltr'>devoti</span> <span class='ocrx_word' id='word_1_327' title='bbox 1915 2992 2030 3013; x_wconf 80' lang='lat' dir='ltr'>consorzii</span> <span class='ocrx_word' id='word_1_328' title='bbox 2054 2991 2075 3012; x_wconf 81' lang='lat' dir='ltr'>di</span> <span class='ocrx_word' id='word_1_329' title='bbox 2097 2992 2133 3017; x_wconf 80' lang='lat' dir='ltr'>pie</span> 
     </span>
     <span class='ocr_line' id='line_1_34' title="bbox 325 3036 1764 3066; baseline -0.005 -2"><span class='ocrx_word' id='word_1_330' title='bbox 325 3044 396 3064; x_wconf 82' lang='lat' dir='ltr'>madri</span> <span class='ocrx_word' id='word_1_331' title='bbox 413 3044 521 3064; x_wconf 75' lang='lat' dir='ltr'>cristissne</span> <span class='ocrx_word' id='word_1_332' title='bbox 537 3048 574 3063; x_wconf 75' lang='lat' dir='ltr'>ern</span> <span class='ocrx_word' id='word_1_333' title='bbox 591 3043 676 3063; x_wconf 77' lang='lat' dir='ltr'>dilluso</span> <span class='ocrx_word' id='word_1_334' title='bbox 691 3042 712 3062; x_wconf 87' lang='lat' dir='ltr'>in</span> <span class='ocrx_word' id='word_1_335' title='bbox 730 3041 799 3062; x_wconf 78' lang='lat' dir='ltr'>Pavia</span> <span class='ocrx_word' id='word_1_336' title='bbox 816 3046 856 3066; x_wconf 74' lang='lat' dir='ltr'>per</span> <span class='ocrx_word' id='word_1_337' title='bbox 871 3046 942 3066; x_wconf 76' lang='lat' dir='ltr'>opera</span> <span class='ocrx_word' id='word_1_338' title='bbox 958 3040 1017 3065; x_wconf 70' lang='lat' dir='ltr'>degli</span> <span class='ocrx_word' id='word_1_339' title='bbox 1044 3039 1201 3064; x_wconf 71' lang='lat' dir='ltr'>Agostiniani.</span> <span class='ocrx_word' id='word_1_340' title='bbox 1260 3039 1331 3059; x_wconf 78' lang='lat' dir='ltr'>madri</span> <span class='ocrx_word' id='word_1_341' title='bbox 1347 3040 1411 3059; x_wconf 81' lang='lat' dir='ltr'>sotto</span> <span class='ocrx_word' id='word_1_342' title='bbox 1427 3037 1595 3058; x_wconf 74' lang='lat' dir='ltr'>l&#39;invocazione</span> <span class='ocrx_word' id='word_1_343' title='bbox 1611 3037 1669 3058; x_wconf 77' lang='lat' dir='ltr'>uella</span> <span class='ocrx_word' id='word_1_344' title='bbox 1685 3036 1764 3057; x_wconf 80' lang='lat' dir='ltr'>Santa.</span> 
     </span>
    </p>
   </div>
   <div class='ocr_carea' id='block_1_15' title="bbox 325 3084 1204 3114">
    <p class='ocr_par' dir='ltr' id='par_1_16' title="bbox 325 3084 1204 3114">
     <span class='ocr_line' id='line_1_35' title="bbox 325 3084 1204 3114; baseline -0.007 -5"><span class='ocrx_word' id='word_1_345' title='bbox 325 3094 407 3114; x_wconf 72' lang='lat' dir='ltr'>presso</span> <span class='ocrx_word' id='word_1_346' title='bbox 423 3089 442 3108; x_wconf 81' lang='lat' dir='ltr'>lc</span> <span class='ocrx_word' id='word_1_347' title='bbox 458 3088 493 3109; x_wconf 85' lang='lat' dir='ltr'>cni</span> <span class='ocrx_word' id='word_1_348' title='bbox 510 3088 586 3108; x_wconf 78' lang='lat' dir='ltr'>chiese</span> <span class='ocrx_word' id='word_1_349' title='bbox 602 3092 732 3112; x_wconf 57' lang='grc' dir='ltr'>δοῖμεν-1110</span> <span class='ocrx_word' id='word_1_350' title='bbox 747 3086 813 3106; x_wconf 79' lang='lat' dir='ltr'>altari</span> <span class='ocrx_word' id='word_1_351' title='bbox 837 3091 848 3106; x_wconf 84' lang='lat' dir='ltr'>e</span> <span class='ocrx_word' id='word_1_352' title='bbox 868 3084 973 3110; x_wconf 80' lang='lat' dir='ltr'>cappelle</span> <span class='ocrx_word' id='word_1_353' title='bbox 989 3090 1000 3104; x_wconf 80' lang='lat' dir='ltr'>a</span> <span class='ocrx_word' id='word_1_354' title='bbox 1017 3084 1039 3104; x_wconf 18' lang='lat' dir='ltr'>SV</span> <span class='ocrx_word' id='word_1_355' title='bbox 1057 3084 1149 3104; x_wconf 73' lang='lat' dir='ltr'>Monica</span> <span class='ocrx_word' id='word_1_356' title='bbox 1163 3091 1167 3107; x_wconf 87' lang='lat'>;</span> <span class='ocrx_word' id='word_1_357' title='bbox 1193 3090 1204 3104; x_wconf 85' lang='lat' dir='ltr'>e</span> 
     </span>
    </p>
   </div>
  </div>
 </body>
</html>
