<?xml version="1.0" encoding="UTF-8"?>
<!DOCTYPE html PUBLIC "-//W3C//DTD XHTML 1.0 Transitional//EN"
    "http://www.w3.org/TR/xhtml1/DTD/xhtml1-transitional.dtd">
<html xmlns="http://www.w3.org/1999/xhtml" xml:lang="en" lang="en">
 <head>
  <title>
</title>
<meta http-equiv="Content-Type" content="text/html;charset=utf-8" />
  <meta name='ocr-system' content='tesseract 3.04.00' />
  <meta name='ocr-capabilities' content='ocr_page ocr_carea ocr_par ocr_line ocrx_word'/>
</head>
<body>
  <div class='ocr_page' id='page_1' title='image "./codexdiplomaticu02maiouoft_0202.png"; bbox 0 0 2347 3444; ppageno 0'>
   <div class='ocr_carea' id='block_1_1' title="bbox 339 189 398 222">
    <p class='ocr_par' dir='ltr' id='par_1_1' title="bbox 339 189 398 222">
     <span class='ocr_line' id='line_1_1' title="bbox 339 189 398 222; baseline -0.017 0"><span class='ocrx_word' id='word_1_1' title='bbox 339 189 398 222; x_wconf 83' lang='lat'>152</span> 
     </span>
    </p>
   </div>
   <div class='ocr_carea' id='block_1_2' title="bbox 330 320 2143 736">
    <p class='ocr_par' dir='ltr' id='par_1_2' title="bbox 330 320 2143 736">
     <span class='ocr_line' id='line_1_2' title="bbox 334 320 2143 366; baseline -0.003 -9"><span class='ocrx_word' id='word_1_2' title='bbox 334 325 431 366; x_wconf 82' lang='lat' dir='ltr'>gella,</span> <span class='ocrx_word' id='word_1_3' title='bbox 458 325 639 357; x_wconf 88' lang='lat' dir='ltr'>leronimus</span> <span class='ocrx_word' id='word_1_4' title='bbox 658 326 698 357; x_wconf 80' lang='lat' dir='ltr'>de</span> <span class='ocrx_word' id='word_1_5' title='bbox 725 325 920 357; x_wconf 76' lang='lat' dir='ltr'>Mediolano</span> <span class='ocrx_word' id='word_1_6' title='bbox 937 323 997 363; x_wconf 79' lang='lat' dir='ltr'>(l),</span> <span class='ocrx_word' id='word_1_7' title='bbox 1025 325 1189 356; x_wconf 74' lang='lat' dir='ltr'>lohannes</span> <span class='ocrx_word' id='word_1_8' title='bbox 1215 323 1382 354; x_wconf 86' lang='lat' dir='ltr'>Antonius</span> <span class='ocrx_word' id='word_1_9' title='bbox 1407 322 1448 353; x_wconf 86' lang='lat' dir='ltr'>de</span> <span class='ocrx_word' id='word_1_10' title='bbox 1475 321 1597 359; x_wconf 86' lang='lat' dir='ltr'>Laude,</span> <span class='ocrx_word' id='word_1_11' title='bbox 1625 321 1789 352; x_wconf 82' lang='lat' dir='ltr'>loliannes</span> <span class='ocrx_word' id='word_1_12' title='bbox 1814 321 1855 353; x_wconf 87' lang='lat' dir='ltr'>de</span> <span class='ocrx_word' id='word_1_13' title='bbox 1881 320 2047 358; x_wconf 81' lang='lat' dir='ltr'>Veneciis,</span> <span class='ocrx_word' id='word_1_14' title='bbox 2075 320 2143 352; x_wconf 91' lang='lat' dir='ltr'>An—</span> 
     </span>
     <span class='ocr_line' id='line_1_3' title="bbox 332 380 2142 429; baseline -0.003 -10"><span class='ocrx_word' id='word_1_15' title='bbox 332 388 431 419; x_wconf 79' lang='lat' dir='ltr'>dreas</span> <span class='ocrx_word' id='word_1_16' title='bbox 456 388 497 419; x_wconf 84' lang='lat' dir='ltr'>de</span> <span class='ocrx_word' id='word_1_17' title='bbox 524 387 674 429; x_wconf 81' lang='lat' dir='ltr'>Bugella.</span> <span class='ocrx_word' id='word_1_18' title='bbox 712 387 825 419; x_wconf 85' lang='lat' dir='ltr'>Simon</span> <span class='ocrx_word' id='word_1_19' title='bbox 853 388 893 419; x_wconf 80' lang='lat' dir='ltr'>de</span> <span class='ocrx_word' id='word_1_20' title='bbox 921 387 1091 422; x_wconf 75' lang='lat' dir='ltr'>Vercellis,</span> <span class='ocrx_word' id='word_1_21' title='bbox 1130 384 1324 417; x_wconf 84' lang='lat' dir='ltr'>Simoninus</span> <span class='ocrx_word' id='word_1_22' title='bbox 1350 385 1391 415; x_wconf 88' lang='lat' dir='ltr'>de</span> <span class='ocrx_word' id='word_1_23' title='bbox 1419 383 1591 421; x_wconf 80' lang='lat' dir='ltr'>Vercellis,</span> <span class='ocrx_word' id='word_1_24' title='bbox 1630 382 1834 415; x_wconf 80' lang='lat' dir='ltr'>Benedictus</span> <span class='ocrx_word' id='word_1_25' title='bbox 1871 383 1911 414; x_wconf 87' lang='lat' dir='ltr'>de</span> <span class='ocrx_word' id='word_1_26' title='bbox 1953 382 2051 414; x_wconf 88' lang='lat' dir='ltr'>lanua</span> <span class='ocrx_word' id='word_1_27' title='bbox 2081 380 2142 422; x_wconf 80' lang='lat'>(2),</span> 
     </span>
     <span class='ocr_line' id='line_1_4' title="bbox 333 444 2141 487; baseline -0.003 -4"><span class='ocrx_word' id='word_1_28' title='bbox 333 449 457 483; x_wconf 63' lang='lat' dir='ltr'>Ral&#39;i‘ael</span> <span class='ocrx_word' id='word_1_29' title='bbox 484 451 525 482; x_wconf 78' lang='lat' dir='ltr'>de</span> <span class='ocrx_word' id='word_1_30' title='bbox 552 451 758 485; x_wconf 66' lang='lat' dir='ltr'>Mediolano.</span> <span class='ocrx_word' id='word_1_31' title='bbox 787 450 928 481; x_wconf 69' lang='lat' dir='ltr'>lacobus</span> <span class='ocrx_word' id='word_1_32' title='bbox 955 451 994 480; x_wconf 58' lang='lat' dir='ltr'>tle</span> <span class='ocrx_word' id='word_1_33' title='bbox 1022 449 1205 487; x_wconf 57' lang='lat' dir='ltr'>,lemgzuiQ</span> <span class='ocrx_word' id='word_1_34' title='bbox 1232 447 1464 478; x_wconf 80' lang='lat' dir='ltr'>Bertolameus</span> <span class='ocrx_word' id='word_1_35' title='bbox 1490 447 1531 477; x_wconf 80' lang='lat' dir='ltr'>de</span> <span class='ocrx_word' id='word_1_36' title='bbox 1558 444 1756 483; x_wconf 81' lang='lat' dir='ltr'>Castelatio,</span> <span class='ocrx_word' id='word_1_37' title='bbox 1795 445 1961 477; x_wconf 81' lang='lat' dir='ltr'>lohannes</span> <span class='ocrx_word' id='word_1_38' title='bbox 2000 446 2141 477; x_wconf 81' lang='lat' dir='ltr'>lacobus</span> 
     </span>
     <span class='ocr_line' id='line_1_5' title="bbox 332 507 2141 551; baseline -0.003 -8"><span class='ocrx_word' id='word_1_39' title='bbox 332 513 373 543; x_wconf 81' lang='lat' dir='ltr'>de</span> <span class='ocrx_word' id='word_1_40' title='bbox 400 511 542 549; x_wconf 62' lang='lat' dir='ltr'>Corvus,</span> <span class='ocrx_word' id='word_1_41' title='bbox 570 512 736 543; x_wconf 80' lang='lat' dir='ltr'>Eusebius</span> <span class='ocrx_word' id='word_1_42' title='bbox 770 513 810 543; x_wconf 64' lang='lat' dir='ltr'>ile</span> <span class='ocrx_word' id='word_1_43' title='bbox 850 511 995 551; x_wconf 70' lang='lat' dir='ltr'>Legeriis</span> <span class='ocrx_word' id='word_1_44' title='bbox 1023 514 1052 541; x_wconf 86' lang='lat' dir='ltr'>et</span> <span class='ocrx_word' id='word_1_45' title='bbox 1080 509 1193 540; x_wconf 77' lang='lat' dir='ltr'>Enoch</span> <span class='ocrx_word' id='word_1_46' title='bbox 1232 509 1273 540; x_wconf 59' lang='lat' dir='ltr'>(le</span> <span class='ocrx_word' id='word_1_47' title='bbox 1311 508 1486 549; x_wconf 81' lang='lat' dir='ltr'>Pergamo,</span> <span class='ocrx_word' id='word_1_48' title='bbox 1512 516 1630 539; x_wconf 87' lang='lat' dir='ltr'>omnes</span> <span class='ocrx_word' id='word_1_49' title='bbox 1664 507 1781 539; x_wconf 85' lang='lat' dir='ltr'>fratres</span> <span class='ocrx_word' id='word_1_50' title='bbox 1807 516 1970 548; x_wconf 82' lang='lat' dir='ltr'><strong>expresse</strong></span> <span class='ocrx_word' id='word_1_51' title='bbox 1998 507 2141 548; x_wconf 79' lang='lat' dir='ltr'>professi</span> 
     </span>
     <span class='ocr_line' id='line_1_6' title="bbox 332 557 2142 612; baseline -0.003 -7"><span class='ocrx_word' id='word_1_52' title='bbox 332 575 409 605; x_wconf 80' lang='lat' dir='ltr'>dicti</span> <span class='ocrx_word' id='word_1_53' title='bbox 437 577 667 606; x_wconf 69' lang='lat' dir='ltr'>conventus...</span> <span class='ocrx_word' id='word_1_54' title='bbox 695 574 801 605; x_wconf 81' lang='lat' dir='ltr'>sancti</span> <span class='ocrx_word' id='word_1_55' title='bbox 829 557 1019 612; x_wconf 68' lang='lat' dir='ltr'>Augustini,</span> <span class='ocrx_word' id='word_1_56' title='bbox 1048 571 1254 602; x_wconf 75' lang='lat' dir='ltr'>facientes...</span> <span class='ocrx_word' id='word_1_57' title='bbox 1282 570 1462 611; x_wconf 81' lang='lat' dir='ltr'>plusquam</span> <span class='ocrx_word' id='word_1_58' title='bbox 1489 570 1574 601; x_wconf 81' lang='lat' dir='ltr'>duas</span> <span class='ocrx_word' id='word_1_59' title='bbox 1601 573 1714 610; x_wconf 85' lang='lat' dir='ltr'>partes</span> <span class='ocrx_word' id='word_1_60' title='bbox 1740 579 1781 601; x_wconf 91' lang='lat' dir='ltr'>ex</span> <span class='ocrx_word' id='word_1_61' title='bbox 1808 570 1916 601; x_wconf 89' lang='lat' dir='ltr'>tribus</span> <span class='ocrx_word' id='word_1_62' title='bbox 1942 569 2045 601; x_wconf 90' lang='lat' dir='ltr'>totius</span> <span class='ocrx_word' id='word_1_63' title='bbox 2062 569 2142 601; x_wconf 85' lang='lat' dir='ltr'>dicti</span> 
     </span>
     <span class='ocr_line' id='line_1_7' title="bbox 330 631 2142 674; baseline -0.003 -6"><span class='ocrx_word' id='word_1_64' title='bbox 330 640 562 668; x_wconf 82' lang='lat' dir='ltr'>conventus...</span> <span class='ocrx_word' id='word_1_65' title='bbox 589 637 820 667; x_wconf 78' lang='lat' dir='ltr'>costituiscono</span> <span class='ocrx_word' id='word_1_66' title='bbox 846 635 913 665; x_wconf 66' lang='lat' dir='ltr'>loro</span> <span class='ocrx_word' id='word_1_67' title='bbox 936 633 1140 674; x_wconf 78' lang='lat' dir='ltr'>procuratori</span> <span class='ocrx_word' id='word_1_68' title='bbox 1164 633 1336 673; x_wconf 81' lang='lat' dir='ltr'>predictos</span> <span class='ocrx_word' id='word_1_69' title='bbox 1362 633 1519 663; x_wconf 88' lang='lat' dir='ltr'>dominos</span> <span class='ocrx_word' id='word_1_70' title='bbox 1544 632 1678 663; x_wconf 86' lang='lat' dir='ltr'>fratrem</span> <span class='ocrx_word' id='word_1_71' title='bbox 1705 631 1892 672; x_wconf 85' lang='lat' dir='ltr'>Baptistam</span> <span class='ocrx_word' id='word_1_72' title='bbox 1912 632 1952 663; x_wconf 87' lang='lat' dir='ltr'>de</span> <span class='ocrx_word' id='word_1_73' title='bbox 1971 631 2142 664; x_wconf 79' lang='lat' dir='ltr'>Rancliate</span> 
     </span>
     <span class='ocr_line' id='line_1_8' title="bbox 332 695 1541 736; baseline -0.005 -5"><span class='ocrx_word' id='word_1_74' title='bbox 332 702 361 730; x_wconf 87' lang='lat' dir='ltr'>et</span> <span class='ocrx_word' id='word_1_75' title='bbox 387 699 518 730; x_wconf 86' lang='lat' dir='ltr'>fratrem</span> <span class='ocrx_word' id='word_1_76' title='bbox 548 699 729 729; x_wconf 79' lang='lat' dir='ltr'>Eusebium</span> <span class='ocrx_word' id='word_1_77' title='bbox 756 698 796 728; x_wconf 79' lang='lat' dir='ltr'>de</span> <span class='ocrx_word' id='word_1_78' title='bbox 824 697 973 736; x_wconf 68' lang='lat' dir='ltr'>Ligeriis‘,</span> <span class='ocrx_word' id='word_1_79' title='bbox 1000 695 1041 726; x_wconf 83' lang='lat' dir='ltr'>ad</span> <span class='ocrx_word' id='word_1_80' title='bbox 1071 695 1324 726; x_wconf 89' lang='lat' dir='ltr'>universitatem</span> <span class='ocrx_word' id='word_1_81' title='bbox 1351 703 1541 726; x_wconf 84' lang='lat' dir='ltr'>causarum.</span> 
     </span>
    </p>
   </div>
   <div class='ocr_carea' id='block_1_3' title="bbox 1028 851 1450 893">
    <p class='ocr_par' dir='ltr' id='par_1_3' title="bbox 1028 851 1450 893">
     <span class='ocr_line' id='line_1_9' title="bbox 1028 851 1450 893; baseline -0.002 -1"><span class='ocrx_word' id='word_1_82' title='bbox 1028 851 1450 893; x_wconf 90' lang='lat' dir='ltr'>CCCXXXVIII.</span> 
     </span>
    </p>
   </div>
   <div class='ocr_carea' id='block_1_4' title="bbox 331 960 2144 1045">
    <p class='ocr_par' dir='ltr' id='par_1_4' title="bbox 331 960 2144 1045">
     <span class='ocr_line' id='line_1_10' title="bbox 418 960 2144 999; baseline -0.002 -7"><span class='ocrx_word' id='word_1_83' title='bbox 418 965 432 992; x_wconf 86' lang='lat'>1</span> <span class='ocrx_word' id='word_1_84' title='bbox 458 963 627 999; x_wconf 86' lang='lat' dir='ltr'>Religiosi</span> <span class='ocrx_word' id='word_1_85' title='bbox 654 963 742 990; x_wconf 85' lang='lat' dir='ltr'>frate</span> <span class='ocrx_word' id='word_1_86' title='bbox 768 961 923 990; x_wconf 77' lang='lat' dir='ltr'>Battista</span> <span class='ocrx_word' id='word_1_87' title='bbox 950 961 1098 989; x_wconf 85' lang='lat' dir='ltr'>Raneati</span> <span class='ocrx_word' id='word_1_88' title='bbox 1116 970 1134 989; x_wconf 96' lang='lat' dir='ltr'>e</span> <span class='ocrx_word' id='word_1_89' title='bbox 1152 961 1241 989; x_wconf 81' lang='lat' dir='ltr'>frate</span> <span class='ocrx_word' id='word_1_90' title='bbox 1260 961 1416 989; x_wconf 88' lang='lat' dir='ltr'>Eusebio</span> <span class='ocrx_word' id='word_1_91' title='bbox 1435 961 1477 990; x_wconf 91' lang='lat' dir='ltr'>de</span> <span class='ocrx_word' id='word_1_92' title='bbox 1495 960 1669 997; x_wconf 88' lang='lat' dir='ltr'>Legieriis</span> <span class='ocrx_word' id='word_1_93' title='bbox 1696 960 1922 989; x_wconf 84' lang='lat' dir='ltr'>Procuratori</span> <span class='ocrx_word' id='word_1_94' title='bbox 1940 960 1975 988; x_wconf 91' lang='lat' dir='ltr'>di</span> <span class='ocrx_word' id='word_1_95' title='bbox 1995 960 2030 989; x_wconf 91' lang='lat' dir='ltr'>S.</span> <span class='ocrx_word' id='word_1_96' title='bbox 2051 960 2144 996; x_wconf 88' lang='lat' dir='ltr'>Ago-</span> 
     </span>
     <span class='ocr_line' id='line_1_11' title="bbox 331 1015 1147 1045; baseline -0.004 0"><span class='ocrx_word' id='word_1_97' title='bbox 331 1018 423 1045; x_wconf 73' lang='lat' dir='ltr'>stino</span> <span class='ocrx_word' id='word_1_98' title='bbox 448 1017 614 1044; x_wconf 89' lang='lat' dir='ltr'>ricevono</span> <span class='ocrx_word' id='word_1_99' title='bbox 639 1025 683 1044; x_wconf 91' lang='lat' dir='ltr'>un</span> <span class='ocrx_word' id='word_1_100' title='bbox 710 1015 838 1043; x_wconf 82' lang='lat' dir='ltr'>laseito</span> <span class='ocrx_word' id='word_1_101' title='bbox 863 1015 1147 1043; x_wconf 85' lang='lat' dir='ltr'>testamentario.</span> 
     </span>
    </p>
   </div>
   <div class='ocr_carea' id='block_1_5' title="bbox 981 1118 1483 1150">
    <p class='ocr_par' dir='ltr' id='par_1_5' title="bbox 981 1118 1483 1150">
     <span class='ocr_line' id='line_1_12' title="bbox 981 1118 1483 1150; baseline 0 -6"><span class='ocrx_word' id='word_1_102' title='bbox 981 1119 1133 1149; x_wconf 65' lang='lat'>1409,</span> <span class='ocrx_word' id='word_1_103' title='bbox 1165 1119 1366 1150; x_wconf 63' lang='lat' dir='ltr'>aprile,</span> <span class='ocrx_word' id='word_1_104' title='bbox 1393 1118 1483 1144; x_wconf 78' lang='lat'>22.</span> 
     </span>
    </p>
   </div>
   <div class='ocr_carea' id='block_1_6' title="bbox 893 1216 1589 1240">
    <p class='ocr_par' dir='ltr' id='par_1_6' title="bbox 893 1216 1589 1240">
     <span class='ocr_line' id='line_1_13' title="bbox 893 1216 1589 1240; baseline -0.001 -3"><span class='ocrx_word' id='word_1_105' title='bbox 893 1217 969 1240; x_wconf 76' lang='lat' dir='ltr'>(Arcu.</span> <span class='ocrx_word' id='word_1_106' title='bbox 987 1217 1066 1237; x_wconf 76' lang='lat' dir='ltr'>Notat.</span> <span class='ocrx_word' id='word_1_107' title='bbox 1083 1216 1105 1237; x_wconf 87' lang='lat' dir='ltr'>di</span> <span class='ocrx_word' id='word_1_108' title='bbox 1123 1216 1200 1237; x_wconf 64' lang='lat' dir='ltr'>Paria.</span> <span class='ocrx_word' id='word_1_109' title='bbox 1218 1227 1241 1229; x_wconf 42' lang='grc' dir='ltr'><em>ῌ</em></span> <span class='ocrx_word' id='word_1_110' title='bbox 1262 1216 1309 1237; x_wconf 75' lang='lat' dir='ltr'>Atti</span> <span class='ocrx_word' id='word_1_111' title='bbox 1325 1216 1347 1236; x_wconf 87' lang='lat' dir='ltr'>di</span> <span class='ocrx_word' id='word_1_112' title='bbox 1363 1216 1455 1236; x_wconf 82' lang='lat' dir='ltr'>Matteo</span> <span class='ocrx_word' id='word_1_113' title='bbox 1471 1216 1567 1236; x_wconf 69' lang='lat' dir='ltr'>Nazzari</span> <span class='ocrx_word' id='word_1_114' title='bbox 1585 1232 1589 1236; x_wconf 86' lang='lat'><em>.</em></span> 
     </span>
    </p>
   </div>
   <div class='ocr_carea' id='block_1_7' title="bbox 328 1350 2147 1714">
    <p class='ocr_par' dir='ltr' id='par_1_7' title="bbox 354 1350 2147 1528">
     <span class='ocr_line' id='line_1_14' title="bbox 393 1350 2145 1467; baseline -0.002 -72"><span class='ocrx_word' id='word_1_115' title='bbox 393 1350 514 1467; x_wconf 88' lang='lat' dir='ltr'>N</span> <span class='ocrx_word' id='word_1_116' title='bbox 574 1368 663 1395; x_wconf 80' lang='lat' dir='ltr'>ELLA</span> <span class='ocrx_word' id='word_1_117' title='bbox 688 1372 768 1394; x_wconf 80' lang='lat' dir='ltr'>casa</span> <span class='ocrx_word' id='word_1_118' title='bbox 793 1362 847 1394; x_wconf 78' lang='lat' dir='ltr'>del</span> <span class='ocrx_word' id='word_1_119' title='bbox 869 1363 990 1397; x_wconf 77' lang='lat' dir='ltr'>tiolm&#39;o,</span> <span class='ocrx_word' id='word_1_120' title='bbox 1018 1362 1049 1393; x_wconf 84' lang='lat' dir='ltr'>in</span> <span class='ocrx_word' id='word_1_121' title='bbox 1075 1361 1273 1393; x_wconf 79' lang='lat' dir='ltr'>Parrocclu&#39;a</span> <span class='ocrx_word' id='word_1_122' title='bbox 1299 1361 1334 1392; x_wconf 74' lang='lat' dir='ltr'>cii</span> <span class='ocrx_word' id='word_1_123' title='bbox 1357 1360 1389 1393; x_wconf 83' lang='lat' dir='ltr'>S.</span> <span class='ocrx_word' id='word_1_124' title='bbox 1417 1360 1525 1392; x_wconf 80' lang='lat' dir='ltr'>Mario</span> <span class='ocrx_word' id='word_1_125' title='bbox 1557 1361 1717 1392; x_wconf 80' lang='lat' dir='ltr'>Venetica.</span> <span class='ocrx_word' id='word_1_126' title='bbox 1751 1359 1971 1392; x_wconf 83' lang='lat' dir='ltr'>Venerabiles</span> <span class='ocrx_word' id='word_1_127' title='bbox 1997 1360 2057 1391; x_wconf 92' lang='lat' dir='ltr'>viri</span> <span class='ocrx_word' id='word_1_128' title='bbox 2084 1360 2145 1392; x_wconf 89' lang='lat' dir='ltr'>do-</span> 
     </span>
     <span class='ocr_line' id='line_1_15' title="bbox 566 1422 2143 1465; baseline -0.002 -8"><span class='ocrx_word' id='word_1_129' title='bbox 566 1430 568 1461; x_wconf 62' lang='lat' dir='ltr'>l</span> <span class='ocrx_word' id='word_1_130' title='bbox 596 1426 674 1457; x_wconf 91' lang='lat' dir='ltr'>mini</span> <span class='ocrx_word' id='word_1_131' title='bbox 716 1425 815 1457; x_wconf 83' lang='lat' dir='ltr'>frater</span> <span class='ocrx_word' id='word_1_132' title='bbox 856 1424 1008 1465; x_wconf 81' lang='lat' dir='ltr'>Baptista</span> <span class='ocrx_word' id='word_1_133' title='bbox 1049 1424 1090 1455; x_wconf 83' lang='lat' dir='ltr'>de</span> <span class='ocrx_word' id='word_1_134' title='bbox 1133 1423 1302 1457; x_wconf 78' lang='lat' dir='ltr'>Ranclrate</span> <span class='ocrx_word' id='word_1_135' title='bbox 1343 1426 1375 1455; x_wconf 89' lang='lat' dir='ltr'>et</span> <span class='ocrx_word' id='word_1_136' title='bbox 1416 1423 1516 1455; x_wconf 88' lang='lat' dir='ltr'>frater</span> <span class='ocrx_word' id='word_1_137' title='bbox 1542 1422 1712 1454; x_wconf 83' lang='lat' dir='ltr'>Eusebius</span> <span class='ocrx_word' id='word_1_138' title='bbox 1752 1423 1793 1454; x_wconf 87' lang='lat' dir='ltr'>de</span> <span class='ocrx_word' id='word_1_139' title='bbox 1834 1422 1998 1464; x_wconf 84' lang='lat' dir='ltr'>Lingeriis</span> <span class='ocrx_word' id='word_1_140' title='bbox 2023 1423 2143 1455; x_wconf 90' lang='lat' dir='ltr'>sindici</span> 
     </span>
     <span class='ocr_line' id='line_1_16' title="bbox 354 1483 2147 1528; baseline -0.001 -10"><span class='ocrx_word' id='word_1_141' title='bbox 354 1524 386 1526; x_wconf 43' lang='grc' dir='ltr'><em>ῌ</em></span> <span class='ocrx_word' id='word_1_142' title='bbox 438 1524 467 1525; x_wconf 30' lang='lat' dir='ltr'><em>j</em></span> <span class='ocrx_word' id='word_1_143' title='bbox 566 1483 567 1488; x_wconf 71' lang='grc'>’</span> <span class='ocrx_word' id='word_1_144' title='bbox 595 1490 626 1519; x_wconf 89' lang='lat' dir='ltr'>et</span> <span class='ocrx_word' id='word_1_145' title='bbox 652 1489 931 1528; x_wconf 75' lang='lat' dir='ltr'>procuratores...</span> <span class='ocrx_word' id='word_1_146' title='bbox 958 1486 1149 1517; x_wconf 85' lang='lat' dir='ltr'>monasterii</span> <span class='ocrx_word' id='word_1_147' title='bbox 1176 1485 1283 1516; x_wconf 85' lang='lat' dir='ltr'>sancti</span> <span class='ocrx_word' id='word_1_148' title='bbox 1310 1485 1490 1526; x_wconf 78' lang='lat' dir='ltr'>Augustini</span> <span class='ocrx_word' id='word_1_149' title='bbox 1517 1486 1664 1517; x_wconf 84' lang='lat' dir='ltr'>civitatis</span> <span class='ocrx_word' id='word_1_150' title='bbox 1690 1485 1806 1526; x_wconf 83' lang='lat' dir='ltr'>Papie,</span> <span class='ocrx_word' id='word_1_151' title='bbox 1832 1484 1971 1517; x_wconf 83' lang='lat' dir='ltr'>Ordinis</span> <span class='ocrx_word' id='word_1_152' title='bbox 1997 1485 2147 1517; x_wconf 89' lang='lat' dir='ltr'>l-leremi-</span> 
     </span>
    </p>

    <p class='ocr_par' dir='ltr' id='par_1_8' title="bbox 328 1546 2147 1591">
     <span class='ocr_line' id='line_1_17' title="bbox 328 1546 2147 1591; baseline -0.002 -8"><span class='ocrx_word' id='word_1_153' title='bbox 328 1556 434 1583; x_wconf 86' lang='lat' dir='ltr'>tarum</span> <span class='ocrx_word' id='word_1_154' title='bbox 461 1551 566 1583; x_wconf 88' lang='lat' dir='ltr'>sancti</span> <span class='ocrx_word' id='word_1_155' title='bbox 594 1549 818 1591; x_wconf 86' lang='lat' dir='ltr'>Augustini....</span> <span class='ocrx_word' id='word_1_156' title='bbox 845 1549 994 1580; x_wconf 76' lang='lat' dir='ltr'>ricevono</span> <span class='ocrx_word' id='word_1_157' title='bbox 1020 1547 1077 1579; x_wconf 83' lang='grc' dir='ltr'><em>ιιίιΙ</em></span> <span class='ocrx_word' id='word_1_158' title='bbox 1099 1548 1212 1579; x_wconf 79' lang='lat' dir='ltr'>notaio</span> <span class='ocrx_word' id='word_1_159' title='bbox 1238 1557 1257 1579; x_wconf 80' lang='grc' dir='ltr'>ιι</span> <span class='ocrx_word' id='word_1_160' title='bbox 1283 1556 1377 1579; x_wconf 83' lang='lat' dir='ltr'>nome</span> <span class='ocrx_word' id='word_1_161' title='bbox 1403 1548 1456 1579; x_wconf 80' lang='lat' dir='ltr'>a&#39;el</span> <span class='ocrx_word' id='word_1_162' title='bbox 1479 1548 1580 1579; x_wconf 75' lang='lat' dir='ltr'>milite</span> <span class='ocrx_word' id='word_1_163' title='bbox 1604 1547 1815 1579; x_wconf 58' lang='lat' dir='ltr'>Baffolomeo</span> <span class='ocrx_word' id='word_1_164' title='bbox 1840 1548 1894 1579; x_wconf 82' lang='lat' dir='ltr'>dei</span> <span class='ocrx_word' id='word_1_165' title='bbox 1920 1546 2016 1580; x_wconf 84' lang='lat' dir='ltr'>Conti</span> <span class='ocrx_word' id='word_1_166' title='bbox 2038 1548 2074 1579; x_wconf 79' lang='lat' dir='ltr'>cii</span> <span class='ocrx_word' id='word_1_167' title='bbox 2088 1548 2147 1580; x_wconf 84' lang='lat' dir='ltr'>AI-</span> 
     </span>
    </p>

    <p class='ocr_par' dir='ltr' id='par_1_9' title="bbox 328 1609 2145 1714">
     <span class='ocr_line' id='line_1_18' title="bbox 328 1609 2145 1651; baseline -0.002 -6"><span class='ocrx_word' id='word_1_168' title='bbox 328 1615 447 1646; x_wconf 75' lang='lat' dir='ltr'>bonesc</span> <span class='ocrx_word' id='word_1_169' title='bbox 474 1613 763 1644; x_wconf 85' lang='lat' dir='ltr'>uxufructuarium</span> <span class='ocrx_word' id='word_1_170' title='bbox 803 1612 967 1643; x_wconf 88' lang='lat' dir='ltr'>bonorum</span> <span class='ocrx_word' id='word_1_171' title='bbox 1007 1610 1296 1641; x_wconf 74' lang='lat' dir='ltr'>liereditarioriuni</span> <span class='ocrx_word' id='word_1_172' title='bbox 1335 1610 1505 1650; x_wconf 81' lang='lat' dir='ltr'>quondam</span> <span class='ocrx_word' id='word_1_173' title='bbox 1543 1610 1720 1651; x_wconf 86' lang='lat' dir='ltr'>magnifice</span> <span class='ocrx_word' id='word_1_174' title='bbox 1757 1610 1891 1642; x_wconf 89' lang='lat' dir='ltr'>domine</span> <span class='ocrx_word' id='word_1_175' title='bbox 1929 1609 2069 1651; x_wconf 78' lang='lat' dir='ltr'>Agnetis</span> <span class='ocrx_word' id='word_1_176' title='bbox 2104 1610 2145 1642; x_wconf 90' lang='lat' dir='ltr'>de</span> 
     </span>
     <span class='ocr_line' id='line_1_19' title="bbox 328 1672 2141 1714; baseline -0.002 -7"><span class='ocrx_word' id='word_1_177' title='bbox 328 1680 447 1708; x_wconf 86' lang='lat' dir='ltr'>sancto</span> <span class='ocrx_word' id='word_1_178' title='bbox 472 1675 659 1706; x_wconf 74' lang='lat' dir='ltr'>Nazario...</span> <span class='ocrx_word' id='word_1_179' title='bbox 686 1675 832 1706; x_wconf 80' lang='lat' dir='ltr'>florenos</span> <span class='ocrx_word' id='word_1_180' title='bbox 858 1673 1173 1714; x_wconf 71' lang='lat' dir='ltr'>vigintiquinque...</span> <span class='ocrx_word' id='word_1_181' title='bbox 1201 1681 1261 1713; x_wconf 89' lang='lat' dir='ltr'>pro</span> <span class='ocrx_word' id='word_1_182' title='bbox 1299 1675 1392 1713; x_wconf 87' lang='lat' dir='ltr'>parte</span> <span class='ocrx_word' id='word_1_183' title='bbox 1430 1673 1616 1704; x_wconf 88' lang='lat' dir='ltr'>solucionis</span> <span class='ocrx_word' id='word_1_184' title='bbox 1655 1672 1782 1704; x_wconf 82' lang='lat' dir='ltr'>illarum</span> <span class='ocrx_word' id='word_1_185' title='bbox 1815 1672 1971 1704; x_wconf 86' lang='lat' dir='ltr'>librarum</span> <span class='ocrx_word' id='word_1_186' title='bbox 2009 1675 2141 1704; x_wconf 88' lang='lat' dir='ltr'>centum</span> 
     </span>
    </p>
   </div>
   <div class='ocr_carea' id='block_1_8' title="bbox 329 1734 2146 1966">
    <p class='ocr_par' dir='ltr' id='par_1_10' title="bbox 329 1734 2146 1966">
     <span class='ocr_line' id='line_1_20' title="bbox 329 1734 2146 1779; baseline -0.002 -9"><span class='ocrx_word' id='word_1_187' title='bbox 329 1738 550 1779; x_wconf 80' lang='lat' dir='ltr'>imperalium,</span> <span class='ocrx_word' id='word_1_188' title='bbox 576 1737 664 1769; x_wconf 84' lang='lat' dir='ltr'>aliax</span> <span class='ocrx_word' id='word_1_189' title='bbox 693 1736 880 1768; x_wconf 86' lang='lat' dir='ltr'>relictarum</span> <span class='ocrx_word' id='word_1_190' title='bbox 907 1744 966 1776; x_wconf 87' lang='lat' dir='ltr'>per</span> <span class='ocrx_word' id='word_1_191' title='bbox 990 1734 1154 1775; x_wconf 76' lang='lat' dir='ltr'>prefatam</span> <span class='ocrx_word' id='word_1_192' title='bbox 1180 1735 1352 1774; x_wconf 84' lang='lat' dir='ltr'>quondam</span> <span class='ocrx_word' id='word_1_193' title='bbox 1379 1735 1550 1766; x_wconf 85' lang='lat' dir='ltr'>dominam</span> <span class='ocrx_word' id='word_1_194' title='bbox 1566 1734 1729 1776; x_wconf 89' lang='lat' dir='ltr'>Agnetem</span> <span class='ocrx_word' id='word_1_195' title='bbox 1756 1735 1786 1766; x_wconf 93' lang='lat' dir='ltr'>in</span> <span class='ocrx_word' id='word_1_196' title='bbox 1814 1743 1876 1765; x_wconf 91' lang='lat' dir='ltr'>suo</span> <span class='ocrx_word' id='word_1_197' title='bbox 1903 1734 2019 1766; x_wconf 87' lang='lat' dir='ltr'>ultimo</span> <span class='ocrx_word' id='word_1_198' title='bbox 2044 1736 2146 1766; x_wconf 88' lang='lat' dir='ltr'>testa-</span> 
     </span>
     <span class='ocr_line' id='line_1_21' title="bbox 330 1796 2144 1838; baseline -0.002 -6"><span class='ocrx_word' id='word_1_199' title='bbox 330 1803 452 1838; x_wconf 71' lang='lat' dir='ltr'>mento,</span> <span class='ocrx_word' id='word_1_200' title='bbox 478 1809 553 1831; x_wconf 86' lang='lat' dir='ltr'>cum</span> <span class='ocrx_word' id='word_1_201' title='bbox 580 1800 704 1830; x_wconf 81' lang='lat' dir='ltr'>honere</span> <span class='ocrx_word' id='word_1_202' title='bbox 730 1798 869 1830; x_wconf 85' lang='lat' dir='ltr'>fatiendi</span> <span class='ocrx_word' id='word_1_203' title='bbox 896 1797 1044 1829; x_wconf 87' lang='lat' dir='ltr'>officium</span> <span class='ocrx_word' id='word_1_204' title='bbox 1071 1797 1206 1838; x_wconf 88' lang='lat' dir='ltr'>singulo</span> <span class='ocrx_word' id='word_1_205' title='bbox 1243 1806 1375 1828; x_wconf 73' lang='lat' dir='ltr'>anno...</span> <span class='ocrx_word' id='word_1_206' title='bbox 1403 1798 1680 1837; x_wconf 75' lang='lat' dir='ltr'>promittentes...</span> <span class='ocrx_word' id='word_1_207' title='bbox 1707 1798 1818 1838; x_wconf 88' lang='lat' dir='ltr'>ipsum</span> <span class='ocrx_word' id='word_1_208' title='bbox 1844 1797 1999 1829; x_wconf 87' lang='lat' dir='ltr'>comitem</span> <span class='ocrx_word' id='word_1_209' title='bbox 2027 1796 2144 1829; x_wconf 88' lang='lat' dir='ltr'>Berto-</span> 
     </span>
     <span class='ocr_line' id='line_1_22' title="bbox 330 1858 2145 1901; baseline -0.002 -7"><span class='ocrx_word' id='word_1_210' title='bbox 330 1864 484 1900; x_wconf 70' lang='lat' dir='ltr'>laureum,</span> <span class='ocrx_word' id='word_1_211' title='bbox 511 1862 796 1893; x_wconf 86' lang='lat' dir='ltr'>usufructuarium</span> <span class='ocrx_word' id='word_1_212' title='bbox 823 1863 856 1892; x_wconf 88' lang='lat' dir='ltr'>ut</span> <span class='ocrx_word' id='word_1_213' title='bbox 882 1869 997 1901; x_wconf 89' lang='lat' dir='ltr'>supra,</span> <span class='ocrx_word' id='word_1_214' title='bbox 1023 1862 1204 1900; x_wconf 81' lang='lat' dir='ltr'>expectare</span> <span class='ocrx_word' id='word_1_215' title='bbox 1221 1868 1282 1900; x_wconf 91' lang='lat' dir='ltr'>pro</span> <span class='ocrx_word' id='word_1_216' title='bbox 1298 1860 1434 1891; x_wconf 84' lang='lat' dir='ltr'>residuo</span> <span class='ocrx_word' id='word_1_217' title='bbox 1461 1868 1568 1900; x_wconf 86' lang='lat' dir='ltr'>usque</span> <span class='ocrx_word' id='word_1_218' title='bbox 1595 1860 1636 1891; x_wconf 87' lang='lat' dir='ltr'>ad</span> <span class='ocrx_word' id='word_1_219' title='bbox 1663 1859 1823 1891; x_wconf 83' lang='lat' dir='ltr'>calendas</span> <span class='ocrx_word' id='word_1_220' title='bbox 1849 1860 1975 1891; x_wconf 89' lang='lat' dir='ltr'>mensis</span> <span class='ocrx_word' id='word_1_221' title='bbox 2002 1858 2145 1900; x_wconf 83' lang='lat' dir='ltr'>Augusti</span> 
     </span>
     <span class='ocr_line' id='line_1_23' title="bbox 331 1923 821 1966; baseline -0.006 -9"><span class='ocrx_word' id='word_1_222' title='bbox 331 1926 484 1966; x_wconf 88' lang='lat' dir='ltr'>proxime</span> <span class='ocrx_word' id='word_1_223' title='bbox 510 1924 611 1956; x_wconf 89' lang='lat' dir='ltr'>futuri</span> <span class='ocrx_word' id='word_1_224' title='bbox 638 1923 821 1955; x_wconf 90' lang='lat' dir='ltr'>incluxive.</span> 
     </span>
    </p>
   </div>
   <div class='ocr_carea' id='block_1_9' title="bbox 1059 2061 1430 2103">
    <p class='ocr_par' dir='ltr' id='par_1_11' title="bbox 1059 2061 1430 2103">
     <span class='ocr_line' id='line_1_24' title="bbox 1059 2061 1430 2103; baseline -0.008 0"><span class='ocrx_word' id='word_1_225' title='bbox 1059 2061 1430 2103; x_wconf 88' lang='lat' dir='ltr'>CCCXXXIX.</span> 
     </span>
    </p>
   </div>
   <div class='ocr_carea' id='block_1_10' title="bbox 422 2171 1666 2210">
    <p class='ocr_par' dir='ltr' id='par_1_12' title="bbox 422 2171 1666 2210">
     <span class='ocr_line' id='line_1_25' title="bbox 422 2171 1666 2210; baseline -0.002 -7"><span class='ocrx_word' id='word_1_226' title='bbox 422 2175 593 2203; x_wconf 80' lang='lat' dir='ltr'>Ricevuta</span> <span class='ocrx_word' id='word_1_227' title='bbox 619 2174 651 2203; x_wconf 90' lang='lat' dir='ltr'>d&#39;</span> <span class='ocrx_word' id='word_1_228' title='bbox 669 2174 782 2202; x_wconf 82' lang='lat' dir='ltr'>affitto</span> <span class='ocrx_word' id='word_1_229' title='bbox 808 2182 826 2202; x_wconf 85' lang='lat' dir='ltr'>e</span> <span class='ocrx_word' id='word_1_230' title='bbox 850 2181 1000 2210; x_wconf 81' lang='lat' dir='ltr'>procura</span> <span class='ocrx_word' id='word_1_231' title='bbox 1026 2172 1120 2201; x_wconf 86' lang='lat' dir='ltr'>della</span> <span class='ocrx_word' id='word_1_232' title='bbox 1146 2172 1332 2201; x_wconf 65' lang='lat' dir='ltr'>Comunita</span> <span class='ocrx_word' id='word_1_233' title='bbox 1359 2172 1393 2200; x_wconf 88' lang='lat' dir='ltr'>di</span> <span class='ocrx_word' id='word_1_234' title='bbox 1419 2172 1454 2201; x_wconf 90' lang='lat' dir='ltr'>S.</span> <span class='ocrx_word' id='word_1_235' title='bbox 1481 2171 1666 2200; x_wconf 81' lang='lat' dir='ltr'>Mostiola.</span> 
     </span>
    </p>
   </div>
   <div class='ocr_carea' id='block_1_11' title="bbox 956 2277 1538 2309">
    <p class='ocr_par' dir='ltr' id='par_1_13' title="bbox 956 2277 1538 2309">
     <span class='ocr_line' id='line_1_26' title="bbox 956 2277 1538 2309; baseline -0.003 -6"><span class='ocrx_word' id='word_1_236' title='bbox 956 2278 1108 2309; x_wconf 69' lang='lat' dir='ltr'>Ill-2109,</span> <span class='ocrx_word' id='word_1_237' title='bbox 1129 2278 1468 2307; x_wconf 67' lang='lat' dir='ltr'>setternbre,</span> <span class='ocrx_word' id='word_1_238' title='bbox 1488 2277 1538 2301; x_wconf 65' lang='lat'>3.</span> 
     </span>
    </p>
   </div>
   <div class='ocr_carea' id='block_1_12' title="bbox 890 2364 1610 2390">
    <p class='ocr_par' dir='ltr' id='par_1_14' title="bbox 890 2364 1610 2390">
     <span class='ocr_line' id='line_1_27' title="bbox 890 2364 1610 2390; baseline -0.004 -3"><span class='ocrx_word' id='word_1_239' title='bbox 890 2366 967 2390; x_wconf 70' lang='lat' dir='ltr'>(Arcu,</span> <span class='ocrx_word' id='word_1_240' title='bbox 985 2366 1065 2387; x_wconf 86' lang='lat' dir='ltr'>Notar.</span> <span class='ocrx_word' id='word_1_241' title='bbox 1082 2366 1103 2386; x_wconf 83' lang='lat' dir='ltr'>di</span> <span class='ocrx_word' id='word_1_242' title='bbox 1121 2365 1199 2386; x_wconf 64' lang='lat' dir='ltr'>Pax-ia.</span> <span class='ocrx_word' id='word_1_243' title='bbox 1219 2376 1241 2378; x_wconf 35' lang='grc' dir='ltr'><strong><em>ᾖ</em></strong></span> <span class='ocrx_word' id='word_1_244' title='bbox 1257 2365 1305 2386; x_wconf 85' lang='lat' dir='ltr'>Atti</span> <span class='ocrx_word' id='word_1_245' title='bbox 1322 2365 1343 2386; x_wconf 83' lang='lat' dir='ltr'>di</span> <span class='ocrx_word' id='word_1_246' title='bbox 1362 2364 1481 2386; x_wconf 83' lang='lat' dir='ltr'>Leouardo</span> <span class='ocrx_word' id='word_1_247' title='bbox 1498 2364 1610 2389; x_wconf 84' lang='lat' dir='ltr'>Buscati).</span> 
     </span>
    </p>
   </div>
   <div class='ocr_carea' id='block_1_13' title="bbox 338 2498 2154 2861">
    <p class='ocr_par' dir='ltr' id='par_1_15' title="bbox 388 2498 2152 2622">
     <span class='ocr_line' id='line_1_28' title="bbox 403 2498 2152 2613; baseline -0.003 -69"><span class='ocrx_word' id='word_1_248' title='bbox 403 2498 541 2613; x_wconf 60' lang='grc' dir='ltr'>Ἢ</span> <span class='ocrx_word' id='word_1_249' title='bbox 585 2516 815 2551; x_wconf 76' lang='lat' dir='ltr'>CCCCvalllJ,</span> <span class='ocrx_word' id='word_1_250' title='bbox 842 2512 1009 2542; x_wconf 79' lang='lat' dir='ltr'>indicione</span> <span class='ocrx_word' id='word_1_251' title='bbox 1026 2510 1060 2552; x_wconf 85' lang='lat' dir='ltr'>lJ,</span> <span class='ocrx_word' id='word_1_252' title='bbox 1076 2511 1129 2542; x_wconf 81' lang='lat' dir='ltr'>die</span> <span class='ocrx_word' id='word_1_253' title='bbox 1146 2510 1171 2542; x_wconf 93' lang='lat' dir='ltr'>V</span> <span class='ocrx_word' id='word_1_254' title='bbox 1191 2511 1316 2542; x_wconf 83' lang='lat' dir='ltr'>niensis</span> <span class='ocrx_word' id='word_1_255' title='bbox 1335 2510 1580 2550; x_wconf 75' lang='lat' dir='ltr'>septembris...</span> <span class='ocrx_word' id='word_1_256' title='bbox 1605 2509 1637 2540; x_wconf 96' lang='lat' dir='ltr'>ln</span> <span class='ocrx_word' id='word_1_257' title='bbox 1654 2508 1769 2549; x_wconf 78' lang='lat' dir='ltr'>Papia,</span> <span class='ocrx_word' id='word_1_258' title='bbox 1785 2508 1941 2540; x_wconf 88' lang='lat' dir='ltr'>videlicet</span> <span class='ocrx_word' id='word_1_259' title='bbox 1957 2508 1987 2539; x_wconf 96' lang='lat' dir='ltr'>in</span> <span class='ocrx_word' id='word_1_260' title='bbox 2003 2508 2152 2540; x_wconf 89' lang='lat' dir='ltr'>claustro</span> 
     </span>
     <span class='ocr_line' id='line_1_29' title="bbox 388 2555 2152 2622; baseline -0.002 -16"><span class='ocrx_word' id='word_1_261' title='bbox 388 2555 422 2614; x_wconf 57' lang='lat' dir='ltr'>,L</span> <span class='ocrx_word' id='word_1_262' title='bbox 579 2614 580 2622; x_wconf 14' lang='grc' dir='ltr'>ἵ</span> <span class='ocrx_word' id='word_1_263' title='bbox 608 2574 809 2614; x_wconf 80' lang='lat' dir='ltr'>infrascripti</span> <span class='ocrx_word' id='word_1_264' title='bbox 837 2574 1041 2611; x_wconf 88' lang='lat' dir='ltr'>monasterii,</span> <span class='ocrx_word' id='word_1_265' title='bbox 1067 2574 1133 2605; x_wconf 88' lang='lat' dir='ltr'>sito</span> <span class='ocrx_word' id='word_1_266' title='bbox 1159 2574 1190 2604; x_wconf 89' lang='lat' dir='ltr'>in</span> <span class='ocrx_word' id='word_1_267' title='bbox 1217 2572 1316 2604; x_wconf 81' lang='lat' dir='ltr'>Porta</span> <span class='ocrx_word' id='word_1_268' title='bbox 1343 2572 1519 2604; x_wconf 76' lang='lat' dir='ltr'>Falacensi</span> <span class='ocrx_word' id='word_1_269' title='bbox 1547 2572 1578 2602; x_wconf 90' lang='lat' dir='ltr'>in</span> <span class='ocrx_word' id='word_1_270' title='bbox 1605 2570 1768 2602; x_wconf 83' lang='lat' dir='ltr'>Parochia</span> <span class='ocrx_word' id='word_1_271' title='bbox 1794 2571 1900 2602; x_wconf 84' lang='lat' dir='ltr'>sancti</span> <span class='ocrx_word' id='word_1_272' title='bbox 1931 2570 2085 2602; x_wconf 78' lang='lat' dir='ltr'>Nicliolai</span> <span class='ocrx_word' id='word_1_273' title='bbox 2111 2571 2152 2603; x_wconf 88' lang='lat' dir='ltr'>de</span> 
     </span>
    </p>

    <p class='ocr_par' dir='ltr' id='par_1_16' title="bbox 338 2632 2154 2861">
     <span class='ocr_line' id='line_1_30' title="bbox 514 2632 2154 2675; baseline -0.002 -8"><span class='ocrx_word' id='word_1_274' title='bbox 514 2671 519 2672; x_wconf 20' lang='lat'><em>⁷</em></span> <span class='ocrx_word' id='word_1_275' title='bbox 608 2635 774 2667; x_wconf 85' lang='lat' dir='ltr'>Verzari0.</span> <span class='ocrx_word' id='word_1_276' title='bbox 802 2634 984 2667; x_wconf 86' lang='lat' dir='ltr'>Confessio</span> <span class='ocrx_word' id='word_1_277' title='bbox 1008 2635 1095 2667; x_wconf 82' lang='lat' dir='ltr'>facta</span> <span class='ocrx_word' id='word_1_278' title='bbox 1122 2644 1181 2675; x_wconf 87' lang='lat' dir='ltr'>per</span> <span class='ocrx_word' id='word_1_279' title='bbox 1208 2635 1419 2666; x_wconf 79' lang='lat' dir='ltr'>venerabiles</span> <span class='ocrx_word' id='word_1_280' title='bbox 1445 2635 1536 2666; x_wconf 87' lang='lat' dir='ltr'>viros</span> <span class='ocrx_word' id='word_1_281' title='bbox 1562 2634 1718 2665; x_wconf 87' lang='lat' dir='ltr'>dominos</span> <span class='ocrx_word' id='word_1_282' title='bbox 1737 2632 1855 2664; x_wconf 89' lang='lat' dir='ltr'>fratres</span> <span class='ocrx_word' id='word_1_283' title='bbox 1874 2633 2069 2674; x_wconf 83' lang='lat' dir='ltr'>magistrum</span> <span class='ocrx_word' id='word_1_284' title='bbox 2084 2632 2154 2664; x_wconf 89' lang='lat' dir='ltr'>Au-</span> 
     </span>
     <span class='ocr_line' id='line_1_31' title="bbox 338 2695 2154 2739; baseline -0.002 -10"><span class='ocrx_word' id='word_1_285' title='bbox 338 2699 508 2739; x_wconf 84' lang='lat' dir='ltr'>gustinum</span> <span class='ocrx_word' id='word_1_286' title='bbox 535 2698 575 2729; x_wconf 84' lang='lat' dir='ltr'>de</span> <span class='ocrx_word' id='word_1_287' title='bbox 603 2698 768 2729; x_wconf 83' lang='lat' dir='ltr'>Marliano</span> <span class='ocrx_word' id='word_1_288' title='bbox 795 2697 962 2729; x_wconf 85' lang='lat' dir='ltr'>Vicarium</span> <span class='ocrx_word' id='word_1_289' title='bbox 990 2700 1021 2728; x_wconf 88' lang='lat' dir='ltr'>et</span> <span class='ocrx_word' id='word_1_290' title='bbox 1046 2697 1262 2729; x_wconf 85' lang='lat' dir='ltr'>Niclrolinum</span> <span class='ocrx_word' id='word_1_291' title='bbox 1289 2697 1329 2728; x_wconf 87' lang='lat' dir='ltr'>de</span> <span class='ocrx_word' id='word_1_292' title='bbox 1356 2695 1501 2728; x_wconf 84' lang='lat' dir='ltr'>Grizolis</span> <span class='ocrx_word' id='word_1_293' title='bbox 1527 2695 1674 2727; x_wconf 81' lang='lat' dir='ltr'>Priorem</span> <span class='ocrx_word' id='word_1_294' title='bbox 1702 2695 1905 2736; x_wconf 84' lang='lat' dir='ltr'>infrascripti</span> <span class='ocrx_word' id='word_1_295' title='bbox 1943 2695 2154 2733; x_wconf 85' lang='lat' dir='ltr'>Monasterii,</span> 
     </span>
     <span class='ocr_line' id='line_1_32' title="bbox 339 2757 2154 2799; baseline -0.001 -8"><span class='ocrx_word' id='word_1_296' title='bbox 339 2760 471 2792; x_wconf 71' lang='lat' dir='ltr'>Petrum</span> <span class='ocrx_word' id='word_1_297' title='bbox 497 2760 538 2791; x_wconf 85' lang='lat' dir='ltr'>de</span> <span class='ocrx_word' id='word_1_298' title='bbox 565 2758 692 2796; x_wconf 73' lang='lat' dir='ltr'>calvis,</span> <span class='ocrx_word' id='word_1_299' title='bbox 730 2758 947 2791; x_wconf 81' lang='lat' dir='ltr'>Guillelmum</span> <span class='ocrx_word' id='word_1_300' title='bbox 974 2760 1015 2790; x_wconf 84' lang='lat' dir='ltr'>de</span> <span class='ocrx_word' id='word_1_301' title='bbox 1042 2759 1259 2799; x_wconf 85' lang='lat' dir='ltr'>Arigonibus,</span> <span class='ocrx_word' id='word_1_302' title='bbox 1297 2757 1480 2799; x_wconf 85' lang='lat' dir='ltr'>Georgium</span> <span class='ocrx_word' id='word_1_303' title='bbox 1507 2758 1548 2789; x_wconf 91' lang='lat' dir='ltr'>de</span> <span class='ocrx_word' id='word_1_304' title='bbox 1575 2757 1818 2795; x_wconf 81' lang='lat' dir='ltr'>vicomercato,</span> <span class='ocrx_word' id='word_1_305' title='bbox 1856 2757 2079 2789; x_wconf 84' lang='lat' dir='ltr'>Tliolomeum</span> <span class='ocrx_word' id='word_1_306' title='bbox 2113 2758 2154 2789; x_wconf 90' lang='lat' dir='ltr'>de</span> 
     </span>
     <span class='ocr_line' id='line_1_33' title="bbox 338 2817 2154 2861; baseline -0.001 -7"><span class='ocrx_word' id='word_1_307' title='bbox 338 2822 523 2860; x_wconf 80' lang='lat' dir='ltr'>Seraticlio‚</span> <span class='ocrx_word' id='word_1_308' title='bbox 562 2822 770 2853; x_wconf 83' lang='lat' dir='ltr'>Albertinum</span> <span class='ocrx_word' id='word_1_309' title='bbox 808 2822 849 2853; x_wconf 88' lang='lat' dir='ltr'>de</span> <span class='ocrx_word' id='word_1_310' title='bbox 888 2820 1015 2859; x_wconf 85' lang='lat' dir='ltr'>Griffis,</span> <span class='ocrx_word' id='word_1_311' title='bbox 1055 2821 1211 2853; x_wconf 84' lang='lat' dir='ltr'>Iacobum</span> <span class='ocrx_word' id='word_1_312' title='bbox 1249 2821 1290 2852; x_wconf 86' lang='lat' dir='ltr'>de</span> <span class='ocrx_word' id='word_1_313' title='bbox 1329 2821 1498 2858; x_wconf 66' lang='lat' dir='ltr'>Fhrizano,</span> <span class='ocrx_word' id='word_1_314' title='bbox 1536 2820 1712 2861; x_wconf 86' lang='lat' dir='ltr'>Angellum</span> <span class='ocrx_word' id='word_1_315' title='bbox 1750 2820 1791 2851; x_wconf 87' lang='lat' dir='ltr'>de</span> <span class='ocrx_word' id='word_1_316' title='bbox 1829 2819 2068 2852; x_wconf 77' lang='lat' dir='ltr'>Rusclronibus</span> <span class='ocrx_word' id='word_1_317' title='bbox 2093 2817 2154 2859; x_wconf 87' lang='lat'>(3),</span> 
     </span>
    </p>
   </div>
   <div class='ocr_carea' id='block_1_14' title="bbox 353 2977 2152 3051">
    <p class='ocr_par' dir='ltr' id='par_1_17' title="bbox 353 2977 2152 3051">
     <span class='ocr_line' id='line_1_34' title="bbox 398 2977 2152 3005; baseline -0.001 -5"><span class='ocrx_word' id='word_1_318' title='bbox 398 2981 415 3002; x_wconf 84' lang='lat' dir='ltr'>(l</span> <span class='ocrx_word' id='word_1_319' title='bbox 447 2980 518 3001; x_wconf 85' lang='lat' dir='ltr'>Come</span> <span class='ocrx_word' id='word_1_320' title='bbox 540 2980 558 3000; x_wconf 84' lang='lat' dir='ltr'>ci</span> <span class='ocrx_word' id='word_1_321' title='bbox 583 2979 702 3005; x_wconf 72' lang='lat' dir='ltr'>insegncrii</span> <span class='ocrx_word' id='word_1_322' title='bbox 727 2979 739 2999; x_wconf 88' lang='lat' dir='ltr'>il</span> <span class='ocrx_word' id='word_1_323' title='bbox 762 2979 903 3000; x_wconf 78' lang='lat' dir='ltr'>documento</span> <span class='ocrx_word' id='word_1_324' title='bbox 927 2979 962 2999; x_wconf 80' lang='lat' dir='ltr'>dei</span> <span class='ocrx_word' id='word_1_325' title='bbox 988 2979 1009 2999; x_wconf 75' lang='lat'>17</span> <span class='ocrx_word' id='word_1_326' title='bbox 1031 2979 1154 2999; x_wconf 75' lang='lat' dir='ltr'>novembre</span> <span class='ocrx_word' id='word_1_327' title='bbox 1173 2978 1223 2998; x_wconf 66' lang='lat'>1473</span> <span class='ocrx_word' id='word_1_328' title='bbox 1278 2978 1345 3003; x_wconf 68' lang='lat' dir='ltr'>gualo</span> <span class='ocrx_word' id='word_1_329' title='bbox 1369 2984 1409 3003; x_wconf 84' lang='lat' dir='ltr'>per</span> <span class='ocrx_word' id='word_1_330' title='bbox 1433 2978 1446 2998; x_wconf 90' lang='lat' dir='ltr'>il</span> <span class='ocrx_word' id='word_1_331' title='bbox 1472 2983 1515 2998; x_wconf 81' lang='lat' dir='ltr'>suo</span> <span class='ocrx_word' id='word_1_332' title='bbox 1540 2978 1588 2998; x_wconf 82' lang='lat' dir='ltr'>alto</span> <span class='ocrx_word' id='word_1_333' title='bbox 1613 2978 1690 2998; x_wconf 82' lang='lat' dir='ltr'>valore</span> <span class='ocrx_word' id='word_1_334' title='bbox 1715 2977 1886 2998; x_wconf 80' lang='lat' dir='ltr'>nell&#39;oratoria.</span> <span class='ocrx_word' id='word_1_335' title='bbox 1912 2977 2045 3003; x_wconf 74' lang='lat' dir='ltr'>CRUSENlO,</span> <span class='ocrx_word' id='word_1_336' title='bbox 2061 2982 2096 3003; x_wconf 80' lang='grc' dir='ltr'>υρ.</span> <span class='ocrx_word' id='word_1_337' title='bbox 2113 2977 2152 2998; x_wconf 74' lang='lat' dir='ltr'>cit.</span> 
     </span>
     <span class='ocr_line' id='line_1_35' title="bbox 353 3023 1395 3051; baseline -0.002 -6"><span class='ocrx_word' id='word_1_338' title='bbox 353 3028 437 3051; x_wconf 79' lang='lat' dir='ltr'>questo</span> <span class='ocrx_word' id='word_1_339' title='bbox 453 3025 562 3050; x_wconf 67' lang='lat' dir='ltr'>religioso</span> <span class='ocrx_word' id='word_1_340' title='bbox 577 3024 589 3045; x_wconf 70' lang='grc'>1.·</span> <span class='ocrx_word' id='word_1_341' title='bbox 605 3023 663 3045; x_wconf 78' lang='lat' dir='ltr'>frate</span> <span class='ocrx_word' id='word_1_342' title='bbox 679 3024 802 3044; x_wconf 83' lang='lat' dir='ltr'>Gerolamo</span> <span class='ocrx_word' id='word_1_343' title='bbox 819 3023 877 3044; x_wconf 80' lang='lat' dir='ltr'>della</span> <span class='ocrx_word' id='word_1_344' title='bbox 895 3023 963 3044; x_wconf 76' lang='lat' dir='ltr'>Porta</span> <span class='ocrx_word' id='word_1_345' title='bbox 980 3023 1001 3043; x_wconf 82' lang='lat' dir='ltr'>di</span> <span class='ocrx_word' id='word_1_346' title='bbox 1018 3023 1111 3043; x_wconf 81' lang='lat' dir='ltr'>Milano.</span> <span class='ocrx_word' id='word_1_347' title='bbox 1281 3029 1332 3049; x_wconf 65' lang='lat' dir='ltr'>pag.</span> <span class='ocrx_word' id='word_1_348' title='bbox 1348 3023 1395 3043; x_wconf 66' lang='lat'>514,</span> 
     </span>
    </p>
   </div>
   <div class='ocr_carea' id='block_1_15' title="bbox 400 3064 2153 3093">
    <p class='ocr_par' dir='ltr' id='par_1_18' title="bbox 400 3064 2153 3093">
     <span class='ocr_line' id='line_1_36' title="bbox 400 3064 2153 3093; baseline -0.003 -3"><span class='ocrx_word' id='word_1_349' title='bbox 400 3070 430 3090; x_wconf 62' lang='lat'>¹2&gt;</span> <span class='ocrx_word' id='word_1_350' title='bbox 447 3064 463 3090; x_wconf 77' lang='grc' dir='ltr'>Ε</span> <span class='ocrx_word' id='word_1_351' title='bbox 479 3069 511 3090; x_wconf 70' lang='lat' dir='ltr'>Ira</span> <span class='ocrx_word' id='word_1_352' title='bbox 529 3068 657 3090; x_wconf 79' lang='lat' dir='ltr'>Benedetto</span> <span class='ocrx_word' id='word_1_353' title='bbox 673 3068 762 3093; x_wconf 64' lang='lat' dir='ltr'>Siuuori</span> <span class='ocrx_word' id='word_1_354' title='bbox 780 3068 808 3088; x_wconf 79' lang='lat' dir='ltr'>da</span> <span class='ocrx_word' id='word_1_355' title='bbox 825 3068 928 3093; x_wconf 63' lang='lat' dir='ltr'>Genus-a,</span> <span class='ocrx_word' id='word_1_356' title='bbox 954 3068 994 3088; x_wconf 83' lang='lat' dir='ltr'>clre</span> <span class='ocrx_word' id='word_1_357' title='bbox 1018 3068 1055 3093; x_wconf 85' lang='lat' dir='ltr'>pru</span> <span class='ocrx_word' id='word_1_358' title='bbox 1080 3068 1138 3088; x_wconf 82' lang='lat' dir='ltr'>tardi</span> <span class='ocrx_word' id='word_1_359' title='bbox 1156 3067 1173 3087; x_wconf 86' lang='lat' dir='ltr'>si</span> <span class='ocrx_word' id='word_1_360' title='bbox 1190 3072 1224 3088; x_wconf 81' lang='lat' dir='ltr'>se·</span> <span class='ocrx_word' id='word_1_361' title='bbox 1332 3068 1362 3092; x_wconf 69' lang='lat'>›3)</span> <span class='ocrx_word' id='word_1_362' title='bbox 1379 3067 1445 3087; x_wconf 72' lang='lat' dir='ltr'>Frate</span> <span class='ocrx_word' id='word_1_363' title='bbox 1461 3067 1549 3092; x_wconf 70' lang='lat' dir='ltr'>Angelo</span> <span class='ocrx_word' id='word_1_364' title='bbox 1566 3066 1594 3087; x_wconf 77' lang='lat' dir='ltr'>dc</span> <span class='ocrx_word' id='word_1_365' title='bbox 1611 3066 1765 3092; x_wconf 78' lang='lat' dir='ltr'>Rusconibus,</span> <span class='ocrx_word' id='word_1_366' title='bbox 1788 3067 1829 3087; x_wconf 76' lang='lat' dir='ltr'>cltc</span> <span class='ocrx_word' id='word_1_367' title='bbox 1852 3066 1890 3091; x_wconf 87' lang='lat' dir='ltr'>qui</span> <span class='ocrx_word' id='word_1_368' title='bbox 1913 3066 2027 3086; x_wconf 74' lang='lat' dir='ltr'>troriuruo</span> <span class='ocrx_word' id='word_1_369' title='bbox 2050 3065 2153 3086; x_wconf 83' lang='lat' dir='ltr'>membro</span> 
     </span>
    </p>
   </div>
  </div>
 </body>
</html>
