2347 3444
281 224 345 255 318

280 361 400 389 ventus
425 361 455 388 et
480 358 620 389 ecclesie
646 361 675 389 et
702 367 992 398 quorumcumque
1020 357 1166 388 Fratrum
1195 357 1225 387 in
1254 357 1328 396 ipso
1370 356 1574 387 monasterio
1612 364 1669 396 per
1706 359 1855 396 tempora
1893 356 2096 396 degentium,

279 429 343 451 non
370 420 479 451 solum
517 421 748 460 suprascripto
786 421 923 451 domino
960 419 1050 450 fratri
1090 419 1311 456 Bertolameo,
1345 418 1403 449 sed
1430 422 1460 449 et
1485 418 1583 449 etiam
1611 418 1881 458 quibuscumque
1916 417 2097 454 Fratribus,

277 483 481 522 quicumque
508 483 584 518 sint,
612 483 651 513 de
678 483 767 513 dicto
794 482 931 516 Ordine,
947 482 1035 512 dicto
1062 484 1229 511 conventu
1256 484 1286 511 et
1314 481 1518 511 monasterio
1537 480 1577 510 de
1595 483 1704 510 cetero
1724 480 1925 520 degentibus
1943 486 1973 511 et
1992 481 2098 511 omni-

278 545 403 584 potenti
433 543 503 575 Deo
529 549 559 575 et
586 545 665 575 divo
693 544 883 583 Augustino
910 543 1153 573 famulantibus
1180 543 1210 572 in
1235 552 1274 573 eo
1306 542 1522 579 monasterio,
1549 542 1698 579 liberam,
1735 542 1881 582 amplam
1908 545 1937 573 et
1964 542 2095 573 fidelem

277 606 440 637 dederunt
467 610 496 637 et
522 610 761 637 concesseruut
781 615 817 636 ac
837 606 916 636 dant
935 608 964 636 et
983 604 1172 635 concedunt
1192 604 1369 641 licentiam,
1403 604 1634 634 auctoritatem
1653 607 1684 634 et
1702 603 1892 635 facultatem
1919 604 2094 644 aquirendi

276 670 409 699 nomine
437 670 573 709 proprio
600 672 629 699 et
657 668 769 708 quoad
798 668 942 698 vixerint
969 670 1001 697 ut
1028 675 1129 706 supra
1148 668 1178 696 et
1198 666 1338 696 durante
1364 675 1478 696 eorum
1499 666 1566 696 vita
1586 668 1724 703 tantum,
1743 668 1852 697 tenere
1871 669 1901 697 et
1921 666 2095 706 possidere

277 740 488 771 quecumque
515 731 602 761 bona
629 740 693 770 que
719 730 941 769 aquis-iverint
979 732 1057 765 tute,
1096 729 1198 760 libere
1223 732 1253 760 et
1281 729 1417 768 impune
1442 731 1472 759 et
1498 728 1702 768 disponendi
1731 728 1771 759 de
1801 729 1885 768 ipsis
1912 737 1971 768 pro
1999 728 2093 759 libito

276 793 470 826 voluntatis.
497 796 526 823 et
553 793 578 823 si
599 795 629 823 et
648 792 832 822 dummodo
861 793 936 831 post
967 791 1074 830 ipsius
1101 791 1227 821 domini
1259 790 1370 821 fratris
1389 789 1588 821 Bertolamei
1609 791 1709 821 vitam
1729 793 1759 821 et
1777 790 1918 821 aliorum
1938 799 2096 830 quorum-

279 863 422 894 cumque
450 855 504 894 qui
532 854 754 894 aquisiverint
780 857 810 884 et
840 853 896 892 qui
916 853 956 883 de
975 855 1085 884 cetero
1099 853 1252 892 aquirere
1271 853 1458 893 contigerit,
1476 853 1599 883 exinde
1618 853 1729 884 omnia
1750 853 1837 883 bona
1857 856 1922 884 tam
1941 853 2094 893 aquixita

253 926 372 956 -quam
400 917 584 956 aquirenda
612 919 644 947 ut
671 924 784 956 supra,
812 916 886 956 ipso
907 916 974 946 iure
992 918 1023 946 et
1042 915 1130 946 facto
1149 918 1179 946 et
1197 915 1328 955 absque
1354 915 1419 946 alia
1446 915 1671 947 declaratione
1698 916 1894 956 perveniant
1920 919 1950 946 et
1977 916 2096 946 intelli-

271 983 390 1019 gantur
418 979 612 1018 pervenisse
638 979 679 1009 ad
708 979 818 1018 ipsum
845 978 1028 1018 capitulum
1055 980 1085 1009 et
1111 980 1314 1009 conventum
1341 986 1378 1009 ac
1405 978 1656 1015 monasterium,
1695 978 1832 1018 perinde
1857 987 1894 1009 ac
1921 979 1947 1009 si
1975 979 2095 1019 primi-

271 1041 388 1080 paliter
425 1044 454 1070 et
481 1041 552 1071 sine
591 1040 701 1071 medio
740 1040 889 1080 ipsorum
928 1039 1064 1070 fratrum
1103 1040 1372 1080 acquirentium,
1414 1040 1548 1070 nomine
1589 1040 1667 1071 dicti
1705 1038 1916 1077 ConventuS,
1955 1040 2092 1080 predicti

270 1105 460 1133 contractus
486 1102 641 1133 celebrati
669 1101 812 1133 fuissent
838 1104 868 1133 et
894 1102 934 1133 de
959 1104 1069 1133 cetero
1094 1102 1351 1133 celebrarentur.
1389 1101 1462 1139 Que
1501 1102 1635 1142 quidem
1671 1102 1802 1133 licentia
1839 1102 2039 1133 extendatur
2063 1105 2094 1133 et

271 1165 406 1194 extendi
434 1164 554 1195 debeat
582 1165 702 1195 nedum
730 1164 771 1195 ad
799 1164 887 1195 bona
913 1166 943 1195 et
971 1165 1040 1195 iura
1067 1165 1238 1204 acquixita
1265 1166 1295 1195 et
1321 1164 1526 1204 acquirenda
1554 1173 1612 1204 per
1631 1165 1741 1204 ipsum
1769 1164 1941 1195 dominum
1961 1164 2093 1195 fratrem

273 1226 516 1257 Bertolameum
544 1232 574 1258 et
600 1228 685 1258 alios
724 1227 842 1258 fratres
879 1227 957 1258 dicti
984 1229 1194 1264 conventus,
1236 1227 1295 1258 sed
1322 1227 1420 1257 etiam
1447 1227 1489 1257 ad
1528 1235 1762 1266 quoscumque
1791 1227 1877 1258 alios
1903 1229 2095 1258 contractus

274 1290 545 1320 investiturarum
573 1293 638 1320 tam
666 1293 902 1330 perpetuarum
930 1298 1029 1329 quam
1056 1290 1098 1320 ad
1125 1292 1258 1330 tempus
1284 1292 1315 1320 et
1341 1290 1629 1330 permutacionum
1657 1292 1687 1320 et
1712 1290 1754 1320 ad
1782 1298 1993 1330 quecumque
2030 1289 2094 1320 alia

270 1361 334 1382 non
362 1353 597 1383 concernentia
623 1353 812 1383 evidentem
841 1353 1006 1383 lexionem
1035 1353 1112 1383 dicti
1140 1354 1339 1390 conventus,
1366 1361 1424 1383 seu
1451 1352 1686 1383 alienationem
1715 1352 1879 1383 bonorum
1906 1352 1983 1383 dicti
2014 1361 2093 1383 con-

270 1418 390 1445 ventus
415 1415 658 1454 acquisitorum
685 1418 715 1446 et
741 1415 1022 1455 acquirendorum
1051 1424 1108 1455 per
1146 1415 1240 1455 ipsos
1267 1414 1385 1446 fratres
1412 1417 1445 1445 ut
1482 1423 1595 1454 supra,
1623 1414 1747 1454 quibus
1780 1414 1939 1445 â€¹nnnibus
1965 1417 2096 1445 contra-

269 1476 389 1512 ctibus,
417 1475 514 1507 factis
540 1480 569 1507 et
597 1477 718 1507 fiendis
745 1480 778 1508 ut
804 1486 905 1517 supra
932 1481 962 1508 et
999 1477 1281 1508 concernentibus
1306 1476 1455 1508 favorem
1483 1479 1513 1508 et
1540 1477 1712 1508 utilitatem
1741 1477 1817 1507 dicti
1847 1477 2038 1507 monasterii
2065 1479 2095 1507 et

268 1542 456 1570 conventus
482 1548 519 1570 ac
545 1540 682 1579 capituli
709 1540 859 1571 eiusdem
887 1549 927 1571 ex
956 1549 1041 1571 nunc
1067 1542 1311 1571 consenserunt
1337 1542 1367 1570 et
1393 1540 1607 1570 consentiunt
1644 1542 1757 1570 tenore
1784 1540 1949 1580 presentis
1976 1540 2096 1570 instru-

272 1602 382 1632 menti.
411 1600 658 1633 promisserunt
695 1603 792 1633 etiam
820 1603 883 1642 ipsi
911 1603 1036 1633 domini
1065 1601 1158 1633 Prior
1184 1604 1214 1633 et
1247 1602 1375 1639 fratres,
1413 1602 1638 1642 capitulariter
1674 1602 1873 1633 convocliati
1913 1604 1946 1632 ut
1980 1610 2092 1642 supra,

270 1664 342 1694 suis
367 1666 397 1694 et
424 1664 522 1695 dictis
552 1664 756 1701 nominibus,
783 1665 1012 1705 suprascripta
1027 1665 1138 1695 omnia
1165 1665 1212 1695 sic
1240 1666 1272 1695 ut
1299 1673 1400 1704 supra
1427 1664 1524 1701 dicta,
1550 1666 1633 1701 acta,
1648 1663 1746 1700 facta,
1764 1672 1802 1695 ac
1824 1664 1921 1695 etiam
1941 1663 2094 1695 facienda

271 1734 328 1766 per
354 1726 477 1757 dictum
505 1726 677 1757 dominum
705 1726 837 1758 fratrem
876 1726 1119 1758 Bertolameum
1147 1729 1178 1758 et
1204 1736 1260 1767 per
1285 1726 1372 1757 alios
1398 1727 1541 1766 quosvis
1578 1725 1696 1757 fratres
1730 1728 1763 1757 ut
1789 1735 1901 1766 supra,
1927 1728 1957 1757 et
1994 1726 2095 1757 rnodo

272 1791 381 1819 tamen
408 1791 438 1819 et
465 1788 571 1820 forma
597 1789 722 1829 quibus
748 1792 778 1820 et
805 1792 902 1830 prout
936 1798 1059 1829 supra,
1101 1792 1131 1820 et
1168 1790 1280 1820 omnia
1319 1790 1348 1819 in
1379 1789 1428 1820 eis
1465 1790 1619 1819 contenta
1646 1791 1675 1820 et
1713 1789 1914 1820 continenda
1952 1791 1982 1820 et
2018 1797 2097 1820 con-

270 1851 418 1885 traenda,
445 1851 590 1891 gerenda
617 1854 647 1882 et
673 1852 859 1883 exercenda
899 1861 956 1892 per
994 1853 1103 1892 ipsum
1142 1852 1314 1882 dominum
1352 1851 1484 1882 fratrem
1524 1851 1769 1882 Bertolameum
1795 1854 1825 1882 et
1862 1851 1948 1882 alios
1977 1850 2095 1883 fratres

270 1915 303 1943 ut
329 1921 441 1953 supra,
470 1917 540 1944 rata
567 1916 597 1944 et
623 1913 718 1945 firma
757 1914 878 1945 habere
904 1916 935 1945 et
960 1914 1130 1945 attendere
1156 1916 1186 1945 et
1213 1923 1277 1945 non
1316 1913 1542 1945 contrafacere
1568 1914 1690 1945 directe
1717 1922 1775 1944 nec
1803 1914 1973 1951 indirecte,
1998 1914 2095 1945 tacite

271 1983 328 2005 nec
354 1984 527 2015 expresse,
555 1985 613 2007 nec
640 1977 704 2007 sub
730 1977 796 2007 alio
824 1977 947 2016 quovis
975 1977 1054 2007 iuris
1082 1976 1131 2007 vel
1159 1976 1235 2007 facti
1263 1977 1402 2016 quexito
1427 1976 1549 2014 colore,
1576 1976 1639 2008 sub
1665 1977 1813 2007 omnium
1840 1978 1871 2007 et
1885 1976 2093 2017 singulorum

270 2036 504 2077 dampnorum,
532 2039 692 2070 interesse
718 2042 748 2070 et
785 2048 1010 2079 expensarum
1039 2039 1105 2070 litis
1131 2041 1161 2070 et
1187 2042 1291 2077 extra,
1318 2039 1532 2070 restitucione
1569 2041 1599 2070 et
1625 2039 1689 2070 sub
1716 2039 1869 2079 ipoteclia
1907 2041 1937 2069 et
1967 2038 2097 2079 obliga-

273 2099 368 2130 cione
394 2101 542 2131 omnium
572 2101 734 2132 bonorum
773 2102 850 2132 dicti
877 2104 1064 2133 conventus
1101 2104 1131 2133 et
1158 2102 1361 2133 monasterii.
1389 2101 1427 2132 Et
1454 2102 1515 2132 hoc
1552 2102 1650 2132 etiam
1689 2101 1832 2132 maxime
1865 2103 1977 2132 atento
2004 2101 2095 2141 quod

271 2161 380 2193 dictus
407 2163 565 2195 dominus
591 2163 690 2195 frater
717 2163 957 2201 Bertolameus,
985 2168 1082 2204 prout
1109 2165 1181 2205 ipse
1207 2165 1286 2195 dicit
1311 2166 1342 2195 et
1367 2166 1580 2204 protestatur,
1600 2163 1813 2204 presentibus
1831 2166 1861 2194 et
1879 2163 2096 2195 audientibus

270 2232 307 2254 ac
335 2224 599 2265 intelligentibus
626 2227 723 2257 dictis
750 2227 897 2257 dominis
924 2225 1036 2257 Priore
1070 2229 1100 2257 et
1137 2226 1306 2264 fratribus,
1345 2227 1512 2267 predictas
1549 2226 1793 2266 acquisitiones
1830 2234 1867 2256 ac
1904 2228 2095 2257 contractus

275 2285 315 2316 de
343 2287 466 2326 quibus
493 2297 604 2328 supra,
633 2289 793 2320 hactenus
827 2288 943 2326 factas,
980 2289 1074 2320 aliter
1112 2298 1170 2320 nec
1207 2289 1272 2320 alio
1299 2289 1400 2320 modo
1426 2288 1575 2320 facturus
1601 2298 1665 2319 non
1692 2288 1822 2323 fuisset,
1865 2297 1923 2319 nec
1960 2288 2092 2328 aliquas

272 2347 356 2379 alias
383 2348 505 2381 faceret
533 2351 562 2381 in
591 2350 748 2382 futurum.
776 2351 814 2382 Et
840 2352 1129 2389 rermnciaverunt,
1155 2354 1215 2382 etc.
1244 2351 1282 2382 Et
1308 2351 1395 2389 inde,
1425 2353 1485 2382 etc.
1513 2350 1732 2382 Presentibus
1758 2350 1912 2387 testibus,
1942 2352 2002 2381 etc.

1056 2515 1317 2555 DLXXII.

363 2623 389 2650 11
417 2623 579 2659 Capitolo
606 2624 640 2651 di
668 2624 702 2652 S.
732 2624 902 2653 Mostiola
928 2625 972 2653 da
999 2625 1211 2653 investitura
1237 2625 1272 2653 di
1298 2624 1377 2653 beni
1404 2624 1438 2652 in
1464 2624 1686 2653 Portalbera.

890 2729 1054 2759 1403,
1086 2729 1371 2760 9:01111znio,
1399 2728 1452 2753 9.

803 2816 879 2839 (Arctiâ´
899 2816 977 2837 Nufar.
995 2817 1016 2837 di
1035 2816 1104 2837 Favi-â€˜1
1122 2828 1145 2830 ff*
1162 2817 1209 2838 Atti
1226 2817 1247 2837 di
1264 2816 1314 2838 Gioâ´
1333 2817 1420 2838 Franco
1436 2816 1566 2839 canevari).

379 2947 428 3063 Î™
522 2963 544 2989 Î
569 2957 729 2999 Capitulo
755 2959 957 3000 infrascripti
996 2961 1188 2992 monasterii
1222 2963 1336 2992 sancte
1363 2960 1548 2999 Mustiolle,
1574 2961 1639 2992 sito
1666 2961 1697 2992 in
1724 2961 1813 2993 dicto
1847 2962 2097 2994 monasteria...

515 3053 517 3062 ,
542 3023 731 3052 convocato
768 3019 939 3061 Capitulo,
977 3022 1017 3053 de
1055 3023 1214 3054 mandato
1241 3023 1445 3054 venerabilis
1470 3031 1563 3054 sacre
1589 3023 1758 3064 theologie
1792 3024 1942 3064 magistri
1969 3024 2096 3055 domini

515 3079 516 3088 Â¹
545 3084 656 3115 fratris
682 3083 840 3115 lobannis
867 3084 1003 3116 Antonii
1030 3085 1070 3116 de
1098 3085 1210 3117 Laude
1237 3084 1373 3123 Prioris,
1399 3086 1429 3116 et
1454 3093 1528 3116 cum
1555 3093 1595 3115 eo
1621 3085 1748 3116 domini
1775 3086 1934 3126 magister
1959 3083 2096 3117 Galleaz
