2347 3444
316 224 376 257 132

400 358 450 390 Ad
477 362 622 399 quatuor
647 359 792 390 minores
818 359 976 390 ordines:

401 420 514 452 Frater
538 420 734 452 Albertinus
759 421 800 451 de
827 418 943 452 Grittis
961 417 1011 458 (1)
1036 418 1175 451 Ordinis
1201 419 1307 450 sancti
1335 418 1514 460 Augustini
1520 444 1570 450 .....

402 483 452 514 Ad
479 483 747 514 subdiaconatus
780 483 951 513 ordinem:

402 545 515 577 Frater
539 545 702 577 Nicolaus
728 545 768 576 de
795 543 1032 585 Carmagnolla
1059 542 1197 576 Ordinis
1223 544 1330 575 sancti
1358 542 1537 584 Augustini
1543 569 1593 575 .....

1090 718 1352 759 CCCVIII.

403 839 544 867 Lettera
582 836 878 866 commendatizia
915 836 971 864 det
1009 836 1152 864 Vicario
1188 836 1381 864 Vescovile
1407 836 1441 864 di
1468 836 1580 864 Pavia
1606 836 1639 864 al
1665 836 1788 865 Priore
1826 836 1998 864 Generale
2035 835 2128 872 degli

316 891 539 928 Agostiniani
565 900 584 919 a
611 891 732 918 favore
758 889 793 918 di
820 889 908 918 frate
935 889 1054 917 Pietro
1081 889 1124 917 da
1151 889 1305 918 Verona.

1038 1011 1177 1035 1464
1198 1031 1338 1036 ......
1360 1010 1400 1043 (2)

892 1109 958 1129 Areli.
976 1108 1055 1129 Notat.
1072 1108 1093 1129 di
1111 1108 1189 1129 Pavia⁴
1205 1119 1230 1122 ›-
1246 1108 1293 1129 Atti
1310 1108 1331 1128 di
1350 1108 1466 1129 Lodovico
1483 1108 1572 1133 Leggii.

398 1303 503 1420 C
560 1320 738 1348 ONRADUS
762 1315 802 1346 de
830 1315 1034 1352 Mamelinis,
1053 1315 1262 1346 decretorum
1289 1315 1416 1352 doctor,
1436 1313 1496 1346 Dei
1523 1314 1628 1355 gratia
1648 1313 1840 1355 Episcopus
1866 1314 2132 1353 Terracinensis,

584 1378 869 1411 Reverendissimi
898 1378 928 1408 in
956 1375 1092 1409 Christo
1118 1378 1223 1417 patris
1237 1379 1267 1408 et
1282 1377 1407 1408 domini
1423 1377 1548 1407 domini
1570 1376 1679 1408 lacobi
1694 1377 1735 1408 de
1751 1376 2051 1409 Piccolominibus,
2071 1378 2133 1409 rni-

515 1478 519 1479 ⁷
561 1442 735 1473 seracione
762 1441 877 1472 divina
904 1442 1121 1472 sacrosancte
1148 1449 1283 1471 romane
1309 1440 1452 1472 ecclesie
1486 1439 1571 1471 tituli
1605 1440 1711 1471 sancti
1731 1438 1934 1481 Chrisogoni
1954 1441 2130 1481 presbiteri

316 1503 507 1536 Cardinalis
534 1504 764 1544 Episcopique
791 1503 966 1543 papiensis
992 1504 1023 1533 et
1049 1503 1182 1533 comitis
1208 1503 1398 1543 dignissimi
1426 1502 1534 1533 locum
1562 1504 1678 1534 tenens
1704 1504 1736 1534 et
1761 1503 1908 1534 vicarius
1945 1503 2134 1543 generalis;

317 1567 600 1598 reverendissim)
626 1567 657 1596 in
684 1564 819 1597 Christo
846 1565 945 1596 nobis
971 1564 1094 1596 dilecto
1121 1563 1279 1596 Generali
1306 1565 1415 1596 tocius
1441 1563 1580 1595 Ordinis
1606 1564 1741 1596 fratrum
1769 1564 2011 1596 Heremitarum
2027 1565 2133 1596 sancti

318 1629 496 1669 Augustini
516 1627 566 1666 (3)
592 1629 732 1660 salutem
761 1630 791 1659 et
818 1628 982 1659 sinceram
1010 1627 1040 1658 in
1067 1626 1213 1658 Domino
1240 1627 1423 1658 caritatem.

407 1690 490 1724 Cum
519 1692 578 1722 iuri
606 1700 794 1723 consonum
834 1691 987 1722 videatur
1013 1693 1044 1722 et
1070 1690 1203 1730 equitas
1241 1690 1444 1730 persuadeat
1481 1689 1572 1729 quod
1611 1690 1740 1721 veritati
1767 1690 1995 1721 testimonium
2024 1690 2134 1730 perhi-

319 1755 446 1791 beatur,
473 1754 537 1785 illis
564 1754 708 1785 maxime
736 1754 791 1794 qui
820 1754 978 1784 virtutum
1005 1752 1151 1784 culmina
1177 1754 1208 1783 et
1234 1753 1450 1783 scientiarum
1491 1752 1687 1793 margaritas
1726 1753 1921 1784 cottidianis
1963 1752 2136 1784 laboribus

319 1817 528 1857 summisque
555 1816 680 1857 vigiliis
706 1818 870 1847 conantur
894 1815 1074 1855 adnipisci,
1100 1815 1141 1846 ad
1169 1815 1326 1846 noticiam
1354 1815 1453 1855 igitur
1479 1813 1675 1847 Reverende
1703 1814 1917 1846 Paternitatis
1944 1814 2060 1846 Vestre
2076 1823 2134 1855 per

320 1882 495 1920 presentes
521 1879 722 1910 deducimus
748 1878 839 1918 quod
867 1877 1073 1909 reverendus
1099 1877 1257 1908 dominus
1295 1886 1389 1908 sacre
1426 1877 1548 1917 pagine
1586 1876 1759 1917 professor
1795 1877 1952 1908 dominus
1979 1877 2140 1918 magister

320 1941 439 1973 Petrus
467 1941 673 1972 Veronensis
690 1939 739 1980 (4)
765 1939 905 1972 Ordinis
931 1940 1083 1980 predicti,
1111 1939 1194 1971 lator
1219 1939 1437 1980 presentium,
1464 1940 1594 1980 intuytu
1621 1939 1894 1971 reverendissimi
1920 1939 2045 1970 domini
2079 1939 2139 1971 do-

321 2005 399 2036 mini
426 2002 618 2036 Cardinalis
644 2006 675 2035 et
701 2003 804 2035 nostri
843 2012 903 2034 nec
941 2012 1006 2034 non
1044 2002 1185 2034 aliorum
1223 2002 1473 2042 quamplurium
1500 2002 1702 2042 prelatorum
1730 2002 1761 2033 in
1789 2002 1850 2034 hac
1876 2002 2137 2043 quadragesima

321 2067 474 2108 proxime
501 2066 657 2106 preterita
683 2066 713 2097 in
741 2063 934 2097 Catltedrali
973 2065 1117 2096 ecclesia
1156 2065 1256 2096 huius
1293 2064 1386 2095 urbis
1419 2064 1607 2104 predicavit
1633 2066 1663 2095 et
1689 2064 1732 2095 ita
1759 2064 1972 2095 laudabiliter
1996 2073 2035 2095 ac
2061 2073 2140 2104 pru—

321 2130 438 2161 denter
463 2137 498 2160 se
526 2128 652 2166 habuit,
678 2128 770 2168 quod
808 2128 851 2159 ab
889 2127 1047 2159 omnibus
1085 2127 1202 2158 merito
1239 2127 1530 2158 commendandus
1567 2127 1657 2158 venit
1682 2128 1713 2158 et
1739 2127 1882 2167 digniori
1910 2127 2036 2158 honore
2062 2135 2137 2167 pre-

323 2191 478 2222 miandus
504 2193 534 2222 et
561 2190 676 2222 maiori
704 2190 889 2221 reverentie
916 2190 1006 2221 dono
1031 2189 1256 2221 decorandus.
1284 2189 1409 2220 Idcirco
1435 2190 1507 2221 suis
1533 2190 1692 2220 virtutum
1712 2189 1837 2220 meritis
1855 2189 1903 2220 sic
1922 2188 2139 2229 exigentibus

323 2262 481 2294 rogamus
507 2252 738 2286 Reverendam
766 2251 1003 2284 paternitatem
1030 2251 1183 2283 Vestram
1211 2254 1245 2283 ut
1270 2252 1389 2283 intuito
1416 2251 1532 2292 prefati
1560 2251 1831 2283 reverendissimi
1870 2251 1995 2282 domini
2021 2248 2140 2283 Cardi-

323 2316 408 2347 nalis
435 2325 494 2347 nec
522 2324 587 2347 non
613 2317 645 2347 et
670 2316 833 2352 nostrum,
859 2314 1003 2346 eundem
1031 2314 1227 2355 magistrum
1243 2313 1388 2351 Petrum,
1415 2314 1472 2354 qui
1498 2313 1539 2345 ad
1567 2312 1798 2346 Reverendam
1819 2312 2056 2344 Paternitatem
2075 2311 2139 2344 Ve-

323 2381 423 2409 stram
451 2378 482 2409 in
509 2378 754 2418 presentiarum
781 2379 945 2409 venturus
970 2379 1031 2415 est,
1057 2377 1214 2417 dignetur
1239 2376 1362 2408 habere
1400 2375 1671 2407 recomendatum
1697 2377 1729 2406 et
1754 2375 1930 2407 favoribus
1963 2375 2140 2415 oportunis

323 2441 482 2472 assistere
508 2441 597 2472 circa
623 2440 666 2478 id,
692 2440 784 2480 quod
811 2440 957 2480 requiret
981 2448 1000 2471 a
1026 2438 1224 2472 Reverenda
1251 2437 1454 2470 Paternitate
1480 2437 1609 2469 Vestra.

381 2624 411 2647 (lv
427 2623 613 2644 Probabilincnte
629 2624 640 2644 ὲ
656 2623 678 2644 di
695 2624 770 2649 quella
787 2625 864 2644 stessa
875 2622 976 2649 tainiglia
992 2622 1057 2644 Gritti
1073 2622 1095 2643 di
1112 2622 1205 2647 Varese,
1315 2622 1345 2643 (31
1362 2621 1404 2642 Era
1421 2620 1499 2642 Priore
1515 2620 1627 2642 Generale
1649 2619 1707 2641 frate
1732 2620 1862 2645 Gugliclmo
1878 2620 1960 2641 Becclii
1976 2620 1997 2641 di
2013 2620 2090 2641 nobile
2105 2619 2137 2641 ta-

329 2669 370 2689 clic
386 2667 422 2693 gia
437 2668 504 2688 dit-de
520 2674 531 2688 ιι
549 2667 618 2688 Pavia
641 2668 676 2688 ncl
701 2668 779 2688 secolo
795 2667 844 2688 XlV
861 2668 874 2687 il
890 2667 980 2688 famoso
997 2667 1075 2688 notaio
1091 2672 1102 2688 e
1118 2667 1206 2687 cancel·
1261 2666 1337 2692 miglia
1354 2665 1485 2691 florentina,
1508 2665 1580 2686 cletto
1595 2665 1609 2686 il
1624 2665 1649 2685 27
1664 2665 1791 2685 settembre
1807 2665 1843 2685 del
1861 2664 1911 2685 1460
1926 2665 1961 2685 nel
1976 2664 2084 2690 Capitolo
2099 2670 2137 2691 ge-

329 2713 383 2733 lierc
399 2712 515 2733 vescor-ile
531 2712 651 2732 Albertolo
667 2712 739 2737 Grilli,
756 2712 791 2733 del
808 2712 876 2738 quale
891 2712 928 2732 noi
944 2712 1052 2732 abbiamo
1063 2711 1100 2737 gia
1116 2711 1206 2737 pubbli-
1261 2711 1337 2731 nei-ale
1353 2711 1375 2731 di
1391 2710 1467 2731 Siena.
1484 2709 1562 2730 'senne
1577 2709 1597 2730 la
1613 2709 1687 2730 carica
1704 2714 1744 2734 per
1760 2709 1817 2730 dicei
1832 2709 1893 2735 anni,
1909 2709 1958 2730 cioe
1978 2709 2024 2729 tino
2039 2709 2060 2730 al
2079 2709 2136 2733 1470,

330 2758 382 2777 cato
398 2756 503 2782 parecclii
519 2756 570 2776 atti.
1262 2755 1356 2781 quando
1372 2754 1443 2775 Paulo
1460 2754 1476 2775 ll
1492 2754 1513 2775 lo
1529 2753 1581 2774 creo
1597 2753 1702 2774 Vescovo
1718 2753 1739 2773 di
1756 2753 1853 2774 Fiesolc.
1869 2753 1928 2774 Mori
1945 2753 2047 2774 secondo
2061 2753 2136 2774 alcuni

382 2802 412 2825 (Zi
429 2801 443 2821 ll
459 2800 600 2821 documento
625 2806 669 2821 non
695 2801 722 2821 ha
747 2800 810 2826 data,
837 2806 872 2821 ma
897 2801 918 2821 lu
943 2800 1116 2826 pubblichiamo
1140 2801 1205 2821 sotto
1260 2800 1295 2820 nel
1314 2800 1371 2824 1480,
1387 2799 1489 2820 secondo
1504 2799 1556 2820 altri
1572 2798 1607 2819 nel
1626 2799 1683 2823 1491,
1706 2804 1796 2824 oppure
1819 2798 1854 2819 nel
1873 2798 1930 2819 1495.
1947 2797 2002 2819 Vedi
2019 2797 2135 2822 TORELLl.

331 2845 413 2866 l'anno
438 2845 487 2865 1⁴54
510 2845 593 2871 perche
615 2845 633 2865 si
657 2846 723 2865 trova
747 2845 804 2865 nelle
830 2845 916 2866 minute
939 2844 1030 2865 notarili
1046 2844 1082 2865 del
1099 2844 1167 2870 Leggi
1184 2844 1205 2864 di
1262 2843 1309 2869 vn,
1324 2844 1358 2869 92,
1377 2844 1414 2864 183
1428 2849 1440 2864 e
1456 2843 1504 2865 446.

332 2889 409 2914 quest'
419 2894 488 2910 anno.
1316 2889 1345 2912 (4)
1361 2888 1388 2909 Di
1404 2890 1489 2914 questo
1504 2887 1620 2914 Religioso
1635 2887 1795 2913 Agostiniano,
1811 2887 1970 2909 valentissimo
1980 2887 2136 2913 Predicatore,
