<?xml version="1.0" encoding="UTF-8"?>
<!DOCTYPE html PUBLIC "-//W3C//DTD XHTML 1.0 Transitional//EN"
    "http://www.w3.org/TR/xhtml1/DTD/xhtml1-transitional.dtd">
<html xmlns="http://www.w3.org/1999/xhtml" xml:lang="en" lang="en">
 <head>
  <title>
</title>
<meta http-equiv="Content-Type" content="text/html;charset=utf-8" />
  <meta name='ocr-system' content='tesseract 3.04.00' />
  <meta name='ocr-capabilities' content='ocr_page ocr_carea ocr_par ocr_line ocrx_word'/>
</head>
<body>
  <div class='ocr_page' id='page_1' title='image "./codexdiplomaticu02maiouoft_0051.png"; bbox 0 0 2347 3444; ppageno 0'>
   <div class='ocr_carea' id='block_1_1' title="bbox 1911 178 1930 208">
    <p class='ocr_par' dir='ltr' id='par_1_1' title="bbox 1911 178 1930 208">
     <span class='ocr_line' id='line_1_1' title="bbox 1911 178 1930 208; baseline 0 0"><span class='ocrx_word' id='word_1_1' title='bbox 1911 178 1930 208; x_wconf 92' lang='lat'><strong>7</strong></span> 
     </span>
    </p>
   </div>
   <div class='ocr_carea' id='block_1_2' title="bbox 115 305 1936 3078">
    <p class='ocr_par' dir='ltr' id='par_1_2' title="bbox 118 305 1933 716">
     <span class='ocr_line' id='line_1_2' title="bbox 120 305 1932 349; baseline 0.003 -13"><span class='ocrx_word' id='word_1_2' title='bbox 120 305 280 343; x_wconf 85' lang='lat' dir='ltr'>nieorum,</span> <span class='ocrx_word' id='word_1_3' title='bbox 317 307 391 343; x_wconf 88' lang='lat' dir='ltr'>etc.,</span> <span class='ocrx_word' id='word_1_4' title='bbox 429 305 608 338; x_wconf 85' lang='lat' dir='ltr'>nonnullas</span> <span class='ocrx_word' id='word_1_5' title='bbox 643 306 861 346; x_wconf 85' lang='lat' dir='ltr'>exceptiones</span> <span class='ocrx_word' id='word_1_6' title='bbox 881 306 1057 346; x_wconf 84' lang='lat' dir='ltr'>proposuit</span> <span class='ocrx_word' id='word_1_7' title='bbox 1082 308 1113 337; x_wconf 93' lang='lat' dir='ltr'>et</span> <span class='ocrx_word' id='word_1_8' title='bbox 1139 306 1367 346; x_wconf 83' lang='lat' dir='ltr'>peticionibus</span> <span class='ocrx_word' id='word_1_9' title='bbox 1393 307 1477 347; x_wconf 89' lang='lat' dir='ltr'>ipsis</span> <span class='ocrx_word' id='word_1_10' title='bbox 1504 309 1695 348; x_wconf 85' lang='lat' dir='ltr'>respondit;</span> <span class='ocrx_word' id='word_1_11' title='bbox 1714 309 1835 340; x_wconf 90' lang='lat' dir='ltr'>deinde</span> <span class='ocrx_word' id='word_1_12' title='bbox 1855 318 1932 349; x_wconf 89' lang='lat' dir='ltr'>pars</span> 
     </span>
     <span class='ocr_line' id='line_1_3' title="bbox 121 367 1929 411; baseline 0.002 -13"><span class='ocrx_word' id='word_1_13' title='bbox 121 369 260 407; x_wconf 88' lang='lat' dir='ltr'>utraque</span> <span class='ocrx_word' id='word_1_14' title='bbox 285 367 326 399; x_wconf 91' lang='lat' dir='ltr'>ad</span> <span class='ocrx_word' id='word_1_15' title='bbox 354 367 583 399; x_wconf 87' lang='lat' dir='ltr'>fondationem</span> <span class='ocrx_word' id='word_1_16' title='bbox 610 368 691 399; x_wconf 92' lang='lat' dir='ltr'>iuris</span> <span class='ocrx_word' id='word_1_17' title='bbox 716 368 766 399; x_wconf 90' lang='lat' dir='ltr'>sui</span> <span class='ocrx_word' id='word_1_18' title='bbox 794 367 954 399; x_wconf 84' lang='lat' dir='ltr'>nonnulla</span> <span class='ocrx_word' id='word_1_19' title='bbox 984 367 1129 408; x_wconf 88' lang='lat' dir='ltr'>capitula</span> <span class='ocrx_word' id='word_1_20' title='bbox 1157 369 1317 408; x_wconf 87' lang='lat' dir='ltr'>produxit</span> <span class='ocrx_word' id='word_1_21' title='bbox 1336 370 1367 400; x_wconf 88' lang='lat' dir='ltr'>et</span> <span class='ocrx_word' id='word_1_22' title='bbox 1386 370 1567 401; x_wconf 89' lang='lat' dir='ltr'>nonnullos</span> <span class='ocrx_word' id='word_1_23' title='bbox 1593 372 1696 402; x_wconf 87' lang='lat' dir='ltr'>testes</span> <span class='ocrx_word' id='word_1_24' title='bbox 1715 371 1929 411; x_wconf 89' lang='lat' dir='ltr'>recipiendos</span> 
     </span>
     <span class='ocr_line' id='line_1_4' title="bbox 120 429 1930 472; baseline 0.002 -12"><span class='ocrx_word' id='word_1_25' title='bbox 120 437 224 469; x_wconf 90' lang='lat' dir='ltr'>super</span> <span class='ocrx_word' id='word_1_26' title='bbox 248 429 332 469; x_wconf 84' lang='lat' dir='ltr'>ipsis</span> <span class='ocrx_word' id='word_1_27' title='bbox 358 430 553 468; x_wconf 83' lang='lat' dir='ltr'>nominavit,</span> <span class='ocrx_word' id='word_1_28' title='bbox 579 438 666 470; x_wconf 85' lang='lat' dir='ltr'>quos</span> <span class='ocrx_word' id='word_1_29' title='bbox 693 429 838 471; x_wconf 81' lang='lat' dir='ltr'>legitime</span> <span class='ocrx_word' id='word_1_30' title='bbox 863 430 983 461; x_wconf 88' lang='lat' dir='ltr'>citatos</span> <span class='ocrx_word' id='word_1_31' title='bbox 1008 431 1040 461; x_wconf 91' lang='lat' dir='ltr'>et</span> <span class='ocrx_word' id='word_1_32' title='bbox 1066 430 1192 461; x_wconf 84' lang='lat' dir='ltr'>iuratos</span> <span class='ocrx_word' id='word_1_33' title='bbox 1219 430 1259 461; x_wconf 90' lang='lat' dir='ltr'>de</span> <span class='ocrx_word' id='word_1_34' title='bbox 1287 431 1425 462; x_wconf 90' lang='lat' dir='ltr'>veritate</span> <span class='ocrx_word' id='word_1_35' title='bbox 1463 431 1607 463; x_wconf 88' lang='lat' dir='ltr'>dicenda</span> <span class='ocrx_word' id='word_1_36' title='bbox 1645 441 1748 472; x_wconf 85' lang='lat' dir='ltr'>super</span> <span class='ocrx_word' id='word_1_37' title='bbox 1773 433 1930 472; x_wconf 88' lang='lat' dir='ltr'>capitulis</span> 
     </span>
     <span class='ocr_line' id='line_1_5' title="bbox 122 491 1932 533; baseline 0.002 -11"><span class='ocrx_word' id='word_1_38' title='bbox 122 491 216 530; x_wconf 88' lang='lat' dir='ltr'>ipsis,</span> <span class='ocrx_word' id='word_1_39' title='bbox 244 493 277 522; x_wconf 89' lang='lat' dir='ltr'>ut</span> <span class='ocrx_word' id='word_1_40' title='bbox 303 492 404 523; x_wconf 89' lang='lat' dir='ltr'>moris</span> <span class='ocrx_word' id='word_1_41' title='bbox 429 494 460 523; x_wconf 92' lang='lat' dir='ltr'>et</span> <span class='ocrx_word' id='word_1_42' title='bbox 487 492 567 523; x_wconf 91' lang='lat' dir='ltr'>iuris</span> <span class='ocrx_word' id='word_1_43' title='bbox 603 492 728 529; x_wconf 84' lang='lat' dir='ltr'>existit,</span> <span class='ocrx_word' id='word_1_44' title='bbox 755 491 1025 523; x_wconf 79' lang='lat' dir='ltr'>examinavimus</span> <span class='ocrx_word' id='word_1_45' title='bbox 1062 491 1238 533; x_wconf 85' lang='lat' dir='ltr'>diligenter</span> <span class='ocrx_word' id='word_1_46' title='bbox 1263 495 1294 524; x_wconf 87' lang='lat' dir='ltr'>et</span> <span class='ocrx_word' id='word_1_47' title='bbox 1327 502 1440 524; x_wconf 88' lang='lat' dir='ltr'>eorum</span> <span class='ocrx_word' id='word_1_48' title='bbox 1478 495 1705 525; x_wconf 87' lang='lat' dir='ltr'>atestaciones</span> <span class='ocrx_word' id='word_1_49' title='bbox 1731 497 1761 525; x_wconf 91' lang='lat' dir='ltr'>et</span> <span class='ocrx_word' id='word_1_50' title='bbox 1786 495 1875 526; x_wconf 90' lang='lat' dir='ltr'>dicta</span> <span class='ocrx_word' id='word_1_51' title='bbox 1902 495 1932 525; x_wconf 88' lang='lat' dir='ltr'>in</span> 
     </span>
     <span class='ocr_line' id='line_1_6' title="bbox 119 552 1933 595; baseline 0.002 -12"><span class='ocrx_word' id='word_1_52' title='bbox 119 552 203 584; x_wconf 91' lang='lat' dir='ltr'>actis</span> <span class='ocrx_word' id='word_1_53' title='bbox 229 562 331 584; x_wconf 91' lang='lat' dir='ltr'>cause</span> <span class='ocrx_word' id='word_1_54' title='bbox 357 555 388 585; x_wconf 91' lang='lat' dir='ltr'>et</span> <span class='ocrx_word' id='word_1_55' title='bbox 414 562 590 585; x_wconf 90' lang='lat' dir='ltr'>causarum</span> <span class='ocrx_word' id='word_1_56' title='bbox 629 554 728 585; x_wconf 90' lang='lat' dir='ltr'>huius</span> <span class='ocrx_word' id='word_1_57' title='bbox 765 554 931 585; x_wconf 82' lang='lat' dir='ltr'>conscribi</span> <span class='ocrx_word' id='word_1_58' title='bbox 970 553 1120 592; x_wconf 84' lang='lat' dir='ltr'>fecimus,</span> <span class='ocrx_word' id='word_1_59' title='bbox 1147 554 1279 585; x_wconf 89' lang='lat' dir='ltr'>demum</span> <span class='ocrx_word' id='word_1_60' title='bbox 1308 564 1386 595; x_wconf 89' lang='lat' dir='ltr'>pars</span> <span class='ocrx_word' id='word_1_61' title='bbox 1414 557 1554 595; x_wconf 82' lang='lat' dir='ltr'>utraque</span> <span class='ocrx_word' id='word_1_62' title='bbox 1580 565 1691 587; x_wconf 89' lang='lat' dir='ltr'>coram</span> <span class='ocrx_word' id='word_1_63' title='bbox 1719 557 1864 587; x_wconf 89' lang='lat' dir='ltr'>nobisin</span> <span class='ocrx_word' id='word_1_64' title='bbox 1884 557 1933 587; x_wconf 92' lang='lat' dir='ltr'>iu-</span> 
     </span>
     <span class='ocr_line' id='line_1_7' title="bbox 118 614 1932 658; baseline 0.003 -13"><span class='ocrx_word' id='word_1_65' title='bbox 118 614 208 645; x_wconf 91' lang='lat' dir='ltr'>dicio</span> <span class='ocrx_word' id='word_1_66' title='bbox 234 615 394 646; x_wconf 89' lang='lat' dir='ltr'>nonnulla</span> <span class='ocrx_word' id='word_1_67' title='bbox 421 615 490 646; x_wconf 89' lang='lat' dir='ltr'>iura</span> <span class='ocrx_word' id='word_1_68' title='bbox 516 617 547 646; x_wconf 92' lang='lat' dir='ltr'>et</span> <span class='ocrx_word' id='word_1_69' title='bbox 573 616 791 646; x_wconf 91' lang='lat' dir='ltr'>instrumenta</span> <span class='ocrx_word' id='word_1_70' title='bbox 817 615 859 646; x_wconf 92' lang='lat' dir='ltr'>ad</span> <span class='ocrx_word' id='word_1_71' title='bbox 885 615 1113 647; x_wconf 85' lang='lat' dir='ltr'>fondationem</span> <span class='ocrx_word' id='word_1_72' title='bbox 1141 616 1221 647; x_wconf 91' lang='lat' dir='ltr'>iuris</span> <span class='ocrx_word' id='word_1_73' title='bbox 1248 617 1298 648; x_wconf 86' lang='lat' dir='ltr'>sui</span> <span class='ocrx_word' id='word_1_74' title='bbox 1326 618 1481 648; x_wconf 84' lang='lat' dir='ltr'>exhibuit</span> <span class='ocrx_word' id='word_1_75' title='bbox 1507 620 1537 649; x_wconf 90' lang='lat' dir='ltr'>et</span> <span class='ocrx_word' id='word_1_76' title='bbox 1564 618 1725 658; x_wconf 88' lang='lat' dir='ltr'>produxit</span> <span class='ocrx_word' id='word_1_77' title='bbox 1745 620 1777 649; x_wconf 86' lang='lat' dir='ltr'>ut</span> <span class='ocrx_word' id='word_1_78' title='bbox 1798 619 1827 649; x_wconf 91' lang='lat' dir='ltr'>in</span> <span class='ocrx_word' id='word_1_79' title='bbox 1847 619 1932 650; x_wconf 88' lang='lat' dir='ltr'>actis</span> 
     </span>
     <span class='ocr_line' id='line_1_8' title="bbox 119 677 1096 716; baseline 0.002 -9"><span class='ocrx_word' id='word_1_80' title='bbox 119 685 222 707; x_wconf 91' lang='lat' dir='ltr'>cause</span> <span class='ocrx_word' id='word_1_81' title='bbox 249 678 279 707; x_wconf 88' lang='lat' dir='ltr'>et</span> <span class='ocrx_word' id='word_1_82' title='bbox 305 685 481 707; x_wconf 87' lang='lat' dir='ltr'>causarum</span> <span class='ocrx_word' id='word_1_83' title='bbox 510 677 701 707; x_wconf 90' lang='lat' dir='ltr'>huiusmodi</span> <span class='ocrx_word' id='word_1_84' title='bbox 729 677 861 716; x_wconf 87' lang='lat' dir='ltr'>plenius</span> <span class='ocrx_word' id='word_1_85' title='bbox 887 678 1096 709; x_wconf 83' lang='lat' dir='ltr'>continetur:</span> 
     </span>
    </p>

    <p class='ocr_par' dir='ltr' id='par_1_3' title="bbox 118 738 1936 1712">
     <span class='ocr_line' id='line_1_9' title="bbox 207 738 1933 782; baseline 0.003 -14"><span class='ocrx_word' id='word_1_86' title='bbox 207 738 278 770; x_wconf 90' lang='lat' dir='ltr'>Nos</span> <span class='ocrx_word' id='word_1_87' title='bbox 304 738 403 779; x_wconf 86' lang='lat' dir='ltr'>igitur</span> <span class='ocrx_word' id='word_1_88' title='bbox 439 738 603 770; x_wconf 85' lang='lat' dir='ltr'>Henricus</span> <span class='ocrx_word' id='word_1_89' title='bbox 640 739 833 779; x_wconf 82' lang='lat' dir='ltr'>prepositus</span> <span class='ocrx_word' id='word_1_90' title='bbox 860 741 891 770; x_wconf 89' lang='lat' dir='ltr'>et</span> <span class='ocrx_word' id='word_1_91' title='bbox 916 740 1135 771; x_wconf 89' lang='lat' dir='ltr'>comissarius</span> <span class='ocrx_word' id='word_1_92' title='bbox 1173 749 1232 772; x_wconf 88' lang='lat' dir='ltr'>seu</span> <span class='ocrx_word' id='word_1_93' title='bbox 1269 741 1445 782; x_wconf 84' lang='lat' dir='ltr'>delegatus</span> <span class='ocrx_word' id='word_1_94' title='bbox 1482 742 1673 773; x_wconf 88' lang='lat' dir='ltr'>antedictus</span> <span class='ocrx_word' id='word_1_95' title='bbox 1710 743 1869 774; x_wconf 80' lang='lat' dir='ltr'>sedentes</span> <span class='ocrx_word' id='word_1_96' title='bbox 1903 742 1933 773; x_wconf 94' lang='lat' dir='ltr'>in</span> 
     </span>
     <span class='ocr_line' id='line_1_10' title="bbox 119 800 1933 843; baseline 0.002 -12"><span class='ocrx_word' id='word_1_97' title='bbox 119 801 222 832; x_wconf 91' lang='lat' dir='ltr'>choro</span> <span class='ocrx_word' id='word_1_98' title='bbox 247 802 363 832; x_wconf 90' lang='lat' dir='ltr'>sancte</span> <span class='ocrx_word' id='word_1_99' title='bbox 390 800 496 831; x_wconf 86' lang='lat' dir='ltr'>Marie</span> <span class='ocrx_word' id='word_1_100' title='bbox 534 800 677 832; x_wconf 86' lang='lat' dir='ltr'>ecclesie</span> <span class='ocrx_word' id='word_1_101' title='bbox 714 801 900 841; x_wconf 80' lang='lat' dir='ltr'>papiensis,</span> <span class='ocrx_word' id='word_1_102' title='bbox 934 810 1032 842; x_wconf 84' lang='lat' dir='ltr'>quem</span> <span class='ocrx_word' id='word_1_103' title='bbox 1060 802 1169 833; x_wconf 90' lang='lat' dir='ltr'>locum</span> <span class='ocrx_word' id='word_1_104' title='bbox 1196 804 1227 834; x_wconf 92' lang='lat' dir='ltr'>et</span> <span class='ocrx_word' id='word_1_105' title='bbox 1254 803 1309 833; x_wconf 88' lang='lat' dir='ltr'>ubi</span> <span class='ocrx_word' id='word_1_106' title='bbox 1336 812 1396 843; x_wconf 91' lang='lat' dir='ltr'>pro</span> <span class='ocrx_word' id='word_1_107' title='bbox 1423 805 1537 835; x_wconf 87' lang='lat' dir='ltr'>nostro</span> <span class='ocrx_word' id='word_1_108' title='bbox 1564 804 1720 835; x_wconf 89' lang='lat' dir='ltr'>tribunali</span> <span class='ocrx_word' id='word_1_109' title='bbox 1747 804 1865 835; x_wconf 84' lang='lat' dir='ltr'>sedere</span> <span class='ocrx_word' id='word_1_110' title='bbox 1892 804 1933 834; x_wconf 90' lang='lat' dir='ltr'>ad</span> 
     </span>
     <span class='ocr_line' id='line_1_11' title="bbox 119 862 1932 905; baseline 0.002 -12"><span class='ocrx_word' id='word_1_111' title='bbox 119 863 206 893; x_wconf 90' lang='lat' dir='ltr'>hunc</span> <span class='ocrx_word' id='word_1_112' title='bbox 231 864 340 893; x_wconf 89' lang='lat' dir='ltr'>actum</span> <span class='ocrx_word' id='word_1_113' title='bbox 367 862 533 903; x_wconf 79' lang='lat' dir='ltr'>eligimus,</span> <span class='ocrx_word' id='word_1_114' title='bbox 561 863 624 893; x_wconf 90' lang='lat' dir='ltr'>hiis</span> <span class='ocrx_word' id='word_1_115' title='bbox 651 863 765 894; x_wconf 87' lang='lat' dir='ltr'>litibus</span> <span class='ocrx_word' id='word_1_116' title='bbox 792 866 822 895; x_wconf 88' lang='lat' dir='ltr'>et</span> <span class='ocrx_word' id='word_1_117' title='bbox 848 864 1085 903; x_wconf 82' lang='lat' dir='ltr'>questionibus</span> <span class='ocrx_word' id='word_1_118' title='bbox 1100 865 1198 896; x_wconf 84' lang='lat' dir='ltr'>finem</span> <span class='ocrx_word' id='word_1_119' title='bbox 1218 865 1389 905; x_wconf 88' lang='lat' dir='ltr'>imponere</span> <span class='ocrx_word' id='word_1_120' title='bbox 1408 866 1593 905; x_wconf 89' lang='lat' dir='ltr'>cupientes,</span> <span class='ocrx_word' id='word_1_121' title='bbox 1613 866 1668 905; x_wconf 84' lang='lat' dir='ltr'>qui</span> <span class='ocrx_word' id='word_1_122' title='bbox 1689 866 1932 902; x_wconf 83' lang='lat' dir='ltr'>recensuimus,</span> 
     </span>
     <span class='ocr_line' id='line_1_12' title="bbox 120 924 1930 967; baseline 0.002 -12"><span class='ocrx_word' id='word_1_123' title='bbox 120 924 266 955; x_wconf 91' lang='lat' dir='ltr'>vidimus</span> <span class='ocrx_word' id='word_1_124' title='bbox 292 926 323 956; x_wconf 90' lang='lat' dir='ltr'>et</span> <span class='ocrx_word' id='word_1_125' title='bbox 348 925 619 955; x_wconf 76' lang='lat' dir='ltr'>examinavimus</span> <span class='ocrx_word' id='word_1_126' title='bbox 645 925 822 965; x_wconf 84' lang='lat' dir='ltr'>diligenter</span> <span class='ocrx_word' id='word_1_127' title='bbox 848 925 994 965; x_wconf 87' lang='lat' dir='ltr'>prefatas</span> <span class='ocrx_word' id='word_1_128' title='bbox 1021 926 1147 957; x_wconf 80' lang='lat' dir='ltr'>litteras</span> <span class='ocrx_word' id='word_1_129' title='bbox 1165 927 1383 967; x_wconf 88' lang='lat' dir='ltr'>apostolicas,</span> <span class='ocrx_word' id='word_1_130' title='bbox 1410 936 1495 967; x_wconf 86' lang='lat' dir='ltr'>quas</span> <span class='ocrx_word' id='word_1_131' title='bbox 1523 928 1574 959; x_wconf 90' lang='lat' dir='ltr'>hic</span> <span class='ocrx_word' id='word_1_132' title='bbox 1602 936 1703 959; x_wconf 86' lang='lat' dir='ltr'>sanas</span> <span class='ocrx_word' id='word_1_133' title='bbox 1728 930 1757 958; x_wconf 87' lang='lat' dir='ltr'>et</span> <span class='ocrx_word' id='word_1_134' title='bbox 1784 928 1930 967; x_wconf 86' lang='lat' dir='ltr'>integras</span> 
     </span>
     <span class='ocr_line' id='line_1_13' title="bbox 119 987 1930 1029; baseline 0.002 -12"><span class='ocrx_word' id='word_1_135' title='bbox 119 989 150 1018; x_wconf 89' lang='lat' dir='ltr'>et</span> <span class='ocrx_word' id='word_1_136' title='bbox 176 987 308 1018; x_wconf 86' lang='lat' dir='ltr'>bulatas</span> <span class='ocrx_word' id='word_1_137' title='bbox 335 988 369 1018; x_wconf 88' lang='lat' dir='ltr'>ut</span> <span class='ocrx_word' id='word_1_138' title='bbox 394 995 496 1027; x_wconf 87' lang='lat' dir='ltr'>supra</span> <span class='ocrx_word' id='word_1_139' title='bbox 523 996 634 1018; x_wconf 90' lang='lat' dir='ltr'>coram</span> <span class='ocrx_word' id='word_1_140' title='bbox 662 988 801 1019; x_wconf 85' lang='lat' dir='ltr'>notariis</span> <span class='ocrx_word' id='word_1_141' title='bbox 827 990 857 1019; x_wconf 91' lang='lat' dir='ltr'>et</span> <span class='ocrx_word' id='word_1_142' title='bbox 883 989 1027 1019; x_wconf 88' lang='lat' dir='ltr'>testibus</span> <span class='ocrx_word' id='word_1_143' title='bbox 1053 988 1276 1029; x_wconf 80' lang='lat' dir='ltr'>infrascriptis</span> <span class='ocrx_word' id='word_1_144' title='bbox 1292 990 1537 1029; x_wconf 88' lang='lat' dir='ltr'>presentialiter</span> <span class='ocrx_word' id='word_1_145' title='bbox 1551 990 1752 1021; x_wconf 87' lang='lat' dir='ltr'>exhibemus</span> <span class='ocrx_word' id='word_1_146' title='bbox 1770 991 1800 1021; x_wconf 82' lang='lat' dir='ltr'>et</span> <span class='ocrx_word' id='word_1_147' title='bbox 1819 998 1930 1021; x_wconf 85' lang='lat' dir='ltr'>earum</span> 
     </span>
     <span class='ocr_line' id='line_1_14' title="bbox 119 1049 1934 1090; baseline 0.002 -10"><span class='ocrx_word' id='word_1_148' title='bbox 119 1051 267 1080; x_wconf 84' lang='lat' dir='ltr'>tenorem</span> <span class='ocrx_word' id='word_1_149' title='bbox 294 1049 335 1080; x_wconf 95' lang='lat' dir='ltr'>ad</span> <span class='ocrx_word' id='word_1_150' title='bbox 363 1051 558 1089; x_wconf 89' lang='lat' dir='ltr'>perpetuam</span> <span class='ocrx_word' id='word_1_151' title='bbox 598 1059 653 1090; x_wconf 87' lang='lat' dir='ltr'>rey</span> <span class='ocrx_word' id='word_1_152' title='bbox 680 1050 871 1081; x_wconf 82' lang='lat' dir='ltr'>memoriam</span> <span class='ocrx_word' id='word_1_153' title='bbox 899 1051 929 1081; x_wconf 91' lang='lat' dir='ltr'>in</span> <span class='ocrx_word' id='word_1_154' title='bbox 957 1051 1103 1090; x_wconf 84' lang='lat' dir='ltr'>presenti</span> <span class='ocrx_word' id='word_1_155' title='bbox 1142 1053 1255 1082; x_wconf 90' lang='lat' dir='ltr'>nostra</span> <span class='ocrx_word' id='word_1_156' title='bbox 1296 1052 1460 1083; x_wconf 88' lang='lat' dir='ltr'>sententia</span> <span class='ocrx_word' id='word_1_157' title='bbox 1499 1052 1599 1083; x_wconf 91' lang='lat' dir='ltr'>inseri</span> <span class='ocrx_word' id='word_1_158' title='bbox 1626 1054 1657 1083; x_wconf 89' lang='lat' dir='ltr'>et</span> <span class='ocrx_word' id='word_1_159' title='bbox 1683 1052 1859 1083; x_wconf 83' lang='lat' dir='ltr'>transcribi</span> <span class='ocrx_word' id='word_1_160' title='bbox 1887 1051 1934 1082; x_wconf 90' lang='lat' dir='ltr'>fe-</span> 
     </span>
     <span class='ocr_line' id='line_1_15' title="bbox 119 1111 1932 1153; baseline 0.001 -11"><span class='ocrx_word' id='word_1_161' title='bbox 119 1111 226 1142; x_wconf 87' lang='lat' dir='ltr'>cimus</span> <span class='ocrx_word' id='word_1_162' title='bbox 252 1120 311 1151; x_wconf 91' lang='lat' dir='ltr'>per</span> <span class='ocrx_word' id='word_1_163' title='bbox 336 1111 483 1142; x_wconf 85' lang='lat' dir='ltr'>notarios</span> <span class='ocrx_word' id='word_1_164' title='bbox 510 1111 744 1151; x_wconf 85' lang='lat' dir='ltr'>infrascriptos</span> <span class='ocrx_word' id='word_1_165' title='bbox 768 1114 798 1143; x_wconf 88' lang='lat' dir='ltr'>et</span> <span class='ocrx_word' id='word_1_166' title='bbox 824 1112 902 1142; x_wconf 88' lang='lat' dir='ltr'>dum</span> <span class='ocrx_word' id='word_1_167' title='bbox 929 1121 1041 1143; x_wconf 89' lang='lat' dir='ltr'>earum</span> <span class='ocrx_word' id='word_1_168' title='bbox 1068 1114 1162 1144; x_wconf 89' lang='lat' dir='ltr'>tenor</span> <span class='ocrx_word' id='word_1_169' title='bbox 1188 1113 1218 1144; x_wconf 90' lang='lat' dir='ltr'>in</span> <span class='ocrx_word' id='word_1_170' title='bbox 1245 1114 1319 1153; x_wconf 89' lang='lat' dir='ltr'>ipsa</span> <span class='ocrx_word' id='word_1_171' title='bbox 1346 1116 1459 1145; x_wconf 90' lang='lat' dir='ltr'>nostra</span> <span class='ocrx_word' id='word_1_172' title='bbox 1485 1114 1651 1145; x_wconf 88' lang='lat' dir='ltr'>sententia</span> <span class='ocrx_word' id='word_1_173' title='bbox 1690 1114 1835 1145; x_wconf 81' lang='lat' dir='ltr'>insertus</span> <span class='ocrx_word' id='word_1_174' title='bbox 1861 1113 1932 1150; x_wconf 86' lang='lat' dir='ltr'>fuit,</span> 
     </span>
     <span class='ocr_line' id='line_1_16' title="bbox 120 1174 1934 1216; baseline 0.001 -12"><span class='ocrx_word' id='word_1_175' title='bbox 120 1174 229 1213; x_wconf 89' lang='lat' dir='ltr'>ipsum</span> <span class='ocrx_word' id='word_1_176' title='bbox 256 1176 403 1205; x_wconf 90' lang='lat' dir='ltr'>tenorem</span> <span class='ocrx_word' id='word_1_177' title='bbox 431 1183 505 1204; x_wconf 88' lang='lat' dir='ltr'>cum</span> <span class='ocrx_word' id='word_1_178' title='bbox 533 1174 632 1205; x_wconf 87' lang='lat' dir='ltr'>dictis</span> <span class='ocrx_word' id='word_1_179' title='bbox 669 1174 892 1214; x_wconf 78' lang='lat' dir='ltr'>originalibus</span> <span class='ocrx_word' id='word_1_180' title='bbox 930 1175 1047 1206; x_wconf 88' lang='lat' dir='ltr'>litteris</span> <span class='ocrx_word' id='word_1_181' title='bbox 1085 1176 1285 1215; x_wconf 83' lang='lat' dir='ltr'>apostolicis</span> <span class='ocrx_word' id='word_1_182' title='bbox 1322 1177 1505 1207; x_wconf 89' lang='lat' dir='ltr'>examinari</span> <span class='ocrx_word' id='word_1_183' title='bbox 1533 1175 1674 1207; x_wconf 81' lang='lat' dir='ltr'>fecimus</span> <span class='ocrx_word' id='word_1_184' title='bbox 1700 1176 1879 1216; x_wconf 72' lang='lat' dir='ltr'>diligenter</span> <span class='ocrx_word' id='word_1_185' title='bbox 1904 1178 1934 1206; x_wconf 90' lang='lat' dir='ltr'>et</span> 
     </span>
     <span class='ocr_line' id='line_1_17' title="bbox 119 1236 1935 1279; baseline 0.001 -12"><span class='ocrx_word' id='word_1_186' title='bbox 119 1236 197 1276; x_wconf 82' lang='lat' dir='ltr'>quia</span> <span class='ocrx_word' id='word_1_187' title='bbox 234 1236 344 1276; x_wconf 88' lang='lat' dir='ltr'>ipsum</span> <span class='ocrx_word' id='word_1_188' title='bbox 382 1238 529 1267; x_wconf 85' lang='lat' dir='ltr'>tenorem</span> <span class='ocrx_word' id='word_1_189' title='bbox 571 1238 602 1267; x_wconf 90' lang='lat' dir='ltr'>et</span> <span class='ocrx_word' id='word_1_190' title='bbox 643 1238 887 1276; x_wconf 86' lang='lat' dir='ltr'>transumptum</span> <span class='ocrx_word' id='word_1_191' title='bbox 925 1238 1174 1277; x_wconf 86' lang='lat' dir='ltr'>comperuimus</span> <span class='ocrx_word' id='word_1_192' title='bbox 1211 1247 1284 1269; x_wconf 90' lang='lat' dir='ltr'>cum</span> <span class='ocrx_word' id='word_1_193' title='bbox 1322 1239 1422 1269; x_wconf 90' lang='lat' dir='ltr'>dictis</span> <span class='ocrx_word' id='word_1_194' title='bbox 1458 1238 1680 1279; x_wconf 78' lang='lat' dir='ltr'>originalibus</span> <span class='ocrx_word' id='word_1_195' title='bbox 1718 1238 1835 1269; x_wconf 89' lang='lat' dir='ltr'>litteris</span> <span class='ocrx_word' id='word_1_196' title='bbox 1876 1246 1935 1278; x_wconf 89' lang='lat' dir='ltr'>per</span> 
     </span>
     <span class='ocr_line' id='line_1_18' title="bbox 119 1298 1931 1338; baseline 0.001 -9"><span class='ocrx_word' id='word_1_197' title='bbox 119 1299 229 1329; x_wconf 88' lang='lat' dir='ltr'>omnia</span> <span class='ocrx_word' id='word_1_198' title='bbox 256 1298 462 1329; x_wconf 87' lang='lat' dir='ltr'>concordare</span> <span class='ocrx_word' id='word_1_199' title='bbox 488 1299 564 1329; x_wconf 89' lang='lat' dir='ltr'>huic</span> <span class='ocrx_word' id='word_1_200' title='bbox 591 1298 748 1338; x_wconf 87' lang='lat' dir='ltr'>exemplo</span> <span class='ocrx_word' id='word_1_201' title='bbox 775 1299 805 1329; x_wconf 90' lang='lat' dir='ltr'>in</span> <span class='ocrx_word' id='word_1_202' title='bbox 833 1299 894 1330; x_wconf 88' lang='lat' dir='ltr'>hac</span> <span class='ocrx_word' id='word_1_203' title='bbox 920 1301 1034 1330; x_wconf 90' lang='lat' dir='ltr'>nostra</span> <span class='ocrx_word' id='word_1_204' title='bbox 1060 1300 1224 1331; x_wconf 89' lang='lat' dir='ltr'>sententia</span> <span class='ocrx_word' id='word_1_205' title='bbox 1245 1301 1381 1338; x_wconf 85' lang='lat' dir='ltr'>inserto,</span> <span class='ocrx_word' id='word_1_206' title='bbox 1407 1310 1478 1332; x_wconf 87' lang='lat' dir='ltr'>eam</span> <span class='ocrx_word' id='word_1_207' title='bbox 1506 1300 1605 1332; x_wconf 90' lang='lat' dir='ltr'>talem</span> <span class='ocrx_word' id='word_1_208' title='bbox 1632 1302 1661 1331; x_wconf 91' lang='lat' dir='ltr'>et</span> <span class='ocrx_word' id='word_1_209' title='bbox 1689 1302 1812 1331; x_wconf 86' lang='lat' dir='ltr'>tantam</span> <span class='ocrx_word' id='word_1_210' title='bbox 1832 1300 1931 1331; x_wconf 83' lang='lat' dir='ltr'>fidem</span> 
     </span>
     <span class='ocr_line' id='line_1_19' title="bbox 119 1360 1931 1402; baseline 0.001 -12"><span class='ocrx_word' id='word_1_211' title='bbox 119 1361 270 1391; x_wconf 81' lang='lat' dir='ltr'>adhiberi</span> <span class='ocrx_word' id='word_1_212' title='bbox 298 1360 438 1391; x_wconf 90' lang='lat' dir='ltr'>ubilibet</span> <span class='ocrx_word' id='word_1_213' title='bbox 464 1360 494 1390; x_wconf 89' lang='lat' dir='ltr'>in</span> <span class='ocrx_word' id='word_1_214' title='bbox 522 1360 647 1391; x_wconf 89' lang='lat' dir='ltr'>iudicio</span> <span class='ocrx_word' id='word_1_215' title='bbox 673 1362 704 1391; x_wconf 92' lang='lat' dir='ltr'>et</span> <span class='ocrx_word' id='word_1_216' title='bbox 729 1363 835 1398; x_wconf 89' lang='lat' dir='ltr'>extra,</span> <span class='ocrx_word' id='word_1_217' title='bbox 861 1370 936 1401; x_wconf 85' lang='lat' dir='ltr'>que,</span> <span class='ocrx_word' id='word_1_218' title='bbox 963 1361 1073 1401; x_wconf 84' lang='lat' dir='ltr'>qualis</span> <span class='ocrx_word' id='word_1_219' title='bbox 1099 1364 1129 1392; x_wconf 89' lang='lat' dir='ltr'>et</span> <span class='ocrx_word' id='word_1_220' title='bbox 1155 1364 1280 1401; x_wconf 83' lang='lat' dir='ltr'>quanta</span> <span class='ocrx_word' id='word_1_221' title='bbox 1307 1362 1391 1402; x_wconf 90' lang='lat' dir='ltr'>ipsis</span> <span class='ocrx_word' id='word_1_222' title='bbox 1417 1362 1639 1402; x_wconf 83' lang='lat' dir='ltr'>originalibus</span> <span class='ocrx_word' id='word_1_223' title='bbox 1655 1362 1853 1401; x_wconf 83' lang='lat' dir='ltr'>apostolicis</span> <span class='ocrx_word' id='word_1_224' title='bbox 1881 1361 1931 1392; x_wconf 89' lang='lat' dir='ltr'>lit-</span> 
     </span>
     <span class='ocr_line' id='line_1_20' title="bbox 118 1422 1935 1464; baseline 0.001 -11"><span class='ocrx_word' id='word_1_225' title='bbox 118 1423 197 1454; x_wconf 84' lang='lat' dir='ltr'>teris</span> <span class='ocrx_word' id='word_1_226' title='bbox 222 1422 402 1454; x_wconf 82' lang='lat' dir='ltr'>adhibetur</span> <span class='ocrx_word' id='word_1_227' title='bbox 426 1424 457 1453; x_wconf 91' lang='lat' dir='ltr'>et</span> <span class='ocrx_word' id='word_1_228' title='bbox 481 1422 674 1454; x_wconf 85' lang='lat' dir='ltr'>adhibenda</span> <span class='ocrx_word' id='word_1_229' title='bbox 701 1424 751 1454; x_wconf 88' lang='lat' dir='ltr'>est</span> <span class='ocrx_word' id='word_1_230' title='bbox 778 1423 809 1453; x_wconf 89' lang='lat' dir='ltr'>in</span> <span class='ocrx_word' id='word_1_231' title='bbox 836 1423 960 1454; x_wconf 88' lang='lat' dir='ltr'>iudicio</span> <span class='ocrx_word' id='word_1_232' title='bbox 986 1425 1017 1454; x_wconf 90' lang='lat' dir='ltr'>et</span> <span class='ocrx_word' id='word_1_233' title='bbox 1042 1426 1157 1455; x_wconf 87' lang='lat' dir='ltr'>extra:</span> <span class='ocrx_word' id='word_1_234' title='bbox 1184 1422 1319 1464; x_wconf 82' lang='lat' dir='ltr'>Quique</span> <span class='ocrx_word' id='word_1_235' title='bbox 1358 1424 1505 1455; x_wconf 90' lang='lat' dir='ltr'>vidimus</span> <span class='ocrx_word' id='word_1_236' title='bbox 1531 1426 1561 1455; x_wconf 88' lang='lat' dir='ltr'>et</span> <span class='ocrx_word' id='word_1_237' title='bbox 1587 1424 1858 1455; x_wconf 84' lang='lat' dir='ltr'>examinavimus</span> <span class='ocrx_word' id='word_1_238' title='bbox 1885 1424 1935 1454; x_wconf 87' lang='lat' dir='ltr'>di-</span> 
     </span>
     <span class='ocr_line' id='line_1_21' title="bbox 119 1485 1935 1527; baseline 0.001 -12"><span class='ocrx_word' id='word_1_239' title='bbox 119 1485 259 1526; x_wconf 86' lang='lat' dir='ltr'>ligenter</span> <span class='ocrx_word' id='word_1_240' title='bbox 295 1485 406 1515; x_wconf 87' lang='lat' dir='ltr'>onmia</span> <span class='ocrx_word' id='word_1_241' title='bbox 432 1486 462 1516; x_wconf 92' lang='lat' dir='ltr'>et</span> <span class='ocrx_word' id='word_1_242' title='bbox 488 1485 620 1525; x_wconf 81' lang='lat' dir='ltr'>singula</span> <span class='ocrx_word' id='word_1_243' title='bbox 658 1485 888 1525; x_wconf 86' lang='lat' dir='ltr'>suprascripta</span> <span class='ocrx_word' id='word_1_244' title='bbox 915 1488 945 1517; x_wconf 92' lang='lat' dir='ltr'>et</span> <span class='ocrx_word' id='word_1_245' title='bbox 971 1487 1045 1517; x_wconf 86' lang='lat' dir='ltr'>acta</span> <span class='ocrx_word' id='word_1_246' title='bbox 1072 1488 1103 1517; x_wconf 89' lang='lat' dir='ltr'>et</span> <span class='ocrx_word' id='word_1_247' title='bbox 1128 1487 1252 1527; x_wconf 85' lang='lat' dir='ltr'>agitata</span> <span class='ocrx_word' id='word_1_248' title='bbox 1279 1487 1309 1517; x_wconf 89' lang='lat' dir='ltr'>in</span> <span class='ocrx_word' id='word_1_249' title='bbox 1337 1496 1441 1518; x_wconf 87' lang='lat' dir='ltr'>causa</span> <span class='ocrx_word' id='word_1_250' title='bbox 1475 1488 1505 1518; x_wconf 90' lang='lat' dir='ltr'>et</span> <span class='ocrx_word' id='word_1_251' title='bbox 1532 1486 1645 1517; x_wconf 85' lang='lat' dir='ltr'>causis</span> <span class='ocrx_word' id='word_1_252' title='bbox 1684 1486 1876 1517; x_wconf 88' lang='lat' dir='ltr'>huiusmodi</span> <span class='ocrx_word' id='word_1_253' title='bbox 1904 1488 1935 1517; x_wconf 91' lang='lat' dir='ltr'>et</span> 
     </span>
     <span class='ocr_line' id='line_1_22' title="bbox 119 1547 1936 1589; baseline 0 -11"><span class='ocrx_word' id='word_1_254' title='bbox 119 1547 311 1579; x_wconf 89' lang='lat' dir='ltr'>audivimus</span> <span class='ocrx_word' id='word_1_255' title='bbox 337 1556 419 1587; x_wconf 88' lang='lat' dir='ltr'>sepe</span> <span class='ocrx_word' id='word_1_256' title='bbox 444 1549 474 1578; x_wconf 88' lang='lat' dir='ltr'>et</span> <span class='ocrx_word' id='word_1_257' title='bbox 499 1547 616 1587; x_wconf 86' lang='lat' dir='ltr'>sepius</span> <span class='ocrx_word' id='word_1_258' title='bbox 641 1547 856 1587; x_wconf 85' lang='lat' dir='ltr'>alegaciones</span> <span class='ocrx_word' id='word_1_259' title='bbox 881 1548 1122 1579; x_wconf 88' lang='lat' dir='ltr'>advocatorum</span> <span class='ocrx_word' id='word_1_260' title='bbox 1149 1549 1253 1589; x_wconf 91' lang='lat' dir='ltr'>partis</span> <span class='ocrx_word' id='word_1_261' title='bbox 1280 1549 1465 1589; x_wconf 84' lang='lat' dir='ltr'>utriusque,</span> <span class='ocrx_word' id='word_1_262' title='bbox 1492 1557 1578 1589; x_wconf 83' lang='lat' dir='ltr'>quas</span> <span class='ocrx_word' id='word_1_263' title='bbox 1604 1557 1713 1579; x_wconf 86' lang='lat' dir='ltr'>coram</span> <span class='ocrx_word' id='word_1_264' title='bbox 1742 1548 1840 1579; x_wconf 91' lang='lat' dir='ltr'>nobis</span> <span class='ocrx_word' id='word_1_265' title='bbox 1855 1548 1936 1579; x_wconf 90' lang='lat' dir='ltr'>alle-</span> 
     </span>
     <span class='ocr_line' id='line_1_23' title="bbox 118 1609 1934 1651; baseline 0 -11"><span class='ocrx_word' id='word_1_266' title='bbox 118 1619 196 1649; x_wconf 86' lang='lat' dir='ltr'>gare</span> <span class='ocrx_word' id='word_1_267' title='bbox 222 1611 253 1640; x_wconf 90' lang='lat' dir='ltr'>et</span> <span class='ocrx_word' id='word_1_268' title='bbox 278 1609 414 1650; x_wconf 82' lang='lat' dir='ltr'>allegari</span> <span class='ocrx_word' id='word_1_269' title='bbox 442 1609 550 1640; x_wconf 83' lang='lat' dir='ltr'>facere</span> <span class='ocrx_word' id='word_1_270' title='bbox 577 1609 765 1647; x_wconf 85' lang='lat' dir='ltr'>voluerunt,</span> <span class='ocrx_word' id='word_1_271' title='bbox 791 1612 822 1640; x_wconf 93' lang='lat' dir='ltr'>et</span> <span class='ocrx_word' id='word_1_272' title='bbox 848 1618 951 1649; x_wconf 89' lang='lat' dir='ltr'>super</span> <span class='ocrx_word' id='word_1_273' title='bbox 977 1610 1061 1650; x_wconf 88' lang='lat' dir='ltr'>ipsis</span> <span class='ocrx_word' id='word_1_274' title='bbox 1087 1611 1245 1641; x_wconf 93' lang='lat' dir='ltr'>omnibus</span> <span class='ocrx_word' id='word_1_275' title='bbox 1271 1612 1302 1642; x_wconf 88' lang='lat' dir='ltr'>et</span> <span class='ocrx_word' id='word_1_276' title='bbox 1328 1611 1471 1651; x_wconf 86' lang='lat' dir='ltr'>singulis</span> <span class='ocrx_word' id='word_1_277' title='bbox 1506 1611 1687 1641; x_wconf 86' lang='lat' dir='ltr'>habuimus</span> <span class='ocrx_word' id='word_1_278' title='bbox 1713 1611 1743 1641; x_wconf 90' lang='lat' dir='ltr'>et</span> <span class='ocrx_word' id='word_1_279' title='bbox 1770 1610 1934 1640; x_wconf 90' lang='lat' dir='ltr'>habemus</span> 
     </span>
     <span class='ocr_line' id='line_1_24' title="bbox 120 1671 882 1712; baseline -0.001 -9"><span class='ocrx_word' id='word_1_280' title='bbox 120 1674 280 1703; x_wconf 87' lang='lat' dir='ltr'>maturam</span> <span class='ocrx_word' id='word_1_281' title='bbox 308 1674 339 1703; x_wconf 89' lang='lat' dir='ltr'>et</span> <span class='ocrx_word' id='word_1_282' title='bbox 363 1672 557 1712; x_wconf 85' lang='lat' dir='ltr'>diligentem</span> <span class='ocrx_word' id='word_1_283' title='bbox 583 1671 882 1703; x_wconf 85' lang='lat' dir='ltr'>deliberationem:</span> 
     </span>
    </p>

    <p class='ocr_par' dir='ltr' id='par_1_4' title="bbox 118 1732 1935 2085">
     <span class='ocr_line' id='line_1_25' title="bbox 208 1732 1933 1774; baseline -0.001 -9"><span class='ocrx_word' id='word_1_284' title='bbox 208 1733 332 1766; x_wconf 86' lang='lat' dir='ltr'>Christi</span> <span class='ocrx_word' id='word_1_285' title='bbox 359 1736 390 1765; x_wconf 91' lang='lat' dir='ltr'>et</span> <span class='ocrx_word' id='word_1_286' title='bbox 415 1734 561 1774; x_wconf 89' lang='lat' dir='ltr'>gloriose</span> <span class='ocrx_word' id='word_1_287' title='bbox 587 1742 721 1773; x_wconf 86' lang='lat' dir='ltr'>semper</span> <span class='ocrx_word' id='word_1_288' title='bbox 739 1733 885 1774; x_wconf 83' lang='lat' dir='ltr'>Virginis</span> <span class='ocrx_word' id='word_1_289' title='bbox 911 1735 983 1765; x_wconf 88' lang='lat' dir='ltr'>eius</span> <span class='ocrx_word' id='word_1_290' title='bbox 1002 1733 1183 1766; x_wconf 85' lang='lat' dir='ltr'>Genitricis</span> <span class='ocrx_word' id='word_1_291' title='bbox 1210 1734 1316 1766; x_wconf 88' lang='lat' dir='ltr'>Nlarie</span> <span class='ocrx_word' id='word_1_292' title='bbox 1342 1744 1380 1766; x_wconf 92' lang='lat' dir='ltr'>ac</span> <span class='ocrx_word' id='word_1_293' title='bbox 1406 1735 1579 1766; x_wconf 89' lang='lat' dir='ltr'>beatorum</span> <span class='ocrx_word' id='word_1_294' title='bbox 1599 1734 1832 1765; x_wconf 87' lang='lat' dir='ltr'>confessorum</span> <span class='ocrx_word' id='word_1_295' title='bbox 1860 1732 1933 1774; x_wconf 89' lang='lat' dir='ltr'>Syri</span> 
     </span>
     <span class='ocr_line' id='line_1_26' title="bbox 119 1794 1935 1836; baseline -0.001 -8"><span class='ocrx_word' id='word_1_296' title='bbox 119 1799 151 1828; x_wconf 90' lang='lat' dir='ltr'>et</span> <span class='ocrx_word' id='word_1_297' title='bbox 176 1795 334 1836; x_wconf 80' lang='lat' dir='ltr'>Crispini,</span> <span class='ocrx_word' id='word_1_298' title='bbox 372 1796 543 1836; x_wconf 85' lang='lat' dir='ltr'>totiusque</span> <span class='ocrx_word' id='word_1_299' title='bbox 580 1796 714 1827; x_wconf 88' lang='lat' dir='ltr'>celestis</span> <span class='ocrx_word' id='word_1_300' title='bbox 752 1794 852 1827; x_wconf 90' lang='lat' dir='ltr'>Curie</span> <span class='ocrx_word' id='word_1_301' title='bbox 889 1796 1082 1827; x_wconf 88' lang='lat' dir='ltr'>nominibus</span> <span class='ocrx_word' id='word_1_302' title='bbox 1121 1796 1318 1836; x_wconf 84' lang='lat' dir='ltr'>imploratis,</span> <span class='ocrx_word' id='word_1_303' title='bbox 1356 1797 1509 1828; x_wconf 87' lang='lat' dir='ltr'>volentes</span> <span class='ocrx_word' id='word_1_304' title='bbox 1535 1796 1694 1836; x_wconf 90' lang='lat' dir='ltr'>predictis</span> <span class='ocrx_word' id='word_1_305' title='bbox 1720 1796 1878 1827; x_wconf 87' lang='lat' dir='ltr'>omnibus</span> <span class='ocrx_word' id='word_1_306' title='bbox 1904 1798 1935 1826; x_wconf 88' lang='lat' dir='ltr'>et</span> 
     </span>
     <span class='ocr_line' id='line_1_27' title="bbox 119 1858 1934 1899; baseline -0.001 -9"><span class='ocrx_word' id='word_1_307' title='bbox 119 1859 263 1899; x_wconf 85' lang='lat' dir='ltr'>singulis</span> <span class='ocrx_word' id='word_1_308' title='bbox 289 1859 438 1890; x_wconf 88' lang='lat' dir='ltr'>debitum</span> <span class='ocrx_word' id='word_1_309' title='bbox 465 1859 564 1889; x_wconf 85' lang='lat' dir='ltr'>finem</span> <span class='ocrx_word' id='word_1_310' title='bbox 592 1858 763 1898; x_wconf 88' lang='lat' dir='ltr'>imponere</span> <span class='ocrx_word' id='word_1_311' title='bbox 789 1867 827 1889; x_wconf 89' lang='lat' dir='ltr'>ac</span> <span class='ocrx_word' id='word_1_312' title='bbox 854 1858 1038 1898; x_wconf 90' lang='lat' dir='ltr'>predictum</span> <span class='ocrx_word' id='word_1_313' title='bbox 1073 1859 1267 1890; x_wconf 89' lang='lat' dir='ltr'>mandatum</span> <span class='ocrx_word' id='word_1_314' title='bbox 1305 1859 1529 1899; x_wconf 90' lang='lat' dir='ltr'>apostolicum</span> <span class='ocrx_word' id='word_1_315' title='bbox 1563 1859 1686 1898; x_wconf 86' lang='lat' dir='ltr'>exequi</span> <span class='ocrx_word' id='word_1_316' title='bbox 1714 1860 1747 1889; x_wconf 91' lang='lat' dir='ltr'>ut</span> <span class='ocrx_word' id='word_1_317' title='bbox 1773 1860 1934 1895; x_wconf 88' lang='lat' dir='ltr'>tenemur,</span> 
     </span>
     <span class='ocr_line' id='line_1_28' title="bbox 120 1920 1935 1961; baseline -0.001 -9"><span class='ocrx_word' id='word_1_318' title='bbox 120 1922 150 1952; x_wconf 90' lang='lat' dir='ltr'>in</span> <span class='ocrx_word' id='word_1_319' title='bbox 178 1921 241 1952; x_wconf 91' lang='lat' dir='ltr'>hiis</span> <span class='ocrx_word' id='word_1_320' title='bbox 267 1921 413 1960; x_wconf 89' lang='lat' dir='ltr'>scriptis,</span> <span class='ocrx_word' id='word_1_321' title='bbox 440 1920 598 1951; x_wconf 88' lang='lat' dir='ltr'>sedentes</span> <span class='ocrx_word' id='word_1_322' title='bbox 625 1929 685 1959; x_wconf 92' lang='lat' dir='ltr'>pro</span> <span class='ocrx_word' id='word_1_323' title='bbox 711 1920 868 1951; x_wconf 87' lang='lat' dir='ltr'>tribunali</span> <span class='ocrx_word' id='word_1_324' title='bbox 897 1922 929 1951; x_wconf 85' lang='lat' dir='ltr'>ut</span> <span class='ocrx_word' id='word_1_325' title='bbox 956 1929 1068 1960; x_wconf 84' lang='lat' dir='ltr'>supra,</span> <span class='ocrx_word' id='word_1_326' title='bbox 1095 1920 1250 1958; x_wconf 88' lang='lat' dir='ltr'>dicimus,</span> <span class='ocrx_word' id='word_1_327' title='bbox 1278 1921 1553 1961; x_wconf 88' lang='lat' dir='ltr'>pronunciamus,</span> <span class='ocrx_word' id='word_1_328' title='bbox 1592 1920 1854 1956; x_wconf 89' lang='lat' dir='ltr'>sentenciamus,</span> <span class='ocrx_word' id='word_1_329' title='bbox 1880 1928 1935 1950; x_wconf 89' lang='lat' dir='ltr'>as-</span> 
     </span>
     <span class='ocr_line' id='line_1_29' title="bbox 118 1982 1934 2024; baseline -0.001 -10"><span class='ocrx_word' id='word_1_330' title='bbox 118 1983 303 2024; x_wconf 85' lang='lat' dir='ltr'>signamus,</span> <span class='ocrx_word' id='word_1_331' title='bbox 328 1982 551 2019; x_wconf 86' lang='lat' dir='ltr'>absolvimus,</span> <span class='ocrx_word' id='word_1_332' title='bbox 578 1982 769 2019; x_wconf 83' lang='lat' dir='ltr'>liberamus,</span> <span class='ocrx_word' id='word_1_333' title='bbox 795 1982 1007 2013; x_wconf 87' lang='lat' dir='ltr'>declaramus</span> <span class='ocrx_word' id='word_1_334' title='bbox 1033 1984 1065 2013; x_wconf 89' lang='lat' dir='ltr'>et</span> <span class='ocrx_word' id='word_1_335' title='bbox 1090 1983 1380 2023; x_wconf 87' lang='lat' dir='ltr'>condempnamus</span> <span class='ocrx_word' id='word_1_336' title='bbox 1407 1983 1491 2014; x_wconf 90' lang='lat' dir='ltr'>inter</span> <span class='ocrx_word' id='word_1_337' title='bbox 1508 1984 1539 2013; x_wconf 91' lang='lat' dir='ltr'>et</span> <span class='ocrx_word' id='word_1_338' title='bbox 1557 1991 1616 2022; x_wconf 90' lang='lat' dir='ltr'>per</span> <span class='ocrx_word' id='word_1_339' title='bbox 1634 1984 1747 2022; x_wconf 87' lang='lat' dir='ltr'>partes</span> <span class='ocrx_word' id='word_1_340' title='bbox 1766 1982 1934 2022; x_wconf 87' lang='lat' dir='ltr'>predictas</span> 
     </span>
     <span class='ocr_line' id='line_1_30' title="bbox 118 2043 1375 2085; baseline 0 -9"><span class='ocrx_word' id='word_1_341' title='bbox 118 2045 149 2076; x_wconf 93' lang='lat' dir='ltr'>in</span> <span class='ocrx_word' id='word_1_342' title='bbox 176 2045 333 2076; x_wconf 88' lang='lat' dir='ltr'>omnibus</span> <span class='ocrx_word' id='word_1_343' title='bbox 359 2046 390 2075; x_wconf 91' lang='lat' dir='ltr'>et</span> <span class='ocrx_word' id='word_1_344' title='bbox 416 2053 474 2084; x_wconf 91' lang='lat' dir='ltr'>per</span> <span class='ocrx_word' id='word_1_345' title='bbox 498 2044 609 2075; x_wconf 88' lang='lat' dir='ltr'>omnia</span> <span class='ocrx_word' id='word_1_346' title='bbox 635 2046 733 2084; x_wconf 89' lang='lat' dir='ltr'>prout</span> <span class='ocrx_word' id='word_1_347' title='bbox 759 2043 897 2075; x_wconf 91' lang='lat' dir='ltr'>inferius</span> <span class='ocrx_word' id='word_1_348' title='bbox 924 2053 982 2084; x_wconf 90' lang='lat' dir='ltr'>per</span> <span class='ocrx_word' id='word_1_349' title='bbox 1007 2044 1140 2085; x_wconf 84' lang='lat' dir='ltr'>singula</span> <span class='ocrx_word' id='word_1_350' title='bbox 1166 2045 1375 2076; x_wconf 87' lang='lat' dir='ltr'>continetur:</span> 
     </span>
    </p>

    <p class='ocr_par' dir='ltr' id='par_1_5' title="bbox 116 2106 1935 2768">
     <span class='ocr_line' id='line_1_31' title="bbox 207 2106 1932 2147; baseline -0.001 -9"><span class='ocrx_word' id='word_1_351' title='bbox 207 2107 239 2138; x_wconf 95' lang='lat' dir='ltr'>In</span> <span class='ocrx_word' id='word_1_352' title='bbox 266 2107 382 2147; x_wconf 87' lang='lat' dir='ltr'>primis</span> <span class='ocrx_word' id='word_1_353' title='bbox 408 2107 544 2147; x_wconf 85' lang='lat' dir='ltr'>quidem</span> <span class='ocrx_word' id='word_1_354' title='bbox 571 2116 630 2146; x_wconf 91' lang='lat' dir='ltr'>per</span> <span class='ocrx_word' id='word_1_355' title='bbox 655 2108 845 2146; x_wconf 87' lang='lat' dir='ltr'>presentem</span> <span class='ocrx_word' id='word_1_356' title='bbox 861 2109 1008 2138; x_wconf 91' lang='lat' dir='ltr'>nostram</span> <span class='ocrx_word' id='word_1_357' title='bbox 1023 2107 1229 2138; x_wconf 87' lang='lat' dir='ltr'>sentenciam</span> <span class='ocrx_word' id='word_1_358' title='bbox 1248 2106 1460 2138; x_wconf 78' lang='lat' dir='ltr'>diffinitivam</span> <span class='ocrx_word' id='word_1_359' title='bbox 1479 2108 1510 2138; x_wconf 92' lang='lat' dir='ltr'>et</span> <span class='ocrx_word' id='word_1_360' title='bbox 1529 2106 1785 2146; x_wconf 84' lang='lat' dir='ltr'>exequutoriam</span> <span class='ocrx_word' id='word_1_361' title='bbox 1801 2106 1932 2142; x_wconf 86' lang='lat' dir='ltr'>damus,</span> 
     </span>
     <span class='ocr_line' id='line_1_32' title="bbox 118 2166 1935 2208; baseline -0.002 -8"><span class='ocrx_word' id='word_1_362' title='bbox 118 2169 366 2206; x_wconf 85' lang='lat' dir='ltr'>adiudicamns,</span> <span class='ocrx_word' id='word_1_363' title='bbox 392 2168 579 2200; x_wconf 87' lang='lat' dir='ltr'>traddimus</span> <span class='ocrx_word' id='word_1_364' title='bbox 605 2170 636 2199; x_wconf 89' lang='lat' dir='ltr'>et</span> <span class='ocrx_word' id='word_1_365' title='bbox 662 2168 878 2208; x_wconf 88' lang='lat' dir='ltr'>assignamus</span> <span class='ocrx_word' id='word_1_366' title='bbox 915 2168 1015 2199; x_wconf 87' lang='lat' dir='ltr'>dictis</span> <span class='ocrx_word' id='word_1_367' title='bbox 1052 2168 1198 2199; x_wconf 89' lang='lat' dir='ltr'>dominis</span> <span class='ocrx_word' id='word_1_368' title='bbox 1235 2168 1369 2206; x_wconf 81' lang='lat' dir='ltr'>Abbati,</span> <span class='ocrx_word' id='word_1_369' title='bbox 1396 2166 1588 2204; x_wconf 89' lang='lat' dir='ltr'>Canonicis,</span> <span class='ocrx_word' id='word_1_370' title='bbox 1615 2166 1773 2207; x_wconf 86' lang='lat' dir='ltr'>Capitulo</span> <span class='ocrx_word' id='word_1_371' title='bbox 1799 2170 1829 2198; x_wconf 85' lang='lat' dir='ltr'>et</span> <span class='ocrx_word' id='word_1_372' title='bbox 1855 2176 1935 2198; x_wconf 88' lang='lat' dir='ltr'>con-</span> 
     </span>
     <span class='ocr_line' id='line_1_33' title="bbox 119 2229 1933 2270; baseline -0.002 -7"><span class='ocrx_word' id='word_1_373' title='bbox 119 2232 231 2263; x_wconf 92' lang='lat' dir='ltr'>ventui</span> <span class='ocrx_word' id='word_1_374' title='bbox 270 2232 347 2263; x_wconf 89' lang='lat' dir='ltr'>dicti</span> <span class='ocrx_word' id='word_1_375' title='bbox 375 2231 565 2262; x_wconf 91' lang='lat' dir='ltr'>monasterii</span> <span class='ocrx_word' id='word_1_376' title='bbox 592 2232 623 2261; x_wconf 92' lang='lat' dir='ltr'>et</span> <span class='ocrx_word' id='word_1_377' title='bbox 649 2230 739 2261; x_wconf 90' lang='lat' dir='ltr'>dicto</span> <span class='ocrx_word' id='word_1_378' title='bbox 767 2229 927 2261; x_wconf 77' lang='lat' dir='ltr'>lolianino</span> <span class='ocrx_word' id='word_1_379' title='bbox 953 2240 1066 2261; x_wconf 86' lang='lat' dir='ltr'>eorum</span> <span class='ocrx_word' id='word_1_380' title='bbox 1094 2231 1226 2262; x_wconf 91' lang='lat' dir='ltr'>sindico</span> <span class='ocrx_word' id='word_1_381' title='bbox 1252 2234 1283 2261; x_wconf 92' lang='lat' dir='ltr'>et</span> <span class='ocrx_word' id='word_1_382' title='bbox 1310 2231 1532 2270; x_wconf 84' lang='lat' dir='ltr'>procuratori,</span> <span class='ocrx_word' id='word_1_383' title='bbox 1559 2230 1810 2270; x_wconf 87' lang='lat' dir='ltr'>suprascriptas</span> <span class='ocrx_word' id='word_1_384' title='bbox 1847 2229 1933 2260; x_wconf 87' lang='lat' dir='ltr'>duas</span> 
     </span>
     <span class='ocr_line' id='line_1_34' title="bbox 119 2291 1933 2334; baseline -0.002 -9"><span class='ocrx_word' id='word_1_385' title='bbox 119 2294 227 2334; x_wconf 89' lang='lat' dir='ltr'>petias</span> <span class='ocrx_word' id='word_1_386' title='bbox 267 2296 352 2325; x_wconf 90' lang='lat' dir='ltr'>terre</span> <span class='ocrx_word' id='word_1_387' title='bbox 379 2294 507 2333; x_wconf 86' lang='lat' dir='ltr'>prative</span> <span class='ocrx_word' id='word_1_388' title='bbox 533 2293 674 2333; x_wconf 80' lang='lat' dir='ltr'>positaS,</span> <span class='ocrx_word' id='word_1_389' title='bbox 700 2292 890 2332; x_wconf 87' lang='lat' dir='ltr'>descriptas</span> <span class='ocrx_word' id='word_1_390' title='bbox 915 2294 945 2323; x_wconf 90' lang='lat' dir='ltr'>et</span> <span class='ocrx_word' id='word_1_391' title='bbox 971 2293 1223 2323; x_wconf 88' lang='lat' dir='ltr'>coherenciatas</span> <span class='ocrx_word' id='word_1_392' title='bbox 1260 2293 1291 2323; x_wconf 89' lang='lat' dir='ltr'>in</span> <span class='ocrx_word' id='word_1_393' title='bbox 1332 2293 1563 2332; x_wconf 90' lang='lat' dir='ltr'>suprascripta</span> <span class='ocrx_word' id='word_1_394' title='bbox 1590 2292 1755 2332; x_wconf 87' lang='lat' dir='ltr'>peticione</span> <span class='ocrx_word' id='word_1_395' title='bbox 1781 2291 1933 2322; x_wconf 89' lang='lat' dir='ltr'>secundo</span> 
     </span>
     <span class='ocr_line' id='line_1_35' title="bbox 118 2354 1931 2396; baseline -0.002 -9"><span class='ocrx_word' id='word_1_396' title='bbox 118 2356 192 2387; x_wconf 94' lang='lat' dir='ltr'>loco</span> <span class='ocrx_word' id='word_1_397' title='bbox 207 2365 265 2396; x_wconf 90' lang='lat' dir='ltr'>per</span> <span class='ocrx_word' id='word_1_398' title='bbox 279 2356 403 2387; x_wconf 86' lang='lat' dir='ltr'>dictum</span> <span class='ocrx_word' id='word_1_399' title='bbox 429 2355 560 2386; x_wconf 86' lang='lat' dir='ltr'>fratrem</span> <span class='ocrx_word' id='word_1_400' title='bbox 588 2354 772 2386; x_wconf 90' lang='lat' dir='ltr'>Luchinum</span> <span class='ocrx_word' id='word_1_401' title='bbox 799 2354 888 2385; x_wconf 91' lang='lat' dir='ltr'>dicto</span> <span class='ocrx_word' id='word_1_402' title='bbox 914 2355 1046 2385; x_wconf 89' lang='lat' dir='ltr'>nomine</span> <span class='ocrx_word' id='word_1_403' title='bbox 1071 2363 1182 2386; x_wconf 86' lang='lat' dir='ltr'>coram</span> <span class='ocrx_word' id='word_1_404' title='bbox 1210 2355 1308 2385; x_wconf 89' lang='lat' dir='ltr'>nobis</span> <span class='ocrx_word' id='word_1_405' title='bbox 1334 2355 1508 2395; x_wconf 88' lang='lat' dir='ltr'>producta,</span> <span class='ocrx_word' id='word_1_406' title='bbox 1535 2354 1577 2385; x_wconf 88' lang='lat' dir='ltr'>de</span> <span class='ocrx_word' id='word_1_407' title='bbox 1604 2362 1670 2394; x_wconf 87' lang='lat' dir='ltr'>qua</span> <span class='ocrx_word' id='word_1_408' title='bbox 1707 2362 1821 2393; x_wconf 85' lang='lat' dir='ltr'>snpra,</span> <span class='ocrx_word' id='word_1_409' title='bbox 1858 2354 1931 2390; x_wconf 90' lang='lat' dir='ltr'>etc.,</span> 
     </span>
     <span class='ocr_line' id='line_1_36' title="bbox 117 2416 1933 2458; baseline -0.002 -9"><span class='ocrx_word' id='word_1_410' title='bbox 117 2420 148 2449; x_wconf 89' lang='lat' dir='ltr'>et</span> <span class='ocrx_word' id='word_1_411' title='bbox 174 2427 214 2449; x_wconf 90' lang='lat' dir='ltr'>ex</span> <span class='ocrx_word' id='word_1_412' title='bbox 241 2417 366 2458; x_wconf 84' lang='lat' dir='ltr'>quibus</span> <span class='ocrx_word' id='word_1_413' title='bbox 401 2417 571 2448; x_wconf 89' lang='lat' dir='ltr'>annuatim</span> <span class='ocrx_word' id='word_1_414' title='bbox 599 2417 724 2457; x_wconf 89' lang='lat' dir='ltr'>percipi</span> <span class='ocrx_word' id='word_1_415' title='bbox 752 2418 862 2457; x_wconf 85' lang='lat' dir='ltr'>potest</span> <span class='ocrx_word' id='word_1_416' title='bbox 888 2418 1014 2447; x_wconf 89' lang='lat' dir='ltr'>tantum</span> <span class='ocrx_word' id='word_1_417' title='bbox 1041 2416 1132 2456; x_wconf 85' lang='lat' dir='ltr'>quod</span> <span class='ocrx_word' id='word_1_418' title='bbox 1159 2417 1310 2448; x_wconf 88' lang='lat' dir='ltr'>assendit</span> <span class='ocrx_word' id='word_1_419' title='bbox 1335 2417 1376 2448; x_wconf 90' lang='lat' dir='ltr'>ad</span> <span class='ocrx_word' id='word_1_420' title='bbox 1403 2417 1537 2457; x_wconf 87' lang='lat' dir='ltr'>triplum</span> <span class='ocrx_word' id='word_1_421' title='bbox 1564 2416 1642 2447; x_wconf 89' lang='lat' dir='ltr'>dicti</span> <span class='ocrx_word' id='word_1_422' title='bbox 1681 2416 1782 2446; x_wconf 86' lang='lat' dir='ltr'>annui</span> <span class='ocrx_word' id='word_1_423' title='bbox 1809 2423 1933 2446; x_wconf 89' lang='lat' dir='ltr'>census</span> 
     </span>
     <span class='ocr_line' id='line_1_37' title="bbox 118 2477 1932 2519; baseline -0.002 -8"><span class='ocrx_word' id='word_1_424' title='bbox 118 2482 148 2511; x_wconf 88' lang='lat' dir='ltr'>et</span> <span class='ocrx_word' id='word_1_425' title='bbox 176 2480 269 2517; x_wconf 86' lang='lat' dir='ltr'>ultra,</span> <span class='ocrx_word' id='word_1_426' title='bbox 288 2480 318 2510; x_wconf 90' lang='lat' dir='ltr'>in</span> <span class='ocrx_word' id='word_1_427' title='bbox 338 2488 590 2519; x_wconf 89' lang='lat' dir='ltr'>recompensam</span> <span class='ocrx_word' id='word_1_428' title='bbox 618 2481 648 2510; x_wconf 91' lang='lat' dir='ltr'>et</span> <span class='ocrx_word' id='word_1_429' title='bbox 674 2488 715 2510; x_wconf 86' lang='lat' dir='ltr'>ex</span> <span class='ocrx_word' id='word_1_430' title='bbox 742 2487 844 2510; x_wconf 89' lang='lat' dir='ltr'>causa</span> <span class='ocrx_word' id='word_1_431' title='bbox 871 2478 1132 2518; x_wconf 86' lang='lat' dir='ltr'>permutacionis</span> <span class='ocrx_word' id='word_1_432' title='bbox 1158 2478 1236 2509; x_wconf 90' lang='lat' dir='ltr'>dicti</span> <span class='ocrx_word' id='word_1_433' title='bbox 1252 2479 1392 2509; x_wconf 88' lang='lat' dir='ltr'>canonis</span> <span class='ocrx_word' id='word_1_434' title='bbox 1412 2487 1470 2509; x_wconf 90' lang='lat' dir='ltr'>seu</span> <span class='ocrx_word' id='word_1_435' title='bbox 1498 2486 1631 2515; x_wconf 88' lang='lat' dir='ltr'>census,</span> <span class='ocrx_word' id='word_1_436' title='bbox 1658 2480 1731 2515; x_wconf 88' lang='lat' dir='ltr'>etc.,</span> <span class='ocrx_word' id='word_1_437' title='bbox 1751 2477 1932 2508; x_wconf 83' lang='lat' dir='ltr'>liberantes</span> 
     </span>
     <span class='ocr_line' id='line_1_38' title="bbox 117 2537 1933 2581; baseline -0.002 -8"><span class='ocrx_word' id='word_1_438' title='bbox 117 2544 148 2574; x_wconf 90' lang='lat' dir='ltr'>et</span> <span class='ocrx_word' id='word_1_439' title='bbox 173 2541 392 2573; x_wconf 90' lang='lat' dir='ltr'>absolventes</span> <span class='ocrx_word' id='word_1_440' title='bbox 417 2542 594 2581; x_wconf 88' lang='lat' dir='ltr'>propterea</span> <span class='ocrx_word' id='word_1_441' title='bbox 620 2549 658 2572; x_wconf 89' lang='lat' dir='ltr'>ac</span> <span class='ocrx_word' id='word_1_442' title='bbox 686 2541 867 2572; x_wconf 90' lang='lat' dir='ltr'>liberamus</span> <span class='ocrx_word' id='word_1_443' title='bbox 893 2542 924 2571; x_wconf 92' lang='lat' dir='ltr'>et</span> <span class='ocrx_word' id='word_1_444' title='bbox 949 2540 1160 2571; x_wconf 89' lang='lat' dir='ltr'>absolvimus</span> <span class='ocrx_word' id='word_1_445' title='bbox 1186 2540 1334 2580; x_wconf 84' lang='lat' dir='ltr'>prefatos</span> <span class='ocrx_word' id='word_1_446' title='bbox 1360 2541 1516 2571; x_wconf 91' lang='lat' dir='ltr'>dominos</span> <span class='ocrx_word' id='word_1_447' title='bbox 1542 2539 1702 2577; x_wconf 81' lang='lat' dir='ltr'>Priorem,</span> <span class='ocrx_word' id='word_1_448' title='bbox 1721 2539 1848 2576; x_wconf 84' lang='lat' dir='ltr'>fratres,</span> <span class='ocrx_word' id='word_1_449' title='bbox 1868 2537 1933 2570; x_wconf 92' lang='lat' dir='ltr'>Ca-</span> 
     </span>
     <span class='ocr_line' id='line_1_39' title="bbox 117 2602 1931 2644; baseline -0.002 -9"><span class='ocrx_word' id='word_1_450' title='bbox 117 2604 259 2644; x_wconf 88' lang='lat' dir='ltr'>pitulum</span> <span class='ocrx_word' id='word_1_451' title='bbox 285 2605 317 2635; x_wconf 91' lang='lat' dir='ltr'>et</span> <span class='ocrx_word' id='word_1_452' title='bbox 342 2605 543 2635; x_wconf 91' lang='lat' dir='ltr'>conventum</span> <span class='ocrx_word' id='word_1_453' title='bbox 570 2605 601 2634; x_wconf 91' lang='lat' dir='ltr'>et</span> <span class='ocrx_word' id='word_1_454' title='bbox 627 2603 752 2634; x_wconf 89' lang='lat' dir='ltr'>dictum</span> <span class='ocrx_word' id='word_1_455' title='bbox 779 2602 911 2634; x_wconf 88' lang='lat' dir='ltr'>fratrem</span> <span class='ocrx_word' id='word_1_456' title='bbox 939 2602 1123 2633; x_wconf 88' lang='lat' dir='ltr'>Luchinum</span> <span class='ocrx_word' id='word_1_457' title='bbox 1150 2611 1263 2633; x_wconf 88' lang='lat' dir='ltr'>eorum</span> <span class='ocrx_word' id='word_1_458' title='bbox 1290 2603 1457 2634; x_wconf 89' lang='lat' dir='ltr'>sindicum</span> <span class='ocrx_word' id='word_1_459' title='bbox 1484 2604 1514 2633; x_wconf 91' lang='lat' dir='ltr'>et</span> <span class='ocrx_word' id='word_1_460' title='bbox 1540 2604 1790 2642; x_wconf 89' lang='lat' dir='ltr'>procuratorem</span> <span class='ocrx_word' id='word_1_461' title='bbox 1817 2610 1931 2632; x_wconf 89' lang='lat' dir='ltr'>eorum</span> 
     </span>
     <span class='ocr_line' id='line_1_40' title="bbox 118 2662 1931 2706; baseline -0.002 -9"><span class='ocrx_word' id='word_1_462' title='bbox 118 2666 250 2697; x_wconf 89' lang='lat' dir='ltr'>nomine</span> <span class='ocrx_word' id='word_1_463' title='bbox 276 2674 294 2696; x_wconf 88' lang='lat' dir='ltr'>a</span> <span class='ocrx_word' id='word_1_464' title='bbox 320 2665 543 2706; x_wconf 88' lang='lat' dir='ltr'>prestacione,</span> <span class='ocrx_word' id='word_1_465' title='bbox 570 2665 782 2705; x_wconf 85' lang='lat' dir='ltr'>obligacione</span> <span class='ocrx_word' id='word_1_466' title='bbox 807 2666 838 2696; x_wconf 91' lang='lat' dir='ltr'>et</span> <span class='ocrx_word' id='word_1_467' title='bbox 865 2664 1038 2695; x_wconf 89' lang='lat' dir='ltr'>solucione</span> <span class='ocrx_word' id='word_1_468' title='bbox 1063 2664 1142 2695; x_wconf 90' lang='lat' dir='ltr'>dicti</span> <span class='ocrx_word' id='word_1_469' title='bbox 1180 2665 1280 2695; x_wconf 88' lang='lat' dir='ltr'>annui</span> <span class='ocrx_word' id='word_1_470' title='bbox 1319 2673 1452 2702; x_wconf 92' lang='lat' dir='ltr'>census,</span> <span class='ocrx_word' id='word_1_471' title='bbox 1479 2673 1581 2704; x_wconf 87' lang='lat' dir='ltr'>super</span> <span class='ocrx_word' id='word_1_472' title='bbox 1606 2673 1646 2695; x_wconf 89' lang='lat' dir='ltr'>eo</span> <span class='ocrx_word' id='word_1_473' title='bbox 1672 2663 1770 2695; x_wconf 91' lang='lat' dir='ltr'>dictis</span> <span class='ocrx_word' id='word_1_474' title='bbox 1797 2662 1931 2699; x_wconf 80' lang='lat' dir='ltr'>Abbati,</span> 
     </span>
     <span class='ocr_line' id='line_1_41' title="bbox 116 2725 1892 2768; baseline -0.002 -9"><span class='ocrx_word' id='word_1_475' title='bbox 116 2726 309 2765; x_wconf 89' lang='lat' dir='ltr'>Canonicis,</span> <span class='ocrx_word' id='word_1_476' title='bbox 336 2726 494 2768; x_wconf 90' lang='lat' dir='ltr'>Capitulo</span> <span class='ocrx_word' id='word_1_477' title='bbox 520 2730 551 2759; x_wconf 93' lang='lat' dir='ltr'>et</span> <span class='ocrx_word' id='word_1_478' title='bbox 576 2725 766 2759; x_wconf 90' lang='lat' dir='ltr'>Conventui</span> <span class='ocrx_word' id='word_1_479' title='bbox 793 2727 871 2758; x_wconf 90' lang='lat' dir='ltr'>dicti</span> <span class='ocrx_word' id='word_1_480' title='bbox 899 2727 1102 2764; x_wconf 86' lang='lat' dir='ltr'>monasterii,</span> <span class='ocrx_word' id='word_1_481' title='bbox 1129 2729 1201 2764; x_wconf 86' lang='lat' dir='ltr'>etc.,</span> <span class='ocrx_word' id='word_1_482' title='bbox 1228 2728 1427 2767; x_wconf 88' lang='lat' dir='ltr'>perpetuum</span> <span class='ocrx_word' id='word_1_483' title='bbox 1454 2726 1643 2758; x_wconf 89' lang='lat' dir='ltr'>scilentium</span> <span class='ocrx_word' id='word_1_484' title='bbox 1671 2726 1892 2766; x_wconf 88' lang='lat' dir='ltr'>imponentes.</span> 
     </span>
    </p>

    <p class='ocr_par' dir='ltr' id='par_1_6' title="bbox 115 2788 1930 3078">
     <span class='ocr_line' id='line_1_42' title="bbox 206 2788 1930 2829; baseline -0.001 -9"><span class='ocrx_word' id='word_1_485' title='bbox 206 2789 284 2821; x_wconf 91' lang='lat' dir='ltr'>Item</span> <span class='ocrx_word' id='word_1_486' title='bbox 311 2789 389 2829; x_wconf 88' lang='lat' dir='ltr'>quia</span> <span class='ocrx_word' id='word_1_487' title='bbox 415 2791 547 2820; x_wconf 89' lang='lat' dir='ltr'>constat</span> <span class='ocrx_word' id='word_1_488' title='bbox 573 2789 671 2820; x_wconf 91' lang='lat' dir='ltr'>nobis</span> <span class='ocrx_word' id='word_1_489' title='bbox 697 2790 762 2820; x_wconf 92' lang='lat' dir='ltr'>tam</span> <span class='ocrx_word' id='word_1_490' title='bbox 789 2797 849 2828; x_wconf 92' lang='lat' dir='ltr'>per</span> <span class='ocrx_word' id='word_1_491' title='bbox 874 2788 951 2819; x_wconf 87' lang='lat' dir='ltr'>facti</span> <span class='ocrx_word' id='word_1_492' title='bbox 978 2788 1192 2826; x_wconf 91' lang='lat' dir='ltr'>evidentiam,</span> <span class='ocrx_word' id='word_1_493' title='bbox 1219 2788 1293 2819; x_wconf 92' lang='lat' dir='ltr'>loco</span> <span class='ocrx_word' id='word_1_494' title='bbox 1319 2788 1412 2828; x_wconf 90' lang='lat' dir='ltr'>prius</span> <span class='ocrx_word' id='word_1_495' title='bbox 1438 2788 1546 2819; x_wconf 87' lang='lat' dir='ltr'>oculis</span> <span class='ocrx_word' id='word_1_496' title='bbox 1565 2788 1730 2824; x_wconf 87' lang='lat' dir='ltr'>subiectO,</span> <span class='ocrx_word' id='word_1_497' title='bbox 1750 2795 1850 2827; x_wconf 86' lang='lat' dir='ltr'>quam</span> <span class='ocrx_word' id='word_1_498' title='bbox 1870 2795 1930 2826; x_wconf 88' lang='lat' dir='ltr'>per</span> 
     </span>
     <span class='ocr_line' id='line_1_43' title="bbox 117 2849 1929 2891; baseline -0.002 -9"><span class='ocrx_word' id='word_1_499' title='bbox 117 2851 389 2883; x_wconf 79' lang='lat' dir='ltr'>informacionem</span> <span class='ocrx_word' id='word_1_500' title='bbox 415 2860 474 2891; x_wconf 89' lang='lat' dir='ltr'>per</span> <span class='ocrx_word' id='word_1_501' title='bbox 499 2859 560 2882; x_wconf 93' lang='lat' dir='ltr'>nos</span> <span class='ocrx_word' id='word_1_502' title='bbox 586 2853 807 2891; x_wconf 89' lang='lat' dir='ltr'>assumptam,</span> <span class='ocrx_word' id='word_1_503' title='bbox 833 2850 1100 2890; x_wconf 87' lang='lat' dir='ltr'>suprascriptum</span> <span class='ocrx_word' id='word_1_504' title='bbox 1127 2849 1278 2881; x_wconf 89' lang='lat' dir='ltr'>sedimen</span> <span class='ocrx_word' id='word_1_505' title='bbox 1294 2849 1482 2881; x_wconf 88' lang='lat' dir='ltr'>tabularum</span> <span class='ocrx_word' id='word_1_506' title='bbox 1509 2851 1664 2889; x_wconf 88' lang='lat' dir='ltr'>quatuor,</span> <span class='ocrx_word' id='word_1_507' title='bbox 1690 2849 1731 2880; x_wconf 92' lang='lat' dir='ltr'>de</span> <span class='ocrx_word' id='word_1_508' title='bbox 1758 2857 1836 2888; x_wconf 86' lang='lat' dir='ltr'>quo,</span> <span class='ocrx_word' id='word_1_509' title='bbox 1856 2849 1929 2885; x_wconf 91' lang='lat' dir='ltr'>etc.,</span> 
     </span>
     <span class='ocr_line' id='line_1_44' title="bbox 117 2910 1928 2950; baseline -0.002 -5"><span class='ocrx_word' id='word_1_510' title='bbox 117 2913 186 2945; x_wconf 85' lang='lat' dir='ltr'>fore</span> <span class='ocrx_word' id='word_1_511' title='bbox 211 2915 241 2945; x_wconf 88' lang='lat' dir='ltr'>et</span> <span class='ocrx_word' id='word_1_512' title='bbox 264 2922 340 2945; x_wconf 89' lang='lat' dir='ltr'>esse</span> <span class='ocrx_word' id='word_1_513' title='bbox 365 2914 406 2945; x_wconf 89' lang='lat' dir='ltr'>ad</span> <span class='ocrx_word' id='word_1_514' title='bbox 434 2913 613 2945; x_wconf 91' lang='lat' dir='ltr'>comodum</span> <span class='ocrx_word' id='word_1_515' title='bbox 639 2922 699 2945; x_wconf 90' lang='lat' dir='ltr'>seu</span> <span class='ocrx_word' id='word_1_516' title='bbox 726 2913 954 2944; x_wconf 87' lang='lat' dir='ltr'>necessarium</span> <span class='ocrx_word' id='word_1_517' title='bbox 981 2912 1081 2943; x_wconf 87' lang='lat' dir='ltr'>dictis</span> <span class='ocrx_word' id='word_1_518' title='bbox 1106 2911 1253 2943; x_wconf 88' lang='lat' dir='ltr'>dominis</span> <span class='ocrx_word' id='word_1_519' title='bbox 1278 2910 1384 2943; x_wconf 80' lang='lat' dir='ltr'>Priori</span> <span class='ocrx_word' id='word_1_520' title='bbox 1411 2913 1442 2943; x_wconf 89' lang='lat' dir='ltr'>et</span> <span class='ocrx_word' id='word_1_521' title='bbox 1467 2911 1626 2942; x_wconf 86' lang='lat' dir='ltr'>fratribus</span> <span class='ocrx_word' id='word_1_522' title='bbox 1652 2912 1682 2942; x_wconf 92' lang='lat' dir='ltr'>et</span> <span class='ocrx_word' id='word_1_523' title='bbox 1717 2919 1776 2950; x_wconf 91' lang='lat' dir='ltr'>pro</span> <span class='ocrx_word' id='word_1_524' title='bbox 1814 2918 1928 2941; x_wconf 87' lang='lat' dir='ltr'>eorum</span> 
     </span>
     <span class='ocr_line' id='line_1_45' title="bbox 117 2971 1928 3016; baseline -0.003 -9"><span class='ocrx_word' id='word_1_525' title='bbox 117 2984 191 3013; x_wconf 90' lang='lat' dir='ltr'>usu,</span> <span class='ocrx_word' id='word_1_526' title='bbox 217 2976 376 3016; x_wconf 89' lang='lat' dir='ltr'>quodque</span> <span class='ocrx_word' id='word_1_527' title='bbox 403 2984 468 3007; x_wconf 91' lang='lat' dir='ltr'>non</span> <span class='ocrx_word' id='word_1_528' title='bbox 494 2977 559 3007; x_wconf 92' lang='lat' dir='ltr'>tam</span> <span class='ocrx_word' id='word_1_529' title='bbox 586 2975 627 3007; x_wconf 88' lang='lat' dir='ltr'>ad</span> <span class='ocrx_word' id='word_1_530' title='bbox 654 2975 868 3006; x_wconf 90' lang='lat' dir='ltr'>incomodum</span> <span class='ocrx_word' id='word_1_531' title='bbox 896 2974 1122 3014; x_wconf 90' lang='lat' dir='ltr'>predictorum</span> <span class='ocrx_word' id='word_1_532' title='bbox 1149 2973 1361 3004; x_wconf 88' lang='lat' dir='ltr'>dominorum</span> <span class='ocrx_word' id='word_1_533' title='bbox 1388 2972 1542 3011; x_wconf 83' lang='lat' dir='ltr'>Abbatis,</span> <span class='ocrx_word' id='word_1_534' title='bbox 1568 2971 1829 3009; x_wconf 89' lang='lat' dir='ltr'>Canonicorum,</span> <span class='ocrx_word' id='word_1_535' title='bbox 1855 2973 1928 3008; x_wconf 86' lang='lat' dir='ltr'>etc.,</span> 
     </span>
     <span class='ocr_line' id='line_1_46' title="bbox 115 3033 1930 3078; baseline -0.003 -9"><span class='ocrx_word' id='word_1_536' title='bbox 115 3046 216 3078; x_wconf 88' lang='lat' dir='ltr'>quam</span> <span class='ocrx_word' id='word_1_537' title='bbox 242 3037 283 3069; x_wconf 89' lang='lat' dir='ltr'>ad</span> <span class='ocrx_word' id='word_1_538' title='bbox 311 3038 460 3078; x_wconf 92' lang='lat' dir='ltr'>ipsorum</span> <span class='ocrx_word' id='word_1_539' title='bbox 485 3037 696 3068; x_wconf 90' lang='lat' dir='ltr'>dominorum</span> <span class='ocrx_word' id='word_1_540' title='bbox 723 3036 848 3068; x_wconf 82' lang='lat' dir='ltr'>Prioris</span> <span class='ocrx_word' id='word_1_541' title='bbox 873 3037 904 3068; x_wconf 90' lang='lat' dir='ltr'>et</span> <span class='ocrx_word' id='word_1_542' title='bbox 929 3035 1065 3067; x_wconf 89' lang='lat' dir='ltr'>fratrum</span> <span class='ocrx_word' id='word_1_543' title='bbox 1092 3035 1272 3066; x_wconf 91' lang='lat' dir='ltr'>comodum</span> <span class='ocrx_word' id='word_1_544' title='bbox 1298 3035 1505 3073; x_wconf 88' lang='lat' dir='ltr'>redondare;</span> <span class='ocrx_word' id='word_1_545' title='bbox 1532 3043 1592 3075; x_wconf 92' lang='lat' dir='ltr'>pro</span> <span class='ocrx_word' id='word_1_546' title='bbox 1618 3035 1720 3071; x_wconf 87' lang='lat' dir='ltr'>tanto,</span> <span class='ocrx_word' id='word_1_547' title='bbox 1740 3033 1853 3064; x_wconf 86' lang='lat' dir='ltr'>habita</span> <span class='ocrx_word' id='word_1_548' title='bbox 1879 3033 1930 3063; x_wconf 92' lang='lat' dir='ltr'>di-</span> 
     </span>
    </p>
   </div>
   <div class='ocr_carea' id='block_1_3' title="bbox 781 3132 801 3141">
    <p class='ocr_par' dir='ltr' id='par_1_7' title="bbox 781 3132 801 3141">
     <span class='ocr_line' id='line_1_47' title="bbox 781 3132 801 3141; baseline 0 -5"><span class='ocrx_word' id='word_1_549' title='bbox 781 3132 801 3141; x_wconf 65' lang='lat' dir='ltr'><em>r</em></span> 
     </span>
    </p>
   </div>
  </div>
 </body>
</html>
