2347 3444
363 208 405 239 54

1169 402 1365 442 CXCV.

448 509 553 537 Frate
579 509 738 538 Gerardo
765 510 807 537 da
835 510 963 537 Rimini
991 510 1112 538 Priore
1139 510 1311 538 Generale
1337 511 1519 539 autorizza
1546 512 1579 540 la
1606 513 1748 541 vendita
1774 513 1808 541 di
1835 513 1958 542 alcune
1994 514 2171 550 proprieta

358 562 393 590 di
420 562 454 590 S.
482 563 663 591 Mostiola.

948 632 1099 662 1436,
1128 634 1472 663 11‹›x-01111)x·e,
1501 634 1591 659 20.

909 720 984 740 ‹Arclr
1003 720 1081 740 Notas.
1099 720 1120 740 di
1138 720 1207 740 Pavin
1225 732 1247 733 j
1264 720 1311 741 Atti
1328 721 1348 741 di
1366 721 1479 746 Agostino
1495 721 1621 746 Baracclii).

440 903 526 1018 F
599 921 718 949 Rari-:R
744 915 917 949 Gerardus
943 918 983 949 de
1010 917 1159 949 Arimino
1185 927 1279 950 sacre
1305 920 1427 960 pagine
1454 920 1619 960 pofessor,
1646 919 1741 951 Prior
1766 919 1955 952 Generallis
1997 921 2170 953 inmeritus

620 978 758 1011 Ordinis
796 979 945 1011 Fratrum
985 980 1226 1012 Heremitarum
1265 983 1370 1013 sancti
1409 981 1600 1022 Augustini,
1639 982 1903 1013 venerabillibus
1929 985 1960 1014 et
1991 982 2170 1023 relligiosis

620 1042 700 1073 viris
727 1042 825 1073 nobis
851 1043 881 1073 in
909 1041 1045 1074 Christo
1086 1043 1229 1075 dillectis
1267 1043 1371 1075 Priori
1410 1045 1598 1085 ceterisque
1635 1044 1792 1076 Patribus
1817 1047 1847 1076 et
1874 1044 2044 1076 Fratribus
2081 1043 2171 1077 Con—

354 1106 473 1134 ventus
498 1105 613 1135 sancte
640 1104 813 1135 Mustiolle
839 1105 880 1136 de
908 1104 1023 1145 Papia,
1050 1104 1188 1137 Ordinis
1206 1108 1237 1137 et
1255 1105 1433 1138 Provincie
1453 1105 1565 1138 Sancti
1594 1106 1785 1147 Augustini,
1811 1107 1952 1139 salutem
1973 1107 2004 1138 in
2024 1106 2169 1139 Domino

352 1165 600 1205 sempiternam.

440 1227 547 1259 Vestri
574 1231 667 1268 parte
693 1229 792 1260 nobis
817 1230 926 1261 extitit
953 1230 1139 1261 intimatum
1166 1230 1256 1270 quod
1284 1239 1345 1270 pro
1373 1231 1461 1261 bono
1480 1234 1509 1262 et
1530 1231 1681 1263 utillitate
1699 1230 1897 1263 Conventus
1916 1231 2039 1263 vellitis
2056 1231 2168 1272 aliqua

352 1290 438 1321 bona
466 1291 648 1322 immobilia
676 1292 822 1323 vendere
848 1294 878 1323 et
904 1292 1060 1330 alienare,
1087 1292 1178 1332 quod
1205 1292 1283 1332 quia
1309 1292 1382 1323 sine
1409 1295 1523 1324 nostra
1548 1294 1744 1325 auctoritate
1781 1293 1890 1325 facere
1922 1303 1986 1325 non
2014 1293 2167 1334 potestis,

350 1352 437 1383 illam
465 1362 482 1384 a
509 1353 607 1384 nobis
634 1353 829 1394 imploratis.
857 1353 934 1385 ldeo
961 1355 1081 1386 vestris
1108 1355 1266 1395 precibus
1293 1354 1452 1392 inclinati,
1479 1357 1592 1386 tenore
1619 1356 1835 1396 presentium,
1877 1356 1976 1387 vobis
2013 1356 2171 1387 concedi-

350 1424 423 1446 mus
449 1416 540 1455 quod
567 1416 608 1447 de
634 1417 795 1456 predictis
822 1417 921 1448 bonis
947 1417 1088 1457 possitis
1114 1417 1260 1448 vendere
1280 1418 1310 1448 et
1329 1417 1484 1454 alienare,
1511 1417 1608 1449 sicuti
1636 1418 1735 1449 vobis
1754 1418 1933 1456 videbitur,
1952 1418 2030 1449 dum
2057 1420 2167 1450 tamen

349 1477 378 1507 in
405 1478 563 1509 omnibus
589 1487 648 1518 per
667 1487 727 1509 vos
747 1479 878 1517 fiendis,
905 1488 1095 1510 consensus
1123 1479 1340 1510 venerabillis
1366 1480 1515 1520 magistri
1536 1479 1662 1511 Alberti
1682 1480 1723 1512 de
1741 1478 1874 1521 Crispis
1893 1480 2090 1512 interveniat
2108 1477 2168 1519 (l),

347 1540 374 1570 si
401 1540 532 1571 adderit
559 1541 589 1571 in
617 1539 805 1572 Provincia.
835 1540 873 1572 Et
899 1541 989 1581 quod
1017 1541 1136 1572 eodem
1164 1541 1265 1572 modo
1292 1541 1433 1572 valeatis
1459 1543 1701 1582 possessiones
1728 1545 1858 1574 vestras
1883 1543 1924 1574 ad
1951 1543 2063 1574 fictum
2094 1551 2168 1582 per-

347 1604 484 1642 petuum
512 1603 714 1643 cuicumque
742 1603 915 1635 volueritis
941 1603 1031 1634 dare.
1059 1602 1108 1634 De
1135 1603 1337 1634 vendicione
1363 1606 1474 1635 autem
1502 1604 1659 1635 volumus
1685 1605 1776 1645 quod
1804 1605 1835 1636 in
1862 1605 1981 1636 melius
2019 1613 2168 1636 commu-

346 1668 431 1695 tetur
456 1668 512 1696 aut
540 1665 677 1703 utillius,
704 1666 925 1697 decernentes
952 1666 983 1697 id
1012 1666 1110 1697 vobis
1137 1674 1213 1697 esse
1241 1665 1361 1696 melius
1388 1668 1418 1696 et
1444 1666 1569 1704 utilius,
1595 1667 1686 1706 quod
1715 1667 1745 1697 in
1766 1666 1945 1698 lieditliciis
1975 1668 2163 1698 vestrorum

345 1724 583 1758 Conventuum
610 1729 641 1759 et
667 1728 860 1760 eorumdem
888 1729 1105 1768 reparacione
1131 1727 1324 1768 exponitur,
1343 1730 1376 1758 ut
1396 1727 1528 1760 Fratres
1555 1729 1655 1760 vestri
1676 1729 1707 1759 in
1727 1729 1812 1769 ipsis
1839 1729 1971 1760 valeant
1991 1729 2166 1760 honestius

346 1789 456 1821 locari.
484 1789 558 1821 Dat.
586 1791 616 1821 in
645 1794 759 1821 nostro
785 1789 963 1822 Conventu
991 1791 1175 1828 faventino,
1202 1789 1299 1821 Anno
1326 1788 1459 1821 Domini
1494 1789 1748 1823 MCCCCXXX
1787 1794 1895 1829 sexto,
1921 1792 1974 1823 die
2001 1791 2166 1832 vigesimo

344 1854 443 1883 sexto
470 1853 674 1890 novembris,
701 1853 915 1893 generalatus
942 1854 1044 1885 nostri
1072 1852 1183 1885 Officii
1211 1854 1275 1885 sub
1302 1852 1424 1892 sigillo.
1452 1853 1485 1885 F.
1513 1852 1553 1886 G.
1580 1854 1621 1886 de
1649 1853 1799 1885 Arimino
1825 1852 1865 1886 G.

1139 2020 1351 2061 CXCVI
1360 2052 1368 2060 .

434 2129 660 2158 Fondazione
687 2129 780 2158 della
806 2129 975 2166 Cappella
1000 2129 1056 2158 dei
1083 2129 1175 2158 santi
1202 2129 1355 2158 Antonio
1382 2130 1423 2158 ed
1450 2129 1650 2158 Elisabetta
1677 2129 1710 2157 in
1736 2130 1771 2158 S.
1799 2129 1980 2158 Mostiola.

1023 2234 1178 2267 1437,
1208 2240 1429 2266 n1ar209
1459 2235 1511 2259 4.

854 2323 929 2347 (Arch.
947 2323 1026 2345 Notat<
1044 2324 1065 2344 di
1082 2323 1152 2344 Pavia
1168 2335 1193 2337 —
1209 2324 1256 2345 Atti
1272 2324 1294 2344 di
1310 2323 1423 2349 Agostino
1440 2323 1568 2346 Saraceni).

450 2508 496 2624 Ι
587 2527 610 2553 Ν
636 2523 770 2553 nomine
796 2521 930 2553 Domini
957 2521 1074 2553 Amen.
1102 2521 1199 2553 Anno
1224 2522 1266 2553 ab
1293 2521 1445 2553 eiusdem
1471 2520 1596 2552 domini
1624 2520 1797 2551 nativitate
1824 2519 2001 2551 millesimo
2027 2519 2162 2560 quadri-

609 2585 792 2616 centesimo
818 2584 990 2625 trigesimo
1016 2584 1170 2624 septimo,
1197 2584 1447 2624 quintadecima
1475 2583 1646 2620 inditione,
1672 2582 1725 2613 die
1751 2584 1871 2622 quarto
1890 2583 2016 2613 mensis
2035 2583 2159 2620 marcii,

401 2683 407 2684 ⁷
610 2647 688 2677 bora
716 2646 786 2677 Ave
813 2646 920 2677 Maria
945 2646 986 2677 de
1013 2655 1089 2677 sero
1115 2648 1145 2677 et
1172 2645 1273 2686 paulo
1300 2648 1377 2686 post
1409 2654 1529 2676 sonum
1566 2645 1654 2676 dicte
1681 2643 1752 2675 Ave
1779 2644 1895 2682 Marie‚
1933 2644 2159 2676 existentibus

345 2709 567 2741 luminaribus
593 2709 633 2739 ad
661 2709 887 2748 cognitionem
915 2709 1126 2739 dominorum
1154 2707 1279 2739 Prioris
1305 2710 1335 2739 et
1362 2707 1510 2738 Fratrum
1537 2715 1575 2737 ac
1601 2706 1726 2737 domini
1755 2705 1934 2747 Augustini
1969 2708 1999 2737 et
2025 2706 2159 2738 testium

344 2773 384 2804 de
410 2773 534 2812 quibus
561 2771 655 2802 infra.
683 2771 715 2801 ln
742 2771 877 2802 civitate
905 2770 1020 2810 Papie,
1047 2771 1203 2802 videlicet
1222 2771 1253 2801 in
1273 2770 1427 2801 sacristia
1445 2769 1589 2801 ecclesie
1607 2770 1723 2800 sancte
1743 2768 1916 2800 Mustiolle
1936 2767 2076 2800 Ordinis
2094 2768 2160 2800 l-le-

345 2835 535 2866 remitarum
563 2833 669 2865 sancti
697 2832 875 2873 Augustini
902 2833 965 2864 sita
993 2833 1023 2863 in
1051 2831 1215 2864 Farocliia
1241 2832 1348 2864 sancti
1375 2829 1588 2863 Columbani.
1629 2829 1744 2871 Ibique
1781 2832 1980 2868 convocato,
2018 2830 2160 2862 collecto

344 2900 375 2928 et
400 2897 604 2937 congregato
630 2898 797 2926 conventu
825 2895 912 2926 dicte
938 2895 1082 2926 ecclesie
1107 2897 1224 2926 sancte
1249 2893 1434 2931 Mustiolle,
1460 2901 1545 2925 sono
1571 2892 1779 2933 campanelle
1806 2893 1983 2933 premisso,
1999 2894 2033 2924 ut
2059 2893 2160 2924 moris

1279 3051 1351 3072 dunza
1367 3056 1379 3072 e
1394 3050 1501 3071 saviczza
1517 3050 1538 3070 di
1554 3050 1592 3071 lui,
1609 3049 1697 3074 Qucsia
1719 3050 1801 3071 lettera
1817 3050 1829 3070 ὸ
1845 3050 1907 3071 unita
1922 3050 1943 3070 al
1958 3049 2098 3071 documento
2119 3048 2155 3070 del

401 3054 431 3078 (l)
448 3053 506 3074 Ecco
522 3053 626 3074 un'altra
643 3058 713 3078 prova
730 3052 788 3073 della
805 3052 896 3077 liducia,
912 3052 952 3073 che
969 3052 982 3072 il
995 3051 1105 3072 Generale
1121 3051 1223 3072 Gerardo

1279 3095 1292 3115 6
1307 3101 1384 3116 marzo
1403 3095 1451 3116 1437
1466 3096 1496 3118 tn*
1513 3094 1629 3120 cxcvn),
1645 3100 1688 3115 ove
1703 3100 1728 3115 se
1744 3100 1770 3115 ne
1786 3094 1890 3116 descrive
1905 3095 1977 3115 anche
1993 3094 2006 3115 il
2023 3094 2105 3119 sigillo.

349 3099 377 3119 da
395 3098 474 3119 Riinini
491 3098 600 3123 riponeva
617 3097 637 3118 in
654 3097 711 3118 irate
727 3097 846 3118 Albertino
862 3096 950 3122 Crespi,
967 3102 978 3117 e
994 3096 1072 3122 quindi
1089 3096 1148 3116 della
1173 3102 1225 3122 pru-
