2347 3444
307 212 372 243 358

391 346 467 377 Item
496 347 638 378 instituit
664 347 728 378 sibi
757 348 912 378 heredem
940 347 1163 378 universalem
1191 348 1457 387 suprascriptum
1484 348 1657 379 dominum
1685 348 1954 380 Bertltolameum
1981 350 2054 380 eius
2079 351 2125 381 te-

301 409 437 439 statoris
464 412 635 449 patrem...
663 410 722 440 liac
742 412 850 440 tamen
878 410 949 449 lege
975 413 1006 441 et
1032 410 1241 445 condicione,
1269 409 1434 446 videlicet,
1461 410 1552 449 quod
1579 411 1605 441 si
1634 411 1705 450 ipse
1732 410 1890 441 dominus
1908 413 2046 442 testator
2066 421 2125 442 vo-

302 471 397 501 luerit
423 474 451 502 et
479 480 536 502 seu
566 472 650 502 velle
678 472 799 503 liabere
825 472 972 512 ellegerit
1000 481 1059 512 pro
1086 481 1121 502 se
1149 472 1234 512 ipso.
1261 474 1290 502 et
1318 480 1382 501 non
1410 471 1516 502 alliter
1542 480 1600 502 nec
1626 471 1692 502 alio
1712 472 1823 509 modo,
1850 472 1889 502 de
1917 473 2000 512 ipsis
2027 472 2125 503 benis

301 534 408 573 ipsius
435 534 560 564 domini
588 535 759 565 testatoris
787 543 894 574 usque
920 534 961 564 ad
989 542 1152 565 suminam
1181 533 1338 564 librarum
1378 536 1558 563 tercentum
1598 536 1728 564 monete
1767 534 1951 571 immensis,
1989 543 2049 574 pro
2076 534 2124 565 di-

298 596 496 627 stribuendo
523 598 553 627 in
580 597 790 633 ellimosinis,
817 606 929 627 amore
957 595 1027 636 Dey
1054 599 1084 626 et
1111 605 1170 636 pro
1196 604 1298 626 causa
1318 595 1505 626 studiorum
1533 604 1570 626 ac
1596 595 1672 626 aliis
1697 596 1770 627 eius
1797 596 1922 626 domini
1954 597 2123 627 testatoris

298 659 568 693 necessitatibus,
598 660 688 699 quod
717 663 792 690 tunc
819 663 848 689 et
875 668 914 689 eo
941 667 1020 689 casu
1060 658 1169 689 dictus
1207 658 1366 688 dominus
1404 657 1660 688 Bertholameus
1696 658 1769 689 eius
1796 659 1891 689 lieres
1918 658 2121 690 universalis

298 724 491 752 teneatur...
520 722 549 752 in
579 725 669 761 parte
697 722 768 751 sive
797 722 826 751 in
855 723 970 755 toturn,
997 723 1027 751 et
1053 720 1095 751 ad
1122 729 1254 751 omnem
1281 720 1354 750 eius
1381 720 1507 750 domini
1528 720 1699 751 testatoris
1718 720 2024 760 requisieionem....
2044 720 2122 751 dare

295 787 325 814 et
352 784 527 814 salvem...
556 784 737 823 predictam
765 791 929 813 sumniam
947 786 1078 813 monete
1095 782 1193 813 lanue
1209 782 1320 813 modis
1333 785 1363 813 et
1382 781 1499 812 formis
1519 782 1678 822 predictis
1704 784 1734 813 et
1761 791 1825 813 non
1852 782 1946 813 aliter
1965 792 2024 814 nec
2051 783 2117 814 alio

298 846 398 876 modo
419 855 476 876 nec
502 846 599 886 alicuj
627 846 728 876 altere
756 853 910 885 persone,
936 845 1087 882 ecclesie,
1104 844 1154 875 vel
1173 844 1378 875 monasterio
1394 844 1463 874 nixi
1480 844 1520 875 de
1536 844 1707 875 voluntate
1735 845 1844 884 ipsius
1871 844 1996 875 domini
2024 847 2125 876 testa-

297 909 396 942 toris:
413 909 453 938 de
469 908 593 948 quibus
609 908 762 947 pecuniis
782 908 853 947 ipse
869 908 1028 938 dominus
1043 910 1182 938 testator
1209 907 1314 937 voluit
1340 909 1370 937 et
1397 907 1477 944 vult,
1492 910 1522 937 et
1539 907 1568 937 in
1585 915 1663 938 casu
1684 916 1751 946 quo
1777 907 1925 947 ellegerit
1952 910 1984 938 ut
2011 916 2123 948 supra,

297 979 398 1010 posse
425 971 605 1010 disponere
632 974 709 1005 tute,
738 969 839 1000 libere
865 972 895 1000 et
923 970 1058 1009 impune
1084 973 1114 1000 et
1142 970 1213 1000 sine
1240 969 1383 1000 alicuius
1410 978 1553 1009 persone
1580 969 1720 1000 ecclesie
1747 969 1798 1000 vel
1826 970 2018 1000 monasterii
2045 978 2124 1000 con-

295 1033 491 1064 tradictione
519 1033 568 1063 vel
597 1033 835 1073 prohibitione,
861 1032 1034 1072 aliquibus
1061 1032 1192 1072 legibus
1220 1033 1249 1063 in
1277 1032 1478 1063 contrarium
1506 1031 1708 1063 facientibus
1727 1041 1792 1062 non
1811 1033 1957 1063 attentis.
1978 1031 2121 1072 thuod

296 1096 367 1135 ips:
394 1096 552 1126 dominus
579 1099 716 1126 testator
743 1104 808 1125 non
836 1095 945 1135 possit
971 1098 1085 1126 contra
1111 1095 1184 1125 eius
1211 1095 1295 1125 velle
1321 1104 1379 1135 per
1404 1094 1551 1134 aliquam
1579 1103 1770 1134 personam,
1788 1095 1963 1126 ecclesiam
1984 1094 2034 1125 vel
2054 1103 2123 1125 mo—

296 1158 474 1187 nasterium
501 1157 575 1196 cogi
602 1161 632 1187 et
658 1157 813 1197 compelli
841 1157 882 1187 ad
910 1157 1017 1188 dictas
1055 1157 1216 1197 pecunias
1242 1165 1300 1187 seu
1328 1159 1454 1196 partein
1495 1156 1642 1196 aliquam
1681 1165 1793 1187 earum
1821 1157 1966 1197 elligere,
2001 1159 2122 1197 petere,

295 1220 344 1250 vel
371 1220 465 1250 aliter
491 1220 672 1259 disponere
699 1220 768 1250 nixi
796 1222 894 1260 prout
920 1228 1033 1260 supra,
1059 1222 1089 1250 et
1115 1228 1196 1250 casu
1223 1229 1291 1259 quo
1318 1228 1375 1259 per
1401 1219 1547 1259 aliquem
1575 1219 1804 1259 quovismodo
1829 1222 2003 1259 cogeretur
2028 1219 2122 1250 aliter

293 1285 403 1322 p2tere
431 1282 481 1313 vel
509 1282 656 1323 elligere,
683 1282 775 1322 quod
802 1292 841 1313 eo
868 1291 948 1313 casu
976 1282 1086 1313 dictus
1112 1283 1185 1314 eius
1212 1283 1308 1313 lieres
1333 1282 1375 1313 ad
1403 1282 1435 1313 id
1463 1291 1528 1312 non
1555 1284 1750 1313 teneatur....

383 1344 420 1375 Et
447 1345 534 1382 inde,
560 1348 620 1376 etc.
649 1344 868 1376 Presentibus
902 1345 1088 1385 spectabile
1114 1347 1145 1376 et
1170 1345 1321 1376 exhimio
1359 1345 1440 1376 iuris
1478 1345 1654 1384 utriusque
1691 1345 1829 1376 doctore
1868 1343 1907 1375 D.
1935 1343 2122 1375 Ambroxio

292 1406 422 1447 Cepola
449 1408 489 1438 de
516 1407 694 1449 Albenglia
722 1409 888 1449 magnifici
917 1408 1043 1439 domini
1072 1407 1220 1439 Pretoris
1248 1406 1351 1448 Papie
1378 1407 1522 1445 Vicario,
1549 1410 1609 1438 etc.

1040 1602 1379 1643 DCXXXIII.

384 1722 483 1749 Dono
509 1721 542 1749 di
570 1730 614 1749 un
638 1720 738 1757 pallio
763 1729 823 1757 per
848 1721 879 1748 la
903 1721 1077 1757 sepoltura
1101 1720 1155 1749 del
1179 1719 1290 1748 nobile
1315 1719 1488 1748 Lodovico
1513 1720 1682 1748 Tremont
1706 1719 1739 1748 in
1763 1720 1796 1748 S.
1824 1719 1999 1756 Agostino.

952 1842 1118 1872 1499,
1151 1843 1400 1873 ottolvre9
1430 1842 1468 1866 1.

830 1940 907 1962 tArcb⁴
925 1940 1006 1960 Notar.
1023 1940 1045 1960 dl
1063 1939 1141 1960 Paviss.
1159 1950 1183 1953 -
1199 1939 1247 1960 Atti
1264 1939 1286 1959 di
1303 1939 1361 1960 Gian
1379 1939 1456 1960 pietro
1469 1939 1589 1960 lniodellii.

399 2135 446 2250 I
542 2153 565 2179 N
592 2149 746 2179 sacristia
773 2148 967 2179 monasterii
995 2148 1101 2179 sancti
1130 2147 1309 2187 Augustini
1336 2146 1476 2179 Ordinis
1518 2146 1760 2178 l-leremitarum
1797 2146 1902 2177 sancti
1942 2145 2122 2186 Augustini

563 2212 616 2243 siti
645 2212 675 2242 in
702 2210 868 2243 Citadella
896 2210 1034 2250 Papie...
1061 2210 1196 2241 Nobilis
1223 2209 1342 2241 Petrus
1368 2209 1523 2247 Dutono,
1550 2209 1698 2240 diocesis
1723 2209 1928 2245 rutinensis,
1966 2208 2124 2248 parochie

509 2310 534 2311 ἶ
562 2274 667 2305 sancti
705 2272 864 2305 Cosme...
899 2273 1039 2304 donavit
1065 2275 1095 2303 et
1121 2273 1225 2303 donat
1258 2271 1512 2303 venerabilibus
1550 2271 1688 2302 domino
1725 2270 1816 2301 fratri
1855 2270 1971 2301 Nicole
1997 2270 2038 2301 de
2065 2270 2125 2301 Fa-

299 2337 408 2368 zardis
435 2337 615 2377 subpriori,
653 2336 814 2376 magistro
841 2335 978 2366 Iohanni
1007 2335 1046 2366 de
1073 2337 1191 2366 sancto
1218 2334 1366 2375 Angelo,
1404 2334 1565 2374 magistro
1603 2332 1749 2364 Antonio
1776 2333 1816 2363 de
1843 2332 1903 2363 Ast
1928 2334 1959 2363 et
1985 2332 2123 2363 domino

299 2400 389 2430 fratri
417 2398 566 2431 Gabrieli
594 2399 634 2429 de
662 2397 767 2438 Papia
794 2397 906 2428 lectori
934 2398 1155 2437 suprascripti
1184 2397 1377 2428 monasterii
1409 2396 1513 2427 sancti
1534 2395 1714 2435 Augustini
1734 2394 1778 2425 ibi
1799 2394 2048 2434 presentibus...
2067 2403 2126 2434 pa-

301 2463 378 2492 lium
407 2471 507 2492 unum
535 2461 636 2492 veluti
665 2461 748 2501 nigri
775 2469 849 2491 cum
877 2468 942 2490 una
968 2468 1064 2490 cruce
1090 2459 1167 2490 alba
1195 2460 1225 2490 in
1253 2459 1375 2496 medio,
1402 2458 1525 2489 ibidem
1552 2457 1726 2488 actualiter
1744 2457 1925 2488 tradditum
1952 2459 1982 2488 et
2009 2457 2122 2488 datum

368 2533 427 2564 pro
454 2523 612 2563 ponendo
639 2525 737 2563 prout
764 2523 912 2562 positum
939 2521 1010 2559 fuit,
1038 2522 1161 2552 ibidem
1190 2522 1220 2552 in
1247 2521 1420 2561 presencia
1459 2521 1521 2551 mei
1559 2520 1678 2550 notarii
1704 2522 1735 2550 et
1761 2520 1894 2550 testium
1933 2518 2125 2559 infrascrip—

301 2590 427 2621 torum,
454 2594 554 2625 super
581 2585 753 2625 sepultura
780 2584 922 2615 condam
951 2583 1075 2614 nobilis
1102 2584 1229 2614 domini
1258 2583 1419 2614 Ludovici
1447 2582 1687 2613 Theramontis
1713 2582 1861 2612 diocesis
1900 2581 2057 2618 Lodoco,
2094 2583 2124 2612 et

302 2658 361 2688 pro
388 2658 427 2679 eo
455 2648 498 2678 ibi
527 2656 628 2687 super
655 2648 775 2678 dictam
804 2646 1010 2686 sepulturam
1038 2646 1184 2679 tenendo
1210 2646 1368 2676 continue
1393 2648 1424 2676 et
1449 2645 1645 2675 continuato
1683 2647 1854 2684 tempore,
1891 2645 1956 2674 tam
1994 2643 2035 2674 de
2072 2643 2125 2674 die

301 2719 400 2750 quam
428 2710 468 2740 de
495 2713 590 2740 nocte
617 2718 674 2749 per
701 2718 801 2739 unum
828 2717 951 2739 annum
978 2710 1009 2739 et
1036 2717 1134 2739 unam
1161 2708 1248 2740 diem
1277 2707 1430 2747 proxime
1448 2706 1592 2737 futuram
1608 2708 1726 2737 etcum
1743 2706 1803 2736 liae
1818 2705 2016 2736 condicione
2032 2705 2123 2745 quod

303 2773 346 2803 ibi
373 2781 474 2812 super
500 2772 621 2802 dictam
649 2771 854 2810 sepulturam
882 2772 945 2801 stet
971 2772 1001 2801 et
1027 2772 1177 2801 teneatur
1213 2770 1371 2800 continue
1409 2778 1466 2809 per
1504 2769 1655 2809 spacium
1694 2767 1855 2807 temporis
1892 2767 2123 2807 suprascripti.

303 2834 340 2865 Et
368 2835 398 2865 in
425 2842 505 2864 casu
533 2842 600 2873 quo
627 2833 809 2872 reperiatur
836 2832 1066 2872 quovismodo
1092 2832 1216 2862 dictum
1244 2831 1369 2871 palium
1390 2831 1433 2862 ibi
1453 2831 1610 2862 continue
1628 2832 1659 2861 et
1676 2830 1871 2861 continuato
1890 2831 2038 2869 tempore
2057 2837 2122 2859 non

301 2897 414 2933 teneri,
440 2899 470 2927 et
498 2904 562 2926 non
589 2894 722 2931 adesse,
748 2897 825 2925 tunc
852 2896 882 2925 et
909 2895 939 2924 in
967 2894 1056 2924 dicto
1082 2902 1162 2925 casu
1189 2893 1259 2924 vult
1287 2893 1359 2934 ipse
1398 2893 1522 2924 nobilis
1550 2892 1667 2924 Petrus
1709 2892 1841 2922 donans
1867 2891 1958 2931 quod
1997 2891 2121 2922 dictum

303 2960 427 2999 palium
455 2959 497 2989 sit
523 2960 553 2989 et
579 2966 655 2988 esse
681 2957 801 2988 debeat
827 2958 857 2987 et
883 2966 923 2987 eo
949 2965 1029 2987 casu
1057 2956 1138 2986 illud
1165 2955 1323 2995 relinquit
1349 2955 1508 2996 hospitali
1536 2963 1658 2995 magno
1688 2953 1814 2994 papie,
1851 2954 1949 2984 etiam
1987 2953 2124 2993 quando

304 3022 366 3052 lioc
392 3030 456 3051 non
484 3023 571 3051 stare
590 3028 648 3051 seu
667 3019 789 3050 adesse
815 3027 916 3058 super
942 3018 1063 3049 dictam
1091 3017 1309 3058 sepulturam,
1329 3026 1394 3048 non
1415 3017 1608 3057 procederet
1626 3015 1725 3056 culpa
1743 3015 1955 3046 dominorum
1976 3014 2123 3046 Fratrum

302 3083 522 3123 suprascripti
550 3082 743 3113 monasterii
771 3081 830 3112 sed
856 3081 995 3112 alterius
1020 3080 1173 3111 cuiusvis
1197 3080 1297 3120 culpa
1324 3079 1494 3120 procedat.
1522 3078 1560 3110 Et
1577 3087 1618 3109 eo
1646 3086 1726 3109 casu
1754 3086 1821 3117 quo
1848 3077 1972 3108 dictum
1999 3077 2123 3117 palium
