2347 3444
1970 216 2034 248 245

223 346 339 376 sancto
366 343 471 376 Paulo
496 353 719 382 commorans,
745 344 990 385 professionem
1010 353 1104 377 suam
1123 344 1209 383 fecit,
1228 346 1303 376 ante
1321 344 1423 376 altare
1450 346 1557 376 maius
1576 346 1661 377 dicte
1679 347 1818 379 ecclesie
1836 349 2036 386 consistens,

221 406 411 438 astantibus
438 406 618 444 Fratribus,
645 407 676 438 in
704 407 859 438 manibus
886 407 1057 438 reverendi
1084 406 1209 438 domini
1238 405 1363 438 Prioris
1383 406 1595 448 infrascripti,
1615 408 1645 438 in
1663 408 1721 440 hec
1741 409 1852 447 verba,
1871 410 2035 441 videlicet:

313 468 382 509 Ego
408 468 507 500 frater
544 468 740 500 Adeodatus
777 469 817 500 de
858 469 1016 500 Vercellis
1053 468 1140 500 facio
1177 468 1422 509 professionem
1449 470 1479 500 et
1506 470 1663 509 promitto
1701 471 1926 502 obedientiam
1965 471 2036 502 Deo

223 529 452 570 Omnipotenti
472 533 502 562 et
521 530 621 562 Beate
648 531 754 562 Marie
780 540 911 571 semper
936 530 1074 571 Virgini,
1100 532 1131 562 et
1156 530 1215 562 tibi
1241 531 1324 571 patri
1351 530 1441 562 fratri
1463 530 1612 572 Remigio
1632 532 1672 563 de
1690 531 1905 564 Castronovo
1932 532 2035 564 Priori

222 594 409 624 conventus
435 593 540 624 sancti
568 592 661 624 Pauli
690 592 803 633 Papie,
831 594 963 624 nomine
988 595 1019 624 et
1045 593 1115 624 vice
1142 593 1289 634 magistri
1318 592 1486 625 Ambrosii
1513 593 1553 625 de
1579 592 1691 626 Chora
1719 593 1843 626 Prioris
1862 594 2037 627 Generalis

223 653 361 686 Ordinis
387 654 523 686 fratrum
562 655 801 687 l-leremitarum
840 656 944 687 sancti
983 655 1160 696 Augustini
1187 657 1218 687 et
1243 664 1476 687 successorum
1518 657 1590 688 eius
1626 658 1786 688 canonice
1825 658 2037 695 intrantium,

223 716 336 747 vivere
361 717 432 748 sine
459 718 595 757 proprio
621 720 652 748 et
679 718 708 748 in
735 718 887 749 castitate
913 718 1096 749 secundum
1123 718 1270 759 regulam
1298 718 1384 749 beati
1412 718 1589 759 Augustini
1618 727 1724 759 usque
1750 719 1791 750 ad
1819 721 1967 750 mortem.

314 777 531 810 presentibus
557 779 711 817 testibus,
737 782 797 811 etc.

964 972 1291 1013 CDLXXIII.

311 1079 417 1107 Frate
442 1079 671 1108 Bartolomeo
708 1080 883 1108 Fazzardi
921 1081 1037 1109 riceve
1063 1090 1107 1109 un
1142 1086 1350 1118 pagamento
1374 1090 1473 1110 come
1509 1086 1737 1118 procuratore
1775 1082 1866 1110 delle
1896 1083 2039 1118 Agosti-

222 1132 325 1160 niane
351 1132 386 1161 di
413 1133 448 1161 S.
475 1133 675 1163 Dalmazio.

851 1256 1013 1288 1482,
1042 1258 1270 1289 agosin),
1304 1257 1394 1282 29.

754 1344 831 1368 (Arch.
848 1345 927 1365 Notar.
945 1345 966 1365 di
983 1345 1060 1366 Pavia.
1077 1356 1102 1358 —
1117 1345 1164 1366 Atti
1181 1345 1202 1366 di
1219 1345 1330 1367 Giovanni
1347 1345 1509 1370 Gambarana).

289 1529 412 1645 N
472 1546 561 1573 ELLA
589 1541 678 1574 Casa
703 1542 757 1573 ciel
780 1543 901 1578 notaio,
928 1543 959 1574 ιή
996 1542 1194 1574 Puireccln'a
1231 1543 1266 1574 di
1300 1542 1333 1575 S.
1371 1543 1471 1574 Zeno.
1510 1542 1725 1576 Reverendus
1762 1546 1854 1584 pater
1880 1544 2037 1575 dominus

464 1597 465 1615 ³
498 1605 656 1645 magister
693 1605 923 1636 Bertolameus
960 1606 1000 1636 de
1027 1605 1194 1643 Fazardis,
1221 1614 1312 1637 sacre
1346 1606 1514 1647 theologie
1541 1605 1713 1646 professor
1738 1605 1876 1638 Ordinis
1901 1606 2036 1637 fratrum

250 1702 380 1703 „7er
445 1697 463 1704 ἶ,
492 1667 708 1698 Eremitarum
736 1669 839 1699 sancti
868 1667 1045 1708 Augustini
1073 1668 1256 1708 papiensis,
1283 1668 1434 1699 sindicus
1470 1670 1500 1699 et
1537 1670 1763 1708 procurator...
1797 1669 2036 1700 venerabilium

225 1729 436 1760 dominarum
464 1729 582 1761 Matris
609 1729 772 1761 Priorisse
798 1732 828 1761 et
855 1730 1053 1761 Monialium
1081 1731 1271 1761 monasterii
1300 1731 1403 1761 sancti
1443 1729 1598 1762 Dalmatii
1629 1729 1767 1762 Ordinis
1794 1731 1898 1762 sancti
1925 1730 2039 1771 Augu-

222 1792 299 1823 stini
324 1789 396 1831 (1),
438 1800 528 1823 come
565 1792 608 1823 dcl
633 1793 820 1823 istromento
852 1793 936 1823 1479
963 1793 1000 1823 II
1026 1792 1160 1829 ottobre,
1186 1794 1302 1832 rogato
1341 1791 1414 1824 Gio.
1441 1792 1566 1824 Matteo
1592 1792 1631 1824 de
1656 1793 1829 1832 Fagnan0‚
1867 1793 1969 1824 ri'ceve
1994 1793 2037 1824 a'a

224 1852 386 1886 Giacomo
412 1852 650 1894 Santagostino
677 1854 710 1885 L.
740 1855 803 1886 100
822 1863 883 1895 per
906 1853 981 1886 beni
1004 1863 1024 1885 a
1050 1854 1097 1886 lm'
1121 1854 1260 1886 vendidi.

276 2031 306 2056 (1)
321 2031 435 2052 Abbiamo
450 2031 547 2052 creduto
564 2031 621 2051 bene
643 2031 664 2051 di
681 2031 735 2051 dare
757 2031 829 2052 anche
852 2032 937 2056 questo
961 2031 1101 2052 documento
1156 2031 1197 2051 che
1214 2031 1251 2056 qui
1263 2036 1321 2051 sono
1337 2030 1401 2051 dette
1417 2030 1566 2056 Agostiuiane
1582 2030 1799 2056 deIl'Osservanza„
1810 2031 1831 2051 al
1847 2031 1882 2051 cui
1899 2032 2032 2052 monastero

225 2082 264 2102 per
276 2077 343 2102 poter
353 2076 469 2096 avvertire
480 2076 521 2096 che
532 2077 717 2096 costantemente
729 2076 748 2096 le
757 2075 908 2101 Agostiniane
920 2075 941 2095 di
951 2075 973 2095 S.
985 2075 1104 2095 Dalmazio
1159 2081 1261 2097 annexa.
1278 2075 1345 2095 unita
1361 2076 1384 2095 et
1399 2075 1559 2100 incorporata,
1576 2076 1720 2096 auctoritate
1735 2075 1883 2101 apostolica,
1897 2075 1995 2101 fuerunt
2010 2077 2033 2096 et

223 2126 328 2141 avevano
345 2125 385 2146 per
400 2120 449 2141 loro
466 2119 619 2140 Procuratore
635 2126 664 2140 un
681 2121 789 2146 religioso
805 2120 964 2145 Agostiniano.
982 2120 1004 2140 lu
1018 2121 1102 2145 questo
1157 2121 1213 2140 sunt
1228 2119 1375 2140 monasteria
1390 2120 1526 2140 sanctorum
1542 2119 1668 2145 Augustini
1683 2120 1706 2140 et
1725 2119 1838 2145 Agnetis.
1861 2120 1909 2140 sita
1931 2120 2031 2140 alterum

224 2164 310 2190 ufficio,
326 2165 346 2185 al
363 2164 421 2185 frate
437 2164 585 2185 Bartolomeo
601 2164 629 2184 da
650 2164 812 2190 Castellazzo,
835 2164 969 2185 succedette
986 2169 1025 2189 per
1042 2163 1108 2189 pochi
1165 2164 1188 2183 ιή
1205 2163 1315 2184 suburbii)
1331 2165 1353 2184 et
1368 2164 1468 2184 alterum
1485 2163 1508 2183 in
1525 2163 1620 2184 civitate
1642 2163 1751 2187 Novaria*y
1780 2164 1878 2184 Ordinis
1893 2164 1971 2184 sancti
1989 2163 2032 2184 Αιι-

225 2209 280 2229 mesi
297 2209 310 2229 il
325 2208 384 2229 frate
400 2208 548 2230 Bartolomeo
564 2209 683 2234 Fazzardi,
699 2209 792 2234 giacche
808 2209 828 2229 in
845 2214 874 2229 nn
887 2210 937 2229 atto
948 2208 983 2228 del
995 2208 1016 2228 21
1030 2208 1102 2233 aprile
1157 2208 1256 2233 guslirti,
1272 2208 1384 2233 eleggono
1400 2207 1459 2228 Suor
1475 2207 1595 2228 Prudenzn
1611 2208 1639 2228 da
1656 2207 1745 2228 Novate
1757 2208 1846 2228 vicaria
1858 2208 1894 2228 del
1905 2208 1971 2229 detto
1983 2208 2033 2229 Mo-

226 2253 284 2278 1483,
300 2254 382 2278 rogato
397 2253 426 2273 da
443 2252 562 2273 Leonardo
579 2252 681 2277 Buscati.
698 2253 812 2273 troviamo
828 2253 868 2273 che
883 2252 927 2272 alla
944 2258 1055 2277 presenza
1075 2252 1095 2272 di
1153 2253 1246 2272 nastero
1262 2251 1283 2272 di
1299 2251 1321 2272 S.
1339 2251 1437 2277 Agnese,
1454 2251 1503 2272 loro
1520 2251 1679 2272 procuratrice
1695 2257 1735 2277 per
1750 2251 1838 2277 esigere
1854 2252 1859 2272 i
1875 2252 1955 2272 crediti
1972 2252 2030 2277 degli

224 2296 282 2318 frate
298 2297 410 2318 Giovanni
426 2297 575 2318 Barroiomeo
598 2297 685 2318 Ferrari
710 2297 738 2317 da
760 2296 906 2318 Castellazzo
929 2297 948 2317 le
971 2297 1098 2321 Monache,
1154 2296 1273 2317 aecennati
1289 2295 1422 2316 monasterii
1438 2296 1552 2316 novaresi.
