2347 3444
335 228 376 259 62

333 362 553 393 ductionibus
589 363 723 394 testium
749 366 780 395 et
808 364 1103 395 instrumentorum
1141 368 1256 395 contra
1294 364 1442 404 predicta
1480 372 1517 395 ac
1557 363 1768 404 infrascripta
1805 365 1916 396 onmia
1943 368 1974 397 et
2000 365 2144 406 singula.

333 422 406 460 Que
432 424 567 464 quidem
595 425 699 456 littere
725 429 801 457 sunt
827 426 970 466 sigillate
998 426 1028 456 in
1055 435 1129 457 cera
1156 426 1268 461 rubea,
1294 426 1384 465 quod
1412 425 1559 466 sigillum
1587 426 1687 457 habet
1713 435 1730 457 a
1757 429 1849 466 parte
1876 428 2039 467 superiori
2067 427 2148 459 ima-

332 486 442 526 ginem
482 485 628 527 Virginis
666 485 828 519 Glorioxe
866 487 1008 519 Domine
1046 486 1166 519 Sancte
1205 487 1311 518 Marie
1349 496 1422 518 611111
1461 487 1541 518 111110
1567 496 1630 519 5110
1656 488 1822 529 glorioxo.
1860 487 2005 520 Domino
2032 492 2146 520 nostro

332 547 445 579 Yliesu
472 546 608 580 Cliristo
634 549 664 579 in
693 550 838 580 bracliiis
865 550 944 582 suis.
965 558 1106 589 quarum
1135 549 1315 580 litterarum
1342 552 1437 580 tenor
1463 550 1615 589 sequitur
1641 552 1674 581 ut
1701 549 1793 581 infra.
1820 547 1947 590 (Segne
1972 550 2005 582 Ια
2033 550 2145 582 lettera

332 610 384 641 del
406 612 452 642 26
475 611 647 642 novembre
675 612 766 646 1436,
795 612 865 642 doc.
892 620 920 641 η.
943 610 1091 649 CXCV).
1109 610 1145 641 Et
1173 611 1248 642 inde
1275 611 1315 642 de
1343 611 1503 651 predictis
1530 611 1701 651 prefactus
1727 612 1885 643 dominus
1922 611 2144 644 Provincialis

332 676 362 704 et
388 673 465 704 (11611
493 673 618 703 (101111111
646 672 750 707 Prior.
780 673 953 713 Magister,
981 672 1111 703 Fratres
1137 675 1167 704 et
1195 671 1405 710 Conventus,
1432 673 1612 713 dictusque
1638 674 1797 705 dominus
1823 673 2034 715 Augustinus
2062 675 2145 706 hanc

332 738 454 766 cartam
482 739 511 766 et
539 735 661 775 plures.
700 744 765 765 uno
803 740 928 771 tenore,
967 735 1064 765 miclii
1103 735 1171 766 fieri
1207 735 1376 766 iusserunt
1402 738 1432 766 et
1458 738 1661 776 rogaverunt
1687 738 1717 767 et
1744 736 1859 767 iubent
1885 738 1915 768 et
1942 739 2069 777 rogant.
2097 736 2147 768 ln-

333 796 472 828 terfuere
499 796 639 828 Alexius
665 797 706 827 (16
733 795 962 828 Canevanova
990 796 1033 836 fq.
1061 797 1186 827 domini
1225 795 1393 834 Galexini,
1431 797 1589 829 dominus
1626 797 1788 829 Nicolaus
1813 808 1855 830 ex
1883 796 2078 839 Capitaneis
2103 799 2145 830 de

333 858 560 890 Villalanterio
576 859 619 898 tq.
635 859 759 889 domini
789 858 968 895 Francisci,
996 858 1161 890 loliannes
1176 859 1217 890 de
1233 857 1375 890 Clericis
1392 859 1432 890 de
1447 857 1635 891 Garlasclio
1662 860 1750 892 filius
1770 860 1917 898 Antonii,
1937 861 2013 892 inde
2029 863 2142 892 testes.

1103 1033 1379 1074 CXCVIII.

418 1151 612 1188 Quietanza
638 1151 821 1179 rilasciata
848 1151 942 1187 dagli
976 1151 1198 1187 Agostiniani
1238 1152 1281 1180 ad
1319 1152 1492 1187 Agostino
1530 1151 1750 1180 Schiaffinati
1785 1161 1846 1189 per
1880 1153 1904 1181 il
1936 1157 2146 1189 pagamento

330 1204 423 1232 della
449 1204 618 1240 Cappella
645 1204 679 1232 in
706 1204 741 1232 S.
769 1204 951 1232 Mostiola.

1009 1308 1159 1341 1437,
1188 1316 1225 1334 ει
1231 1310 1384 1341 prlle,
1413 1310 1461 1334 6.

884 1407 960 1431 (Α1611Δ
978 1407 1057 1428 Notar.
1075 1407 1096 1427 di
1114 1407 1184 1428 l‘avia
1200 1418 1223 1420 —
1240 1407 1287 1428 Atti
1303 1407 1325 1427 di
1341 1407 1439 1428 Antonio
1455 1407 1582 1431 Baracclii).

572 1611 686 1638 lsDEM
712 1615 800 1637 anno
826 1608 856 1637 et
882 1606 1075 1643 indictione,
1101 1605 1155 1637 die
1182 1607 1280 1636 sexto
1307 1605 1433 1637 mensis
1459 1605 1599 1646 aprillis,
1626 1605 1707 1636 liora
1733 1606 1830 1645 quasi
1857 1615 1954 1637 none.
1974 1604 2007 1636 ln
2028 1604 2143 1645 Papia,

408 1595 501 1709 E
593 1669 748 1700 videlicet
774 1669 804 1699 in
832 1668 980 1700 claustro
1007 1667 1152 1699 inferiori
1180 1667 1384 1708 infrascripti
1411 1670 1610 1705 conventus,
1629 1666 1728 1699 Porte
1747 1667 1956 1705 PaIacensis,
1976 1667 2138 1699 Parochie

519 1768 533 1769 ἶ
593 1731 698 1763 sancti
725 1729 938 1762 Columbani.
966 1729 1198 1761 Venerabilles
1235 1730 1362 1761 domini
1401 1730 1500 1762 frater
1526 1730 1731 1762 Laurencius
1756 1731 1797 1762 de
1824 1730 1919 1762 Bittis
1946 1730 2047 1771 prior,
2074 1738 2143 1761 ma-

324 1797 426 1837 gister
453 1795 610 1826 Albertus
637 1794 677 1825 de
704 1791 836 1833 Crispis
863 1793 1022 1833 magister
1048 1793 1078 1823 in
1106 1801 1201 1824 sacra
1227 1793 1362 1833 pagina,
1388 1792 1488 1824 frater
1525 1791 1719 1825 Gualterius
1745 1793 1786 1824 de
1813 1791 1925 1829 Curte,
1954 1792 2054 1824 frater
2079 1791 2140 1823 La-

325 1858 521 1890 francliinus
547 1857 588 1888 de
615 1856 797 1891 Modoetia,
836 1855 935 1886 frater
973 1854 1115 1886 Iacobus
1141 1855 1182 1886 de
1209 1854 1350 1893 Ρ1111160,
1389 1855 1488 1887 frater
1525 1854 1668 1887 lacobus
1694 1856 1735 1887 de
1762 1854 1904 1896 Stropis,
1942 1855 2042 1886 frater
2075 1853 2143 1885 An-

324 1921 436 1953 tonius
462 1920 503 1951 (16
530 1918 650 1951 Cossis
677 1921 706 1950 et
733 1918 833 1949 frater
859 1917 1005 1949 Maffeus
1030 1918 1071 1948 (16
1097 1917 1325 1958 Zenlialonga,
1363 1926 1481 1949 omnes
1518 1917 1636 1949 fratres
1674 1918 1927 1949 conventualles
1953 1919 2140 1948 conventus

324 1987 353 2016 et
379 1983 522 2015 ecclesie
559 1983 674 2013 sancte
713 1980 886 2011 Mustiolle
925 1979 1040 2020 Papie,
1067 1980 1139 2011 suis
1165 1982 1195 2011 et
1221 1980 1385 2012 dictorum
1419 1983 1608 2011 conventus
1633 1982 1664 2011 61
1690 1980 1834 2012 ecclesie
1862 1979 2066 2016 nominibus,
2093 1987 2143 2010 re-

323 2048 557 2087 presentantes
582 2046 613 2075 et
640 2043 800 2075 facientes
827 2045 860 2074 ut
887 2044 1124 2083 protestantur,
1162 2042 1320 2074 maiorem
1359 2045 1486 2083 partem
1514 2045 1544 2074 et
1571 2043 1752 2083 plusquam
1791 2043 1876 2074 duas
1914 2045 2027 2083 partes
2062 2050 2141 2072 con-

325 2111 446 2141 ventus
471 2108 558 2139 dicte
585 2106 739 2143 ecclesie,
766 2108 796 2136 et
822 2105 911 2135 omni
939 2105 1005 2136 alio
1032 2105 1111 2141 iure,
1138 2105 1203 2142 via,
1230 2105 1341 2142 modo,
1380 2113 1483 2136 causa
1509 2107 1540 2136 et
1566 2104 1681 2143 forma,
1719 2105 1844 2145 quibus
1882 2105 2002 2136 melius
2027 2106 2058 2135 et
2083 2111 2142 2134 va-

324 2172 425 2203 lidius
451 2171 629 2211 potuerunt
655 2172 685 2200 et
712 2170 867 2208 possunt,
906 2167 1055 2198 confessi
1094 2167 1227 2198 fuerunt
1253 2170 1284 2198 et
1309 2167 1510 2198 confitentur
1549 2176 1667 2198 versus
1695 2176 1744 2198 1116
1771 2167 1936 2198 notarium
1964 2166 2134 2207 publicam

324 2241 501 2274 personam
528 2231 756 2271 stipullantem
783 2232 813 2260 61
840 2229 1055 2269 recipientem
1083 2229 1233 2269 predicta
1261 2231 1291 2260 et
1318 2228 1532 2269 infrascripta
1575 2229 1686 2260 omnia
1712 2232 1743 2260 et
1769 2229 1926 2269 singulla,
1946 2229 2079 2261 nomine
2105 2233 2136 2263 et

325 2296 398 2327 vice
424 2298 454 2326 et
480 2294 521 2325 ad
549 2295 688 2334 partem,
716 2292 903 2323 utillitatem
930 2293 960 2322 et
987 2291 1166 2322 comodum
1193 2291 1391 2331 spectabilis
1418 2292 1448 2322 et
1473 2291 1597 2331 egregii
1625 2291 1684 2322 viri
1722 2291 1847 2321 domini
1886 2290 2066 2332 Augustini
2093 2293 2134 2324 de

325 2357 536 2389 Sclafteiiatis
562 2356 630 2386 filio
656 2355 826 2395 quondam
853 2354 978 2384 domini
1008 2352 1134 2389 Uberti,
1161 2361 1236 2384 sese
1264 2353 1358 2393 ipsos
1384 2353 1540 2384 dominos
1578 2352 1736 2390 Priorem,
1774 2352 1986 2393 Magistrum,
2019 2353 2138 2386 fratres

325 2424 355 2451 61
382 2418 593 2451 Conventum
623 2417 783 2448 habuisse
809 2419 840 2447 et
867 2416 1037 2455 recepisse
1063 2424 1081 2446 a
1108 2415 1259 2455 prefacto
1285 2415 1422 2446 domino
1448 2414 1650 2455 AugustinO,
1676 2423 1735 2446 seu
1763 2415 1835 2446 eius
1862 2415 2006 2453 nomine,
2033 2418 2063 2447 61
2088 2416 2137 2448 516

325 2482 509 2513 actualliter
534 2481 606 2511 eius
634 2480 766 2510 1101111116
793 2480 984 2509 numeratas
1011 2478 1199 2508 habuerunt
1226 2479 1256 2508 et
1283 2480 1493 2517 receperunt,
1520 2477 1663 2508 testibus
1689 2480 1720 2508 et
1746 2477 1896 2508 notarius
1915 2477 2137 2518 infrascriptis

327 2543 551 2583 presentibus,
579 2542 609 2572 111
636 2544 726 2572 tanta
753 2542 885 2571 moneta
912 2548 1012 2570 aurea
1039 2541 1069 2570 et
1095 2541 1252 2579 argentea
1279 2538 1503 2579 equivalente,
1542 2539 1644 2570 libras
1681 2541 1814 2570 centum
1850 2539 2051 2579 imperiales,
2077 2548 2138 2580 pro

327 2605 461 2637 restanti
489 2608 519 2635 et
545 2604 711 2643 completa
738 2603 911 2633 solucione
938 2604 968 2632 et
994 2601 1211 2632 satisfacione
1238 2601 1367 2632 illarum
1395 2601 1785 2632 librarumducentarum
1806 2601 2038 2641 imperialium,
2057 2610 2143 2642 quas

327 2668 438 2699 dictus
464 2667 622 2697 dominus
648 2665 859 2705 Augustinus
886 2664 1059 2704 promissit
1084 2666 1115 2694 61
1141 2663 1299 2694 convenit
1325 2663 1409 2694 alias
1435 2663 1513 2694 dare
1539 2663 1629 2694 dicto
1655 2663 1834 2694 conventui
1862 2672 1922 2703 pro
1949 2672 2013 2695 una
2032 2664 2142 2696 fienda

328 2729 467 2770 capella,
493 2737 592 2768 quarn
619 2728 730 2758 (1161115
756 2730 944 2758 conventus
971 2726 1078 2757 facere
1105 2726 1265 2766 promixit
1290 2734 1349 2757 seu
1375 2726 1444 2757 fieri
1472 2725 1581 2757 facere
1608 2726 1638 2756 in
1665 2726 1752 2756 dicta
1786 2725 1940 2763 ecclesia,
1967 2735 2026 2766 pro
2052 2726 2141 2757 dicto

328 2792 465 2823 domino
491 2790 691 2831 Augustino,
719 2793 751 2820 ut
778 2792 909 2820 constat
936 2798 994 2828 per
1019 2791 1142 2819 cartam
1170 2789 1319 2828 rogatam
1348 2788 1446 2819 11116111
1475 2788 1614 2825 notario,
1640 2796 1728 2819 anno
1747 2789 1778 2819 et
1797 2787 1978 2819 indictione
2005 2796 2143 2828 presen—

330 2854 431 2891 tibus,
458 2853 511 2883 die
538 2854 636 2883 sexto
663 2851 787 2882 mensis
815 2851 937 2881 marcii.
966 2849 1010 2880 lta
1037 2850 1127 2890 quod
1155 2850 1335 2881 occasione
1373 2850 1536 2881 dictarum
1574 2849 1794 2880 ducentarum
1833 2849 2001 2888 librarum,
2040 2850 2139 2881 nichil

330 2915 475 2956 amplius
502 2923 560 2954 per
587 2914 696 2954 ipsum
723 2913 893 2944 deminum
921 2911 1146 2951 Augustinum
1167 2914 1314 2943 remanet
1332 2912 1373 2943 ad
1394 2911 1607 2949 solvendum,
1633 2912 1790 2942 omnibus
1817 2912 1980 2943 hactenus
1998 2912 2141 2952 proinde

331 2977 605 3010 confessionibus
631 2978 661 3007 et
687 2974 922 3006 solucionibus
949 2974 979 3004 in
1007 2974 1152 3014 presenti
1180 2974 1392 3014 computatis.
1420 2973 1467 3005 Ac
1495 2973 1691 3005 renunciant
1727 2974 1918 3014 exceptioni
1958 2983 2023 3005 non
2057 2974 2143 3006 facte

331 3041 430 3071 liuius
455 3038 681 3071 confessionis
708 3041 738 3069 et
764 3046 829 3068 non
868 3039 1037 3067 numerate
1074 3036 1216 3075 pecunie
1242 3038 1273 3067 et
1299 3036 1371 3076 spei
1410 3035 1518 3067 future
1553 3036 1800 3067 numeracionis
1826 3038 1857 3067 et
1884 3036 2087 3077 receptionis
2112 3038 2143 3068 et

331 3103 489 3133 omnibus
515 3100 780 3142 probacionibus
806 3102 835 3130 et
862 3098 1144 3139 productionilnis
1170 3098 1314 3135 testium,
1342 3098 1460 3128 iurium
1487 3100 1517 3129 et
1544 3098 1838 3129 instrumentorum
1866 3100 1979 3130 contra
2006 3099 2077 3130 1166.
2105 3097 2143 3130 Et
