2347 3444
288 153 347 185 112

372 285 448 316 ltem
476 285 664 321 attendens,
692 287 724 315 ut
751 285 847 319 dixit,
873 283 964 324 quod
992 282 1190 323 spectabilis
1217 282 1265 312 vir
1291 281 1448 312 dominus
1476 279 1624 320 Rapliael
1651 280 1692 310 de
1718 279 1904 320 Mangeriis
1930 279 2014 310 civis
2040 287 2099 319 pa-

284 348 412 387 piensis
439 348 502 387 ipsi
530 346 826 379 Reverendissimo
852 346 988 376 domino
1016 344 1293 384 Arcliiepiscopo,
1320 346 1468 382 tempore
1494 351 1562 382 quo
1588 341 1737 382 prefatae
1764 341 2011 372 Mediolanensi
2038 340 2099 372 Ec-

282 409 405 440 clesiae
432 409 586 449 praefuit,
613 409 755 440 fideliter
780 408 975 442 deservivit,
1002 407 1099 438 etiam
1127 406 1257 446 absque
1294 405 1406 444 aliqua
1444 404 1582 444 speciali
1621 403 1845 435 conventione
1880 403 2029 443 praemii,
2067 403 2096 433 in

283 472 631 511 recompensationem
662 470 840 510 aliqualem
872 469 976 510 partis
1015 469 1164 500 laborum
1203 476 1339 498 suorum
1366 470 1396 498 et
1422 467 1545 503 salarii,
1583 466 1691 497 eidem
1731 465 1854 505 legavit
1880 467 1911 496 et
1938 464 2098 496 iudicavit

282 534 427 565 florenos
453 533 844 573 centumquinquaginta‚
873 532 997 563 valoris
1023 534 1052 562 et
1079 531 1120 562 ad
1147 532 1340 570 computum
1368 529 1551 560 solidorum
1571 527 1849 567 trigintaduorum
1877 527 2098 567 imperialium

283 605 342 636 pro
368 596 505 631 floreno,
533 596 596 627 sibi
635 596 767 626 dandos
794 604 852 635 per
879 594 1110 633 infrascriptos
1144 593 1316 623 dominum
1344 591 1490 623 Priorem
1517 594 1548 622 ct
1568 591 1698 622 Fratres
1717 592 1746 621 et
1765 588 1977 621 Conventum
2005 597 2101 629 prae—

282 659 360 689 dicti
388 658 597 693 Monasterii‚
624 658 734 689 statim
763 660 838 697 post
865 657 938 688 eius
964 656 1162 687 decessum:
1190 657 1220 686 et
1247 655 1386 686 ulterius
1412 654 1555 685 eundem
1595 653 1759 689 liberavit,
1797 652 1959 692 quietavit
1985 654 2016 682 et
2042 651 2101 682 ab-

283 721 384 752 solvit
411 721 453 751 ab
479 721 568 751 omni
595 723 624 752 et
652 723 720 751 toto
747 729 796 755 eo,
823 719 912 759 quod
940 718 1047 749 eidem
1074 717 1211 748 domino
1238 716 1410 757 Rapliaeli,
1428 719 1458 747 et
1477 724 1579 756 super
1594 716 1693 746 bonis
1711 715 1794 752 suis,
1814 715 1946 745 nomine
1965 722 2101 745 mensae

282 783 587 823 archiepiscopalis
614 782 680 822 peti
707 781 962 822 quomodolibet
990 780 1108 820 potuit,
1135 779 1301 818 potuisset
1327 781 1357 809 et
1392 780 1508 818 posset
1539 778 1664 809 ratione
1702 776 2004 808 administrationis
2043 776 2102 806 bo-

284 855 400 877 norum
428 845 592 879 eiusdem.
618 848 647 875 et
674 844 871 883 generaliter
897 842 1047 882 qualibet
1073 850 1176 872 causa
1202 844 1232 872 et
1257 841 1449 877 occasione,
1476 849 1563 880 quae
1590 840 1716 871 ratione
1743 839 1850 870 dictae
1888 838 2103 870 administra-

283 909 384 939 tionis
410 908 473 938 dici
502 907 553 938 vel
581 906 766 946 excogitari
794 908 909 945 posset
944 904 1044 934 modo
1081 903 1195 943 aliquo
1222 902 1273 933 vel
1313 902 1456 943 ingenio.
1485 901 1523 932 Et
1549 901 1701 933 similiter
1738 901 1890 932 liberavit
1927 899 2101 931 Albertum

281 971 322 1002 de
358 970 484 1010 Forma,
522 969 718 1000 Tomasiuin
745 968 786 998 de
814 966 979 1003 Robecco,
1017 965 1198 996 Antonium
1226 965 1266 996 de
1294 964 1457 1001 Viadana,
1484 963 1683 997 Rainaldum
1710 964 1751 995 de
1777 961 1878 995 Carlo
1915 963 1956 994 de
1982 962 2098 995 Monte

283 1031 315 1064 S.
343 1032 473 1071 Angeli,
500 1034 564 1062 tam
592 1031 718 1061 ratione
743 1028 1045 1060 administrationis
1071 1028 1235 1058 bonorum
1263 1027 1372 1058 dictae
1399 1026 1551 1064 Mensae,
1577 1035 1677 1066 quam
1716 1026 1841 1057 ratione
1878 1025 1942 1056 ficti
1969 1026 2001 1056 et
2027 1033 2102 1065 per-

282 1094 448 1134 ceptionis
476 1094 638 1123 bonorum
666 1091 898 1132 possessionis
924 1091 965 1121 de
992 1088 1169 1122 Casoretio
1196 1098 1255 1129 per
1281 1089 1391 1129 ipsum
1419 1087 1619 1121 Rainaldum
1657 1087 1913 1128 quomodolibet
1950 1089 2101 1127 recepto-

285 1165 365 1192 rum,
393 1162 423 1186 et
442 1154 656 1185 Ambrosium
676 1154 716 1184 de
736 1152 858 1185 Rosate
878 1153 1087 1193 negotiorum
1107 1154 1260 1192 gestores
1279 1159 1371 1189 suos,
1390 1160 1428 1182 ac
1446 1151 1544 1182 etiam
1565 1149 1896 1183 Reverendissimum
1917 1149 1947 1180 in
1967 1147 2104 1181 Christo

283 1221 408 1258 patrem
436 1218 606 1248 dominum
634 1215 775 1247 Paulum
796 1215 1003 1255 Episcopum
1024 1214 1341 1254 Helenopolitanum
1361 1214 1434 1244 eius
1453 1211 1707 1254 Suffraganeum
1726 1210 1788 1252 (l),
1806 1221 1844 1244 ac
1864 1211 2102 1252 Presbyterum

284 1280 491 1311 Mattliaeum
511 1279 552 1310 de
568 1277 647 1309 Pizo
666 1276 888 1318 Capellanum
908 1286 1017 1314 suum,
1036 1279 1066 1308 et
1084 1277 1268 1317 quemlibet
1286 1285 1412 1314 eorum,
1431 1276 1474 1307 ab
1493 1276 1582 1307 omni
1601 1278 1631 1307 et
1650 1278 1719 1307 toto
1738 1284 1788 1313 eo,
1807 1275 1897 1315 quod
1917 1275 1959 1306 ab
1974 1275 2100 1306 eisdem

283 1342 349 1382 peti
378 1343 518 1381 poterat,
545 1340 712 1380 potuisset
739 1342 769 1371 et
795 1342 923 1380 posset,
951 1343 985 1370 ut
1010 1348 1123 1379 supra.

370 1403 447 1434 ltem
474 1403 559 1433 dixit
585 1405 615 1434 et
642 1404 848 1442 protestatus
875 1401 935 1433 fuit
961 1401 1164 1433 convenisse
1191 1410 1266 1432 cum
1292 1401 1383 1432 dicto
1410 1399 1548 1432 Alberto
1573 1400 1614 1432 de
1642 1399 1758 1440 Foppa
1784 1400 1825 1431 de
1852 1399 1965 1431 dando
1995 1399 2103 1431 eidem

282 1466 417 1506 singulo
443 1474 542 1502 anno,
570 1474 629 1505 pro
655 1465 728 1495 eius
754 1464 877 1495 salario
903 1464 1040 1505 gerendi
1068 1463 1238 1504 negotium
1266 1472 1402 1494 mensae
1429 1471 1510 1494 suae
1536 1462 1740 1503 praedictae,
1755 1462 1796 1493 ad
1823 1464 2018 1502 computum
2044 1461 2107 1493 flo-

288 1537 440 1560 renorum
468 1530 600 1559 centum
628 1527 744 1568 viginti
768 1527 849 1558 dicti
877 1526 1002 1557 valoris
1028 1526 1210 1557 annuatim.

375 1590 452 1621 Item
479 1599 553 1621 cum
580 1589 774 1630 praedictus
801 1588 960 1620 Albertus
986 1588 1242 1629 possessionem
1269 1590 1299 1619 et
1326 1588 1414 1619 bona
1439 1588 1480 1619 de
1507 1585 1685 1628 Cropello,
1719 1587 1988 1618 Mediolanensis
2026 1585 2108 1618 Dio-

282 1653 382 1689 cesis,
409 1652 489 1683 iuris
514 1654 544 1683 et
570 1652 785 1692 proprietatis
812 1659 949 1682 mensae
975 1650 1179 1691 praedictae,
1206 1650 1407 1682 conduxerit
1432 1650 1474 1681 ab
1501 1650 1618 1681 eadem
1644 1650 1758 1681 dando
1784 1649 1996 1681 medietatem
2035 1658 2105 1681 om-

283 1715 373 1746 nium
400 1714 577 1752 fructuum,
603 1716 634 1746 et
659 1714 806 1745 florenos
833 1713 1078 1754 quinquaginta
1104 1713 1145 1744 ad
1172 1716 1368 1753 computum
1406 1712 1591 1744 solidorum
1629 1712 1909 1753 trigintaduorum
1936 1721 1997 1752 pro
2022 1720 2107 1752 quo-

285 1777 366 1809 libet
391 1777 519 1808 floreno
545 1777 715 1808 annuatim
743 1778 774 1808 et
800 1776 980 1807 nonnullas
1007 1784 1180 1816 expensas
1205 1784 1244 1807 ac
1271 1775 1521 1807 meliorationes
1541 1775 1571 1806 in
1591 1776 1621 1806 et
1639 1783 1741 1815 supra
1773 1774 1857 1814 ipsis
1884 1775 2105 1814 possessione

285 1842 316 1871 et
342 1840 441 1871 bonis
467 1849 505 1871 ac
531 1840 630 1871 etiam
658 1839 882 1879 praestantias
908 1838 1088 1870 Massariis
1115 1839 1265 1878 ipsorum
1292 1837 1525 1878 possessionis
1551 1840 1582 1868 et
1609 1837 1772 1868 bonorum
1801 1836 1925 1873 fecerit,
1963 1837 2049 1868 dixit
2074 1838 2107 1868 et

287 1904 495 1943 protestatus
520 1901 581 1933 fuit
607 1910 643 1933 se
669 1903 797 1933 tantum
824 1901 1024 1932 creditorem
1050 1901 1091 1932 de
1119 1900 1213 1932 libris
1238 1900 1420 1932 ducentum
1448 1899 1680 1941 imperialibus
1706 1899 1776 1931 fore
1802 1900 1912 1940 ipsius
1939 1899 2076 1931 Alberti.

380 1964 458 1996 ltem
485 1964 570 1995 dixit
596 1965 628 1995 et
654 1965 860 2004 protestatus
886 1963 947 1994 fuit
972 1972 1008 1994 se
1035 1965 1162 2001 mutuo,
1189 1963 1292 2004 gratis
1318 1965 1348 1994 et
1374 1971 1486 1994 amore
1513 1963 1684 2003 recepisse
1710 1964 1740 1993 et
1766 1962 1927 1993 habuisse
1953 1971 1971 1993 a
1989 1970 2109 2002 supra-

287 2027 376 2058 dicto
403 2026 568 2059 Rainaldo
595 2026 697 2057 libras
723 2026 904 2057 ducentum
932 2025 1135 2066 imperiales,
1161 2028 1193 2057 et
1218 2034 1276 2056 eas
1302 2027 1380 2065 post
1405 2025 1585 2056 decessum
1611 2033 1709 2056 suurn
1736 2033 1794 2065 per
1821 2025 1915 2065 ipsos
1934 2025 2107 2056 dominum

287 2088 447 2126 Priorem,
476 2087 606 2119 Fratres
632 2090 663 2119 et
689 2085 903 2119 Conventum
931 2088 995 2128 ipsi
1023 2087 1187 2120 Rainaldo
1214 2087 1342 2119 restitui
1370 2087 1476 2118 voluit
1501 2090 1531 2119 et
1557 2088 1740 2118 mandavit.

377 2150 456 2182 Item
482 2150 568 2181 dixit
593 2152 625 2182 et
651 2152 858 2190 protestatus
895 2150 955 2182 fuit
985 2158 1033 2188 se,
1060 2150 1178 2181 intuitu
1205 2150 1316 2182 fratris
1353 2150 1541 2182 Marcellini
1568 2150 1609 2182 de
1637 2150 1874 2182 Marinonibus
1912 2149 2110 2182 Observan-

287 2213 351 2244 tiae
395 2212 559 2252 regularis
585 2211 724 2244 Ordinis
750 2211 970 2244 Eremitarum
997 2212 1103 2244 sancti
1131 2211 1310 2253 Augustini
1337 2221 1453 2244 secum
1472 2213 1724 2250 commorantis,
1743 2213 1816 2244 eius
1835 2212 1945 2244 fratris
1964 2212 2110 2244 Marcel-

289 2275 344 2306 lini
370 2274 529 2306 fratribus
555 2275 596 2306 de
624 2275 795 2306 nonnullis
832 2275 980 2306 denariis
1018 2275 1237 2313 subvenisse,
1275 2284 1363 2316 quos
1388 2275 1431 2307 ab
1457 2275 1576 2307 iisdem
1614 2275 1704 2316 exigi
1731 2277 1763 2307 et
1788 2284 1853 2306 non
1888 2276 1978 2315 exigi
2016 2275 2110 2307 iuxta

290 2337 398 2376 ipsius
423 2337 549 2368 domini
577 2336 713 2374 Prioris,
741 2336 890 2368 Fratrum
917 2339 947 2368 et
973 2335 1173 2369 Conventus
1199 2338 1285 2369 della
1312 2336 1481 2370 Coronata
1499 2340 1529 2369 et
1554 2338 1664 2378 ipsius
1688 2337 1799 2368 fratris
1816 2336 2004 2369 Marcellini
2024 2337 2112 2369 arbi-

290 2399 387 2429 trium
416 2399 521 2429 voluit
546 2400 577 2430 et
604 2399 790 2430 mandavit.

382 2461 456 2492 ltem
499 2461 679 2493 confessus
705 2461 766 2492 fuit
793 2463 962 2502 recepisse
989 2465 1019 2494 et
1047 2463 1208 2494 babuisse
1234 2472 1252 2494 a
1271 2463 1448 2503 magnifico
1464 2460 1596 2494 Comite
1623 2461 1811 2493 Francliino
1829 2462 1870 2493 de
1894 2461 2121 2494 Rusconibus-

294 2523 441 2553 florenos
467 2527 601 2554 centum
628 2523 707 2554 dicti
735 2523 860 2555 valoris
886 2525 950 2555 sibi
978 2526 1056 2556 tunc
1083 2527 1114 2556 et
1140 2525 1338 2556 successive
1365 2523 1615 2564 computandos
1641 2523 1671 2554 in
1698 2523 1784 2561 ficto,
1811 2523 1901 2563 quod
1942 2533 1998 2563 per
2035 2532 2110 2555 eum

294 2584 404 2620 fiebat,
431 2586 461 2615 et
489 2585 724 2624 praestabatur
750 2594 886 2617 mensae
913 2595 994 2617 suae
1022 2585 1312 2627 Arcliiepiscopali
1340 2586 1600 2618 Mediolanensi.

385 2645 462 2677 ltem
490 2646 594 2677 voluit
621 2649 651 2677 et
678 2648 849 2679 mandavit
876 2648 1130 2679 venerabilibus
1156 2649 1302 2680 dominis
1329 2648 1471 2680 Vicariis
1497 2648 1579 2686 suis,
1609 2657 1739 2679 necnon
1766 2648 1935 2680 scutiferis
1961 2650 1991 2680 et
2016 2647 2113 2680 fami-

354 2811 383 2833 (ll
400 2805 416 2831 Ε
432 2811 595 2835 l'agostiniano
611 2810 668 2831 frate
694 2811 765 2831 Pnolo
781 2812 863 2832 Marini
880 2813 907 2833 da
924 2813 946 2833 S.
964 2813 1063 2833 Genesio
1086 2813 1177 2839 Piceno,
1234 2814 1262 2834 da
1279 2813 1341 2840 Papa
1359 2814 1429 2834 Panlo
1446 2814 1462 2834 11
1479 2819 1521 2834 con
1537 2814 1597 2835 bolla
1614 2814 1649 2835 del
1668 2815 1673 2834 l
1693 2820 1770 2835 marzo
1789 2814 1846 2839 145&
1863 2814 1913 2835 vedi
1930 2814 2045 2840 TOREl-Ll,
2063 2814 2108 2835 vol.

299 2855 348 2879 clic,
363 2855 468 2875 Vescovo
485 2855 576 2875 titulare
592 2855 613 2875 di
631 2855 758 2881 Elenopoli,
775 2862 812 2876 era
834 2857 942 2877 :insili-'ire
962 2857 1177 2878 dell'Arcivt-scovo
1233 2858 1280 2883 Vll,
1297 2864 1348 2884 pag⁴
1367 2858 1411 2879 154.
1428 2858 1445 2879 Α
1461 2858 1491 2878 lui
1503 2858 1521 2879 si
1533 2858 1624 2879 devono
1639 2859 1711 2879 anche
1723 2859 1742 2879 la
1760 2858 1887 2880 Biblioteca
1898 2859 1957 2880 della
1973 2859 2109 2881 incoronata

300 2898 389 2919 Sforza.
416 2899 616 2924 Nell'OSSlNGER,
642 2905 676 2924 op.
701 2900 739 2920 cit.
764 2906 808 2925 pag
839 2901 884 2925 35³3,
910 2901 921 2921 ιζ·
944 2901 1009 2921 detto
1034 2902 1132 2922 Oratore
1157 2902 1178 2922 di
1235 2908 1246 2923 e
1262 2903 1338 2928 quella
1354 2902 1375 2923 di
1392 2902 1414 2923 St
1432 2902 1512 2923 Marco
1528 2902 1976 2929 (ΗΜίΙῑιιιυ.(Υυι1ἰΑ,(ἶῐ(υὸΕΝΗ,ορ,
2001 2904 2048 2929 cit„
2072 2910 2110 2930 pa-

300 2934 385 2959 grande
401 2935 538 2959 eloquenza,
555 2940 566 2955 e
583 2935 660 2959 percio
677 2937 757 2955 tenuto
774 2936 794 2955 in
812 2937 881 2956 molta
904 2937 1063 2958 estiinazione.
1083 2938 1179 2962 special·
1234 2947 1285 2971 gina
1301 2947 1356 2970 507)⁴
1374 2946 1433 2967 Mori
1449 2947 1526 2967 panno
1544 2947 1590 2967 ¹501
1609 2947 1630 2967 jn
1646 2947 1741 2972 Μῃᾶηο,
1758 2947 1876 2968 135(ῑῦιῖΔο
1892 2948 1973 2969 menne
1995 2954 2065 2974 Opere
2087 2949 2110 2969 di

302 2981 377 2998 mente
394 2978 670 3004 press1›gliSforza,clie
683 2979 703 2999 di
716 2979 836 3004 frequente
848 2980 869 2999 lo
885 2981 1043 3001 ascoltavnno,
1062 2981 1092 3001 Fu
1108 2982 1192 3007 anche,
1236 2991 1336 3011 sssccfim
1352 2996 1363 3011 e
1379 2991 1401 3011 di
1418 2991 1510 3011 morale·

301 3022 386 3042 abbate
403 3023 424 3042 di
441 3022 502 3043 Cava
519 3023 577 3043 della
594 3022 679 3043 diocesi
697 3023 717 3043 di
735 3023 824 3047 Parma,
841 3024 956 3045 innalzato
968 3030 979 3045 a
993 3028 1074 3050 questa
1091 3026 1178 3051 dignita
