2347 3444
284 234 323 265 14

280 366 363 397 inter
389 366 557 397 radiantes
583 364 828 398 Coelicolarum
855 366 979 397 clioros
1004 364 1145 397 feliciter
1169 365 1338 402 collocari,
1365 373 1513 396 normam
1541 365 1710 402 virtutum,
1737 367 1770 396 ut
1797 365 1848 396 liic
1874 363 1953 396 Dux
1988 367 2099 397 noster

281 427 368 465 fecit,
395 428 504 459 discat
531 428 661 464 imitari,
688 428 777 468 quia,
804 430 837 458 ut
864 427 970 467 inquit
997 426 1129 458 Tullius
1156 427 1186 457 in
1215 425 1433 466 Philippicis:
1463 425 1583 458 Omnia
1608 426 1675 457 alia
1702 427 1822 457 incerta
1839 428 1924 459 suni,
1952 427 2096 463 mobilia,

279 492 310 521 ef
333 489 461 521 caduca
477 500 486 520 .·
519 490 623 521 Virtus
648 492 697 521 esf
722 498 796 525 uua,
835 489 1007 520 altissimis
1032 488 1135 528 infixa
1173 488 1348 523 radIcibus,
1375 497 1461 528 quae
1486 488 1576 519 nullu
1604 488 1634 519 vi
1658 487 1856 528 labefactari
1885 490 2005 528 potest,
2041 497 2099 520 nec

278 552 435 584 dimoveri
459 552 542 583 loco.
570 550 784 592 Quicumque
811 561 891 592 ergo
917 552 1075 582 virtutum
1104 551 1245 591 vestigia
1271 553 1441 590 sequetur,
1469 553 1501 581 ut
1529 550 1580 581 liic
1607 550 1752 591 inclytus
1779 549 1856 581 Dux
1884 552 2006 588 noster,
2033 560 2101 582 me-

280 615 340 645 rito
367 615 430 645 sibi
458 615 598 650 dicetur,
625 614 715 654 quod
743 617 772 645 et
799 614 862 645 sibi
889 623 907 645 a
934 614 1100 654 principio
1126 613 1291 644 diximus:
1314 613 1427 653 posui!
1450 621 1522 643 eum
1548 612 1673 643 Ducem
1701 612 1849 643 vitiuium
1867 613 2098 644 universarum.

279 675 379 713 Quod
408 676 466 707 fuit
493 677 625 707 thema:
654 685 713 716 pro
739 676 837 706 cuius
866 675 1093 706 declaratione
1124 677 1234 715 potest
1272 674 1347 705 talis
1386 675 1468 705 ratio
1506 674 1650 705 formari.
1688 672 1853 714 Quisquis
1891 675 2098 714 compositae

279 739 400 769 mentis
427 739 457 768 in
486 738 552 768 falo
579 738 666 769 vitae
694 738 883 778 praesentis
909 737 1031 769 aeterni
1052 736 1157 768 Ducis
1176 737 1272 777 signa
1292 737 1443 777 sequitur
1461 737 1623 773 animose,
1644 736 1734 767 illum
1755 735 1847 768 Deus
1867 737 1960 776 ponit
1978 737 2097 768 ducem

280 801 436 831 virtutum
465 801 709 831 universarum.
738 798 803 831 Sed
832 798 909 830 Dux
937 802 1050 830 noster
1076 799 1231 839 inclytus,
1259 802 1366 830 mente
1404 799 1498 830 coelo
1524 799 1670 836 deditus,
1696 799 1821 830 aeterni
1860 797 1965 829 Ducis
2002 799 2098 839 signa

279 863 414 893 mirifice
440 866 489 893 est
515 866 703 902 sequutus:
730 871 809 901 ergo
836 862 926 892 illum
954 860 1046 892 Deus
1073 861 1185 901 posuit
1212 861 1328 892 ducem
1357 861 1513 892 virtutum
1542 862 1784 892 universarum.
1812 860 1922 892 Prima
1942 870 2019 901 pars
2038 870 2097 892 an-

280 925 465 956 tecedentis
492 926 580 964 patet
608 933 665 964 per
696 924 775 955 illud
803 923 969 964 Apostoli,
997 922 1172 955 Secundae
1198 923 1239 954 ad
1267 922 1604 961 Thessalonicenses,
1625 923 1655 954 1:
1685 923 1760 954 Non
1789 924 1872 954 enirn
1902 923 1991 954 dedit
2006 923 2101 954 uobis

279 987 371 1018 Deus
395 987 542 1026 spiriiimz
568 987 693 1017 timoris
717 986 777 1017 seii
802 986 935 1017 virtutis.
964 985 1001 1016 Et
1029 985 1268 1020 Ecclesiastici,
1297 983 1372 1015 XL:
1406 984 1542 1016 Virtutes
1567 985 1715 1016 exaltant
1739 994 1802 1016 cor.
1830 984 1867 1016 Et
1895 986 1976 1016 haec
1992 994 2100 1025 pauca

279 1049 320 1080 de
346 1049 451 1088 prima
479 1051 571 1088 parte
597 1049 839 1080 antecedentis.
867 1047 1022 1079 Secunda
1049 1056 1127 1088 pars
1153 1047 1396 1084 antecedentis,
1423 1055 1509 1086 quae
1536 1049 1603 1077 est:
1631 1047 1689 1078 sed
1717 1046 1795 1078 Dux
1823 1050 1937 1078 noster
1954 1047 2099 1088 inclytus

279 1114 338 1142 etc.
367 1112 456 1151 patet
483 1120 541 1151 per
567 1111 646 1142 illud
670 1110 743 1151 job,
771 1110 892 1142 XVlll:
921 1111 1059 1149 vestigia
1085 1110 1154 1141 eius
1179 1111 1337 1149 sequutus
1361 1110 1411 1140 cst
1430 1118 1491 1149 pes
1515 1117 1630 1146 meum
1669 1110 1752 1140 vium
1778 1109 1848 1149 esus
1873 1109 2042 1145 custodivi,
2070 1110 2101 1141 et

278 1181 341 1203 nou
368 1172 531 1204 declinavi·
555 1181 596 1204 ex
620 1181 680 1209 eu:
706 1181 725 1203 α
750 1172 917 1203 uuuuiiztis
942 1171 1102 1202 labiorum
1128 1171 1198 1202 eius
1222 1179 1285 1202 uon
1311 1171 1438 1206 recessi,
1458 1172 1490 1201 et
1505 1171 1536 1201 iu
1550 1171 1623 1201 sinu
1641 1179 1712 1202 meo
1731 1170 1891 1202 abscondi
1910 1171 2005 1202 verbu
2030 1171 2096 1203 oris

279 1235 358 1266 cius.
386 1234 427 1266 Ut
455 1235 553 1275 igitur
579 1235 701 1266 clarius
728 1237 850 1274 pateat,
878 1235 988 1274 ipsum
1016 1232 1144 1264 Ducem
1172 1233 1278 1264 fuisse
1305 1233 1463 1264 virtutum
1491 1233 1735 1270 universarum,
1762 1233 1840 1273 quia
1867 1233 1995 1264 radium
2014 1233 2098 1265 solis

280 1305 340 1336 pro
366 1297 497 1336 insigne
525 1297 690 1336 portabat,
718 1296 793 1327 ideo
820 1296 920 1336 capiti
948 1304 1011 1327 suo
1038 1304 1204 1336 ponemus
1230 1293 1399 1326 Coronam
1438 1296 1582 1334 quatuor
1619 1294 1722 1326 radiis
1759 1295 1964 1333 distinctam,
2001 1296 2032 1326 et
2070 1295 2100 1326 in

279 1358 430 1398 qu‹5›libet
457 1359 550 1389 radio
576 1361 643 1389 tres
669 1358 785 1389 stellas
813 1358 992 1399 fulgentes,
1019 1358 1106 1389 idest
1132 1359 1198 1388 tres
1226 1357 1375 1388 virtutes.
1393 1355 1442 1387 De
1462 1365 1528 1396 qua
1554 1365 1678 1388 corona
1697 1357 1855 1388 scribitur
1872 1356 2101 1398 Apocalypsis

280 1419 354 1451 Vll:
382 1420 414 1451 lu
440 1421 547 1461 cupite
572 1421 642 1452 eius
667 1429 787 1451 corona
813 1420 979 1451 stellarum
1005 1419 1186 1455 duodecim,
1215 1428 1301 1459 quae
1328 1421 1405 1450 sunt
1431 1419 1610 1450 duodecim
1638 1419 1788 1450 virtutes.

370 1482 401 1513 ln
430 1483 522 1514 radio
548 1492 628 1523 ergo
655 1482 786 1514 frontali
814 1484 909 1513 erunt
935 1484 1001 1514 tres
1027 1482 1156 1519 stellae,
1182 1481 1310 1513 scilicet
1334 1481 1443 1516 Fides,
1471 1480 1562 1521 Spes,
1593 1479 1733 1513 Caritas.
1760 1479 1793 1513 Si
1813 1490 1904 1521 ergO,
1930 1480 2009 1512 Dux
2028 1481 2103 1513 Ma-

279 1545 410 1585 gnifice,
438 1548 492 1576 tua
518 1545 618 1576 Fides
636 1547 825 1585 quaeratur,
845 1548 932 1576 certe
952 1544 1054 1576 multa
1073 1546 1122 1576 est
1141 1544 1226 1575 fides
1245 1546 1310 1575 tua.
1332 1542 1496 1575 Scribitur
1513 1543 1722 1575 Tbrenorum
1743 1543 1791 1581 ΙΙΙ,
1810 1544 1852 1575 de
1871 1552 1937 1584 qua
1956 1543 2104 1584 loquitur

281 1608 450 1648 gloriosus
477 1610 571 1648 pater
597 1610 710 1639 noster
736 1607 959 1648 Augustinus,
986 1607 1026 1638 IV
1053 1607 1093 1638 de
1119 1605 1264 1638 Civitate
1290 1605 1364 1644 Dei,
1392 1604 1475 1646 Cap.
1502 1605 1583 1637 XX:
1610 1606 1709 1637 Fides
1734 1608 1790 1642 est,
1817 1607 2059 1647 cuiusprimum
2074 1608 2105 1638 et

279 1671 458 1701 maximum
477 1669 622 1710 officium
641 1672 699 1708 est,
718 1670 800 1701 utin
820 1679 926 1701 verum
952 1670 1058 1701 Deum
1084 1669 1241 1700 credatur.
1269 1667 1419 1700 Credidit
1445 1677 1524 1709 ergo
1550 1667 1628 1699 Dux
1655 1670 1779 1707 noster,
1806 1670 1837 1700 et
1863 1669 1956 1700 novit
1980 1669 2099 1700 trinam

282 1732 460 1769 Unitatem,
487 1735 518 1764 et
544 1733 676 1763 unicam
703 1731 911 1770 Trinitatem,
938 1732 1064 1763 scilicet
1091 1731 1234 1769 Patrem,
1261 1731 1391 1769 Filium,
1426 1729 1586 1771 Spiritum
1614 1729 1785 1768 Sanctum,
1815 1740 1881 1762 non
1907 1733 1974 1763 tres
2000 1730 2104 1770 Deos,

279 1795 339 1826 sed
367 1804 468 1825 unum
496 1793 603 1826 Deum
630 1795 782 1832 adorare,
809 1795 929 1832 colere,
955 1796 985 1826 et
1011 1795 1142 1831 timere;
1170 1794 1296 1834 ubique
1323 1793 1414 1824 illum
1441 1794 1534 1824 novit
1552 1801 1628 1826 esse
1647 1795 1877 1834 praesentem3
1897 1793 1990 1824 novit
2008 1793 2099 1824 illum

280 1857 310 1887 in
338 1857 489 1896 quolibet
516 1856 601 1894 loco,
627 1865 727 1897 quem
755 1866 819 1887 non
846 1856 1019 1888 concludit
1046 1856 1152 1893 locus,
1179 1858 1209 1887 et
1226 1864 1389 1896 praesens
1416 1855 1584 1886 invenitur
1610 1855 1641 1886 in
1667 1855 1756 1886 omni
1777 1855 1861 1886 loco.
1881 1854 1984 1886 Novit
1999 1855 2102 1893 illum,

279 1920 336 1958 qui
360 1919 478 1959 aspicit
502 1921 618 1950 terram
644 1921 675 1950 ei
692 1918 780 1960 fucit
803 1927 876 1950 eum
902 1921 1042 1954 tremere,
1070 1919 1126 1958 qui
1150 1919 1259 1958 tangit
1281 1920 1407 1949 montes
1425 1917 1643 1958 etfumigunt,
1665 1917 1720 1958 qui
1741 1918 1834 1948 novit
1864 1917 1970 1949 malos
2005 1917 2104 1958 longa

281 1981 440 2021 patientia
467 1982 643 2017 sustinere,
672 1981 795 2022 impios
821 1981 925 2021 gratis
952 1981 1143 2019 iustificare,
1170 1982 1429 2021 perseverantes
1455 1980 1486 2010 in
1513 1979 1611 2017 malo,
1631 1979 1719 2010 iusto
1737 1979 2045 2017 iudicio,iudicare.
2066 1979 2105 2010 Et

283 2043 359 2074 ideo
386 2044 470 2075 lianc
498 2043 611 2074 Fidem
640 2043 670 2074 in
698 2044 759 2075 hac
786 2043 853 2075 vita
880 2043 991 2074 hostili
1019 2046 1189 2083 tamquam
1217 2043 1248 2073 in
1275 2042 1395 2074 castris
1421 2042 1552 2073 bellicis
1578 2042 1678 2082 capiti
1706 2050 1769 2073 suo
1800 2042 1971 2082 imposuit,
1991 2043 2025 2073 ut
2044 2050 2105 2073 sua

286 2114 380 2136 mens
407 2115 471 2136 non
499 2108 692 2145 quateretur
719 2106 784 2137 ictu
810 2106 995 2137 adversarii
1023 2106 1209 2142 verberata,
1237 2105 1310 2145 ipsa
1337 2113 1397 2144 pro
1424 2104 1525 2136 lorica
1551 2106 1656 2135 totum
1697 2112 1822 2144 corpus
1860 2103 1978 2141 induit,
2005 2105 2039 2134 ut
2065 2112 2104 2135 ne

283 2177 384 2198 unum
411 2168 547 2208 quidem
574 2168 757 2199 membrum
785 2169 937 2208 corporis
963 2168 1014 2199 sui
1043 2168 1201 2208 reperiret
1227 2167 1386 2198 diabolus
1401 2167 1610 2203 destitutum,
1629 2175 1688 2206 per
1714 2166 1804 2206 quod
1825 2166 1970 2206 irrepere
1985 2168 2102 2206 posset

282 2230 322 2261 ad
350 2232 454 2261 totum
481 2239 620 2270 corpus;
648 2231 756 2270 ipsam
783 2232 953 2270 tamquam
980 2232 1111 2261 scutum
1138 2229 1336 2269 assumpsit,
1363 2238 1422 2269 pei·
1447 2237 1547 2268 quam
1575 2228 1678 2269 ignita
1705 2228 1827 2259 inimici
1859 2227 1967 2259 iacula
1986 2229 2103 2268 posset

282 2293 489 2332 extinguere.
518 2292 556 2324 Et
583 2302 647 2323 non
675 2292 783 2323 solum
812 2291 883 2324 Deo
909 2293 1009 2324 fidem
1038 2292 1212 2323 formatam
1239 2291 1398 2329 servavit,
1425 2300 1540 2322 verum
1567 2290 1665 2322 etiam
1693 2290 1859 2323 hostibus,
1886 2292 2000 2321 contra
2019 2297 2106 2329 quos

283 2355 406 2386 bellum
433 2355 580 2395 gerebat,
609 2355 682 2386 licet
708 2355 750 2386 ab
777 2355 904 2386 eisdem
932 2355 995 2385 sibi
1024 2356 1057 2385 ut
1084 2354 1263 2394 plurimum
1291 2353 1396 2385 fracta
1423 2353 1542 2384 fuerit:
1563 2353 1710 2383 imitatus
1729 2351 1905 2392 Principes
1924 2350 2106 2389 Romanos,

282 2418 339 2457 qui
366 2417 465 2448 etiam
493 2417 649 2448 hostibus
675 2417 774 2448 fidem
802 2419 988 2448 servarunt.
1017 2416 1085 2448 Nec
1113 2425 1271 2456 umquam
1299 2416 1404 2447 notari
1432 2415 1539 2456 potuit
1565 2414 1657 2455 quod
1684 2414 1782 2445 fuerit
1800 2413 2022 2455 foedifragus,
2052 2413 2104 2445 vel

283 2479 359 2510 fidei
387 2479 523 2517 fractor;
551 2482 584 2510 ut
611 2480 728 2511 merito
754 2480 818 2510 sibi
845 2480 999 2510 dicamus
1026 2479 1106 2510 illud
1134 2478 1254 2515 Lucae,
1281 2477 1372 2509 Vlll:
1400 2477 1523 2518 Inclyte
1550 2476 1639 2515 Dux,
1669 2485 1794 2516 mugitu
1820 2478 1869 2507 est
1904 2476 2004 2507 Fides
2028 2477 2104 2507 tua:

289 2541 370 2572 varie
395 2542 426 2572 iu
448 2550 541 2581 pace.

374 2601 532 2642 Sequitur
558 2603 654 2634 stella
681 2603 841 2641 secunda,
868 2603 993 2634 scilicet
1020 2602 1112 2643 Spes.
1140 2601 1255 2634 Solent
1282 2610 1426 2642 namque
1453 2600 1628 2641 Principes
1654 2600 1790 2640 quidam
1811 2600 1953 2631 inaniter
1971 2608 2106 2640 sperare

286 2665 316 2695 in
344 2665 518 2696 altitudine
544 2665 725 2704 potentiae,
753 2666 783 2696 in
811 2665 986 2696 latitudine
1012 2665 1130 2702 famae,
1156 2665 1186 2695 in
1214 2664 1441 2705 profunditate
1467 2663 1669 2694 divitiarum.
1696 2660 1729 2694 Si
1755 2662 1904 2702 potentia
1928 2662 2107 2702 quaeritur,

286 2727 362 2766 quis
390 2727 556 2766 potentior
583 2727 679 2758 isto‘?
705 2728 792 2767 quis,
819 2736 888 2764 oro,
916 2727 1013 2764 bella,
1040 2727 1116 2767 quis
1143 2735 1286 2767 pugnas,
1313 2727 1389 2766 quis
1415 2726 1504 2757 acies
1519 2725 1702 2761 ordinatas,
1721 2725 1797 2764 quis
1817 2724 1961 2755 hostium
1981 2731 2108 2755 cuneos

287 2789 458 2826 refractus,
485 2790 560 2829 quis
586 2790 781 2829 eruptiones
807 2798 844 2820 ac
871 2789 1064 2829 repentinos
1091 2790 1236 2829 impetus
1255 2790 1285 2820 in
1305 2789 1480 2826 adversos,
1499 2788 1576 2828 quis
1595 2787 1842 2818 destructiones
1860 2786 2106 2827 praesidiorum

288 2851 469 2888 hostilium,
496 2851 573 2891 quis
598 2851 724 2882 auxilia
751 2854 782 2882 et
809 2853 1015 2882 commeatus
1043 2851 1073 2881 in
1099 2851 1238 2889 amicos,
1264 2859 1350 2891 quas
1377 2850 1536 2882 victorias
1555 2849 1723 2889 gloriosas
1742 2857 1807 2879 non
1827 2848 1927 2879 modo
1946 2850 2108 2885 vetustas,

288 2922 403 2944 verum
431 2913 482 2944 liis
508 2913 630 2944 diebus
656 2913 809 2953 adeptas,
835 2921 922 2952 quos
949 2913 1138 2953 triumphos
1165 2912 1407 2944 inenarrabiles
1433 2914 1548 2943 contra
1574 2909 1853 2948 Communitates,
1880 2909 2107 2948 Marchiones,

288 2974 478 3015 Tyrannos,
504 2973 628 3012 Duces,
654 2973 815 3012 Comites,
842 2983 956 3006 verum
983 2975 1082 3006 etiam
1109 2973 1219 3015 Reges
1245 2976 1275 3005 et
1301 2972 1468 3006 Caesares
1493 2973 1640 3014 gloriose
1677 2972 1822 3013 adeptus
1858 2971 1967 3010 fuerit,
2007 2971 2108 3012 digne

289 3040 320 3068 et
346 3037 559 3069 laudabiliter
584 3036 800 3077 explicabit?
828 3036 865 3068 Et
892 3039 981 3074 nota,
1007 3036 1097 3076 quod
1125 3044 1307 3076 numquam
1335 3035 1396 3067 fuit
1421 3043 1525 3067 causa
1563 3043 1705 3066 movens
1732 3034 1783 3066 vel
1810 3034 1967 3074 primaria
2004 3033 2109 3065 bello-

291 3109 361 3130 rum
388 3102 488 3139 atque
515 3108 720 3140 guerrarum,
746 3099 805 3131 sed
832 3099 895 3131 sibi
923 3099 1032 3130 illatas
1059 3098 1197 3130 viriliter
1226 3097 1386 3130 defendit.
1424 3097 1498 3128 Fuit
1534 3106 1614 3137 ergo
1651 3099 1803 3128 servator
1828 3096 1964 3134 civium,
2002 3096 2108 3127 victor
