2347 3444
368 211 410 243 56

363 345 516 376 titudinis
543 346 667 377 brachii
695 346 793 377 unius
819 348 849 377 et
875 346 1016 383 dimidii,
1042 355 1117 378 cum
1145 355 1205 377 sua
1233 346 1336 377 serata
1363 346 1515 386 predicta
1541 349 1572 377 et
1598 346 1686 378 antis
1712 346 1810 378 bonis
1836 349 1867 378 et
1893 346 2033 379 fodratis
2051 357 2088 380 ac
2108 349 2178 380 suf-

362 407 553 439 ficientibus
579 408 665 439 sicut
692 408 859 439 convenit.
888 407 925 439 Et
953 408 1205 439 fondamentum
1245 408 1352 447 ipsius
1389 407 1517 447 capelle
1555 408 1611 439 fiat
1636 408 1677 439 de
1704 409 1799 439 testis
1825 409 1974 449 quinque
2014 410 2044 440 in
2081 412 2176 442 terris

363 478 470 509 usque
497 470 538 501 ad
565 470 673 501 solum
701 471 809 511 ipsius
835 470 974 510 capelle,
1001 473 1031 501 ct
1057 470 1180 501 abinde
1206 478 1309 509 supra
1335 470 1376 500 de
1403 470 1499 501 testis
1525 472 1669 510 quatuor
1694 473 1724 502 et
1750 471 1867 509 tribus,
1894 474 1992 511 prout
2011 472 2180 504 videbitur

362 532 416 562 uni
444 532 565 563 valenti
594 533 753 573 magistro
779 542 796 564 a
824 542 917 563 muro
945 533 994 563 vel
1023 532 1208 571 ingeniario
1236 532 1265 562 in
1293 532 1430 562 tallibus
1456 535 1608 572 experto.
1625 531 1664 563 Et
1691 533 1721 563 in
1748 533 1865 564 eadem
1892 534 2021 574 capella
2048 534 2103 566 fiat
2129 535 2178 566 al—

361 597 429 625 tare
455 594 496 625 de
524 594 694 634 lapidibus
721 598 751 625 et
778 595 918 629 calcina,
945 594 1048 624 altum
1075 593 1116 624 ad
1144 593 1402 631 sufficienciam,
1430 594 1574 625 solatum
1601 595 1642 626 de
1669 595 1840 635 lapidibus
1878 596 1928 627 vel
1967 596 2179 629 madoncinis

362 655 498 687 drizatis
524 659 554 687 ct
580 656 717 697 frcgatis
743 665 817 687 cum
845 665 907 687 suo
934 665 1029 686 muzo
1055 664 1072 686 a
1099 656 1205 686 tribus
1244 656 1407 695 partibus,
1433 656 1481 687 sic
1507 656 1598 696 quod
1637 656 1720 688 bene
1748 659 1821 688 stet.
1850 656 1888 688 Et
1913 658 2065 690 similiter
2101 659 2180 690 fiant

359 718 424 749 duc¹
451 719 622 758 sepulture
650 720 680 749 in
709 719 813 750 terris.
847 719 877 748 in
906 718 1023 749 cadem
1051 717 1192 758 capella,
1220 718 1271 749 vel
1300 727 1364 748 una
1390 718 1432 749 ad
1460 719 1589 749 libitum
1616 719 1741 750 domini
1762 719 1940 760 Augustini
1961 721 2112 760 predicti,
2139 721 2180 753 de

365 780 535 820 lapidibus
562 786 591 812 ct
618 782 755 815 calcina,
783 781 945 811 habentes
973 789 1074 811 unum
1102 780 1247 820 lapidem
1275 781 1388 811 vivum
1417 781 1468 812 vel
1496 781 1643 812 siricium
1678 790 1753 813 cum
1781 791 1847 813 uno
1873 782 1986 814 anullo
2019 782 2093 814 ferri
2121 792 2180 824 pro

363 846 503 883 utroque
530 852 589 883 pro
615 843 797 882 aperiendo
823 845 853 873 et
879 842 1069 873 claudendo
1095 843 1204 874 dictas
1241 843 1446 883 sepulturas,
1480 844 1618 883 quando
1644 853 1732 884 opus
1758 845 1810 882 sit,
1838 853 1897 884 pro
1923 845 2122 885 sepeliendo
2148 846 2179 877 in

361 906 409 936 cis
435 914 574 945 corp.›ra
603 909 806 936 mortuorum
834 905 972 936 interius
1000 905 1148 943 limitata,
1175 908 1204 936 et
1232 906 1262 936 in
1291 914 1384 936 muro
1411 906 1520 946 ipsius
1547 906 1701 939 ecclesie.
1736 907 1828 938 iuxta
1854 907 1977 938 dictam
2004 907 2179 948 capellam,

361 977 420 1008 pro
447 969 590 1008 intraytu
618 968 726 1007 ipsius
751 967 891 1007 capelle,
918 967 973 999 fiat
1000 977 1086 999 unus
1112 968 1235 999 arelius
1261 968 1302 1000 de
1329 968 1500 1008 lapidibus
1527 971 1557 1000 et
1583 968 1712 1000 calcina
1738 968 1913 1001 sufficiens
1939 972 1970 1001 et
1997 970 2118 1008 bonus,
2144 973 2175 1002 et

362 1030 391 1060 in
419 1040 458 1061 eo
485 1035 627 1069 ponatur
654 1039 718 1061 una
745 1029 848 1061 fetata
875 1029 1049 1062 sufficiens
1076 1030 1163 1067 terri,
1189 1030 1301 1062 danda
1321 1040 1380 1071 per
1397 1031 1570 1062 dominum
1597 1030 1824 1072 Augustinum
1851 1032 2050 1072 predictum,
2076 1041 2179 1073 super

364 1093 472 1132 platea
498 1093 586 1123 dicte
613 1092 756 1123 ecclesie
784 1092 835 1124 vel
864 1093 894 1123 in
921 1093 1012 1124 dicto
1038 1093 1200 1124 cimiterio
1227 1102 1331 1133 prope
1358 1093 1466 1133 ipsam
1504 1093 1669 1133 capellam
1696 1096 1727 1125 et
1753 1094 1910 1134 ponenda
1937 1094 1968 1125 in
1995 1103 2096 1135 opere
2123 1103 2182 1135 per

367 1155 483 1186 tratres
509 1158 539 1186 et
567 1153 779 1186 Conventum
806 1155 989 1195 predictos,
1015 1158 1046 1186 et
1073 1155 1103 1186 in
1130 1156 1287 1187 sumitate
1313 1156 1392 1187 dicti
1420 1164 1519 1187 arcus
1536 1154 1588 1195 (1)
1591 1181 1652 1187 ......
1680 1158 1824 1196 ponatur
1842 1165 1933 1188 arma
1959 1157 2118 1195 intaliata‚
2145 1157 2176 1188 in

363 1217 472 1257 lapide
499 1217 577 1248 vivo
604 1217 655 1248 vel
682 1218 813 1250 sericio,
840 1218 919 1249 dicti
947 1218 1072 1249 domini
1099 1217 1278 1259 Augustini
1298 1220 1329 1249 et
1348 1218 1465 1258 prollis
1491 1227 1551 1250 sue
1556 1243 1616 1249 ......
1645 1219 1675 1249 in
1695 1219 1817 1250 sericio
1836 1219 1887 1251 vel
1908 1219 2019 1259 lapide
2046 1219 2124 1251 vivo
2129 1245 2180 1251 .....

362 1282 587 1310 constructam
615 1282 644 1310 et
670 1279 819 1310 dotatam
847 1288 906 1319 pro
933 1288 997 1311 una
1024 1280 1128 1311 missa
1154 1280 1243 1310 omni
1269 1279 1322 1311 die
1360 1280 1560 1311 celebranda
1599 1281 1630 1311 in
1667 1280 1798 1321 capella
1836 1281 1997 1321 predicta,
2034 1290 2093 1322 per
2122 1281 2183 1312 do-

362 1342 485 1372 minum
513 1341 739 1382 Augustinum
744 1367 805 1373 ......
834 1351 894 1382 pro
921 1342 1074 1374 mercede
1100 1342 1209 1374 anime
1237 1350 1307 1373 sue.
1336 1341 1412 1373 ltem
1439 1342 1633 1383 adimpletis
1652 1343 1853 1374 omnibus...
1873 1343 2093 1383 suprascripti
2121 1344 2181 1375 do-

363 1404 440 1434 mini
480 1403 575 1435 Prior
599 1407 631 1435 et
656 1404 775 1436 tratres
801 1413 840 1436 ac
865 1403 1065 1436 Conventus
1101 1405 1189 1436 dicte
1227 1404 1367 1436 ecclesie
1404 1407 1579 1436 teneantur
1604 1407 1635 1436 et
1660 1413 1696 1436 se
1722 1414 1761 1436 ac
1788 1405 1876 1436 bona
1902 1405 2010 1446 ipsius
2037 1405 2178 1437 ecclesie

357 1466 533 1507 obbligent
559 1467 709 1506 predicta
735 1467 847 1498 omnia
874 1476 935 1507 pro
961 1466 1072 1498 futuro
1098 1469 1313 1498 manutenere
1352 1469 1527 1507 perpetuo,
1566 1467 1699 1499 nomine
1733 1467 1820 1499 dicte
1847 1467 2002 1505 ecclesie,
2028 1477 2066 1499 ac
2091 1468 2180 1500 omni

360 1529 413 1560 die
440 1531 603 1569 perpetuo
630 1529 800 1561 celebrare
825 1531 857 1561 et
883 1529 1056 1561 cellebrari
1083 1529 1194 1561 facere
1222 1530 1253 1560 in
1279 1530 1396 1561 eadem
1423 1529 1554 1570 capella
1581 1530 1718 1561 missam
1739 1539 1837 1561 unam
1853 1539 1912 1571 per
1929 1530 2049 1562 tratres
2067 1531 2176 1571 ipsius

359 1591 501 1622 ecclesie
529 1600 588 1631 pro
615 1592 767 1623 mercede
793 1592 902 1623 anime
928 1592 1054 1623 domini
1082 1591 1262 1632 Augustini
1289 1592 1440 1632 predicti.
1468 1591 1546 1623 Item
1585 1592 1675 1632 quod
1713 1592 1793 1624 dicti
1829 1592 1959 1630 fratres,
1986 1590 2179 1633 Capitulum

361 1656 393 1684 ct
419 1651 618 1685 Conventus
656 1654 799 1685 ecclesie
838 1657 954 1685 sancte
991 1653 1165 1685 Mustiolle
1202 1654 1363 1694 predicte,
1402 1663 1463 1685 nec
1490 1663 1555 1685 non
1581 1654 1740 1686 dominus
1766 1653 1956 1686 Generallis
1982 1657 2013 1686 et
2039 1654 2180 1686 Provin-

361 1716 467 1747 ciallis
494 1714 632 1747 Ordinis
659 1715 903 1748 Heremitarum
945 1717 1084 1757 predicti
1112 1725 1150 1748 ac
1176 1716 1280 1757 aliqui
1313 1716 1380 1754 alii,
1406 1717 1473 1748 sint
1509 1717 1564 1757 qui
1603 1716 1729 1755 vellint,
1768 1717 1809 1748 de
1846 1720 1958 1749 cetero
1995 1717 2180 1758 predictam

361 1778 525 1819 capellam
553 1779 583 1810 in
612 1781 681 1810 toto
708 1788 768 1810 nec
795 1779 826 1810 in
854 1781 946 1819 parte
973 1779 1130 1811 vendere,
1167 1779 1324 1816 alienare,
1362 1779 1412 1810 vel
1441 1779 1472 1810 in
1498 1779 1600 1810 alium
1639 1779 1690 1810 vel
1717 1779 1803 1811 alios
1839 1779 2019 1811 transferre
2045 1780 2178 1820 possint

364 1841 603 1881 quovismodo,
629 1850 743 1880 causa,
770 1842 905 1882 ingenio
932 1842 983 1873 vel
1011 1842 1210 1880 occaxione,
1237 1850 1303 1882 que
1329 1842 1394 1873 dici
1422 1841 1473 1873 vel
1500 1842 1685 1882 excogitari
1713 1842 1832 1882 possit.
1859 1842 1917 1873 sed
1944 1851 2004 1882 per
2031 1844 2181 1874 eternum

362 1904 435 1943 ipsa
462 1904 591 1944 capella
618 1905 649 1935 in
676 1907 781 1936 totum
808 1913 882 1935 cum
909 1905 1009 1936 dictis
1035 1904 1219 1945 sepulturis
1245 1905 1288 1936 sit
1313 1906 1343 1936 et
1370 1913 1446 1936 esse
1473 1904 1595 1936 debeat
1622 1904 1747 1935 domini
1775 1903 1955 1945 Augustini
1982 1905 2124 1945 predicti
2151 1907 2183 1936 et

364 1966 519 1998 {illiorum
547 1976 684 1998 suorum
711 1976 749 1998 ac
776 1976 891 1998 eorum
931 1967 1209 1998 descendentium
1237 1968 1268 1998 et
1293 1975 1531 1998 successorum
1559 1976 1618 2007 per
1643 1967 1762 1998 lineam
1800 1967 2020 1998 masculinam
2054 1968 2182 1998 tantum

362 2037 420 2069 per
453 2032 603 2060 eternum
637 2031 669 2060 et
694 2038 769 2061 cum
797 2029 985 2070 integritate
1012 2031 1043 2061 et
1069 2030 1141 2061 sine
1167 2029 1340 2060 dubietate
1365 2029 1478 2069 aliqua
1505 2030 1536 2060 et
1562 2029 1764 2069 exceptione
1791 2038 1850 2069 per
1874 2030 2036 2060 eternum.
2076 2028 2115 2060 Et
2153 2029 2180 2061 si

361 2092 500 2132 predicti
527 2101 644 2123 omnes
669 2092 870 2124 decederent
897 2092 997 2123 nullis
1024 2092 1148 2123 relictis
1174 2091 1251 2123 tiliis
1277 2091 1330 2123 vel
1357 2091 1645 2123 descendentibus
1664 2091 1837 2123 mascullis
1855 2100 1898 2122 ex
1917 2091 1977 2130 eis,
1996 2094 2074 2123 tunc
2093 2091 2183 2123 dicta

366 2154 496 2194 capella
522 2163 596 2185 cum
624 2154 808 2194 sepulturis
835 2154 1011 2194 premissis
1049 2156 1197 2186 transeat
1222 2154 1264 2185 ad
1291 2153 1376 2185 alios
1413 2162 1531 2185 omnes
1557 2153 1598 2185 de
1625 2151 1836 2185 Sclaffenatis
1873 2153 2068 2191 mascullos,
2094 2155 2124 2185 et
2150 2154 2182 2184 in

365 2217 456 2248 dicto
482 2225 575 2254 casu,
601 2217 680 2248 dicti
707 2217 748 2248 de
775 2226 836 2248 sua
863 2217 956 2257 prole
982 2217 1168 2249 succedant
1193 2217 1224 2248 in
1252 2216 1362 2248 locum
1389 2217 1515 2247 domini
1535 2215 1714 2257 Augustini
1734 2215 1874 2256 predicti
1893 2218 1924 2247 et
1942 2224 2180 2248 successorum

366 2288 503 2310 suorum
541 2280 768 2319 predictorum
807 2279 1041 2311 deiiciencium
1069 2282 1103 2311 ut
1128 2288 1242 2320 supra,
1279 2279 1392 2320 quoad
1431 2280 1643 2319 patronatum
1670 2280 1701 2310 et
1727 2279 1966 2310 honoranciam
1994 2279 2103 2319 ipsius
2128 2287 2183 2310 ca-

364 2342 450 2381 pelle
476 2345 506 2373 et
532 2342 780 2382 sepulturarum
807 2342 1031 2382 predictarum
1059 2344 1197 2374 tantum.
1225 2341 1263 2373 Et
1289 2351 1331 2373 ex
1357 2342 1504 2373 adverso
1541 2341 1652 2373 dictus
1689 2341 1847 2372 dominus
1885 2340 2096 2382 Augustinus
2122 2350 2183 2382 pro

364 2405 515 2435 incontro
541 2405 689 2436 omnium
716 2407 747 2436 et
773 2405 981 2445 singulorum
1008 2405 1195 2436 fiendorum
1223 2413 1282 2445 per
1307 2404 1464 2435 dominos
1496 2403 1616 2435 fratres
1642 2404 1673 2435 et
1698 2401 1912 2435 Conventum
1928 2404 2099 2444 predictos
2125 2412 2181 2435 ec-

364 2466 466 2498 clesie
504 2470 620 2498 sancte
658 2467 832 2499 Mustiolle
870 2468 1030 2507 predicte,
1056 2471 1086 2498 et
1112 2467 1415 2507 promittendorum
1442 2475 1502 2506 per
1527 2474 1584 2497 eos
1611 2467 1645 2496 ut
1671 2474 1784 2505 supra,
1811 2474 1868 2505 per
1873 2491 1934 2496 ......
1961 2466 2040 2497 dare
2066 2467 2097 2497 et
2123 2474 2183 2497 ex-

363 2529 502 2560 bursare
529 2530 559 2560 in
586 2530 734 2561 danariis
762 2531 943 2561 numeratis
970 2530 1097 2561 infra...
1126 2530 1228 2561 libras
1254 2529 1418 2560 ducentas
1444 2527 1635 2568 imperiales
1660 2536 1698 2559 ac
1725 2527 1861 2559 dedisse
1866 2553 1916 2559 .....
1943 2536 2046 2568 super
2070 2527 2181 2568 platea

363 2592 504 2622 ecclesie
531 2596 644 2623 sancte
665 2592 838 2623 Mustiolle
865 2591 1023 2632 prefacte,
1050 2592 1122 2623 sive
1149 2592 1180 2622 in
1207 2591 1370 2622 cimiterio
1396 2590 1505 2631 ipsius
1530 2589 1673 2621 ecclesie
1700 2598 1717 2620 a
1744 2592 1836 2629 parte
1862 2589 1981 2621 dextra
2000 2590 2109 2630 ipsius
2128 2598 2182 2621 ec-

364 2654 466 2685 clesie
492 2654 629 2685 seratam
658 2663 755 2685 unam
784 2655 905 2686 bonam
932 2656 963 2686 et
989 2655 1197 2686 suticientem
1224 2653 1298 2685 ferri
1326 2662 1387 2693 pro
1414 2652 1571 2693 ponendo
1597 2652 1638 2683 ad
1666 2652 1845 2692 introytum
1881 2652 1968 2683 dicte
1995 2652 2123 2692 capelle
2149 2652 2180 2683 in

365 2717 468 2748 archu
494 2717 726 2757 suprascripto
752 2717 910 2748 omnibus
935 2717 1098 2757 expensis
1126 2716 1234 2756 ipsius
1260 2715 1386 2747 domini
1413 2714 1604 2755 Augustini.
1631 2712 1697 2745 Sed
1723 2713 1811 2745 facta
1837 2714 1905 2745 talli
1925 2714 2183 2755 consignatione

366 2782 399 2810 ut
425 2787 538 2819 supra,
564 2779 643 2810 dicti
671 2779 788 2810 fratres
814 2782 845 2810 et
871 2777 1069 2811 Conventus
1094 2780 1270 2810 teneantur
1295 2780 1326 2809 et
1351 2777 1497 2809 debeant
1523 2776 1611 2807 illam
1638 2775 1776 2807 seratam
1803 2777 1882 2816 poni
1902 2775 2012 2808 facere
2031 2777 2063 2808 in
2081 2785 2183 2817 opere

366 2841 407 2872 ad
435 2841 597 2881 capellam
624 2842 890 2881 suprascriptam
918 2851 976 2882 per
1002 2842 1149 2879 modum,
1168 2841 1259 2881 quod
1287 2841 1371 2872 bene
1397 2841 1462 2871 stet
1480 2841 1510 2870 et
1529 2839 1698 2876 convenit,
1717 2840 1747 2870 et
1765 2839 1806 2870 ad
1826 2839 1966 2871 eandem
1992 2847 2179 2879 expensam

365 2904 524 2935 dominus
550 2903 762 2944 Augustinus
789 2904 861 2944 ipse
887 2905 1020 2935 minime
1047 2906 1208 2941 teneatur,
1234 2903 1294 2935 sed
1321 2902 1446 2933 domini
1474 2901 1592 2932 fratres
1611 2903 1642 2932 et
1660 2899 1859 2933 Conventus
1878 2901 2029 2941 predicti,
2055 2910 2097 2933 ex
2123 2901 2182 2933 de-

368 2966 470 2998 nariis
495 2966 746 3006 suprascriptis.
774 2965 811 2997 Et
838 2966 921 2997 ultra
948 2967 1020 3006 ipse
1046 2966 1204 2997 dominus
1230 2964 1441 3006 Augustinus
1467 2963 1538 2994 vult
1556 2963 1635 2995 dare
1661 2972 1721 3004 pro
1747 2963 1844 2995 docte
1863 2963 1972 3004 ipsius
1998 2963 2127 3004 capelle
2152 2965 2184 2995 et

425 3108 454 3131 (l‘
471 3107 513 3132 Qui
530 3114 541 3129 c
557 3109 578 3129 in
593 3109 645 3129 altri
661 3109 738 3134 luoghi
754 3114 812 3129 sono
828 3109 924 3133 segnate
948 3107 1028 3128 lacunc
1051 3113 1091 3133 per
1113 3107 1189 3132 guasti
1205 3106 1251 3127 del-
1306 3105 1320 3126 l'
1331 3104 1448 3130 originale.
