2347 3444
294 193 354 225 186

289 326 409 357 dilecto
435 326 571 357 domino
597 327 756 367 magistro
783 326 918 358 Iohanni
946 326 1091 358 Antonio
1118 326 1157 356 de
1183 325 1320 361 Vellate,
1347 333 1438 355 sacre
1457 324 1578 365 pagine
1597 323 1792 364 professori,
1810 323 1948 356 Ordinis
1966 324 2102 356 fratrum

289 387 528 419 Heremitarum
556 389 659 420 sancti
687 388 864 429 Augustini
883 386 943 427 (l),
971 389 1000 419 in
1028 389 1157 427 hocque
1185 387 1306 417 idoneo
1331 388 1362 416 et
1386 386 1500 426 capaci
1519 385 1561 416 ad
1580 386 1811 417 executionem
1830 387 2102 427 consequendam

290 449 489 490 infrascripti
528 450 703 490 prioratus,
742 450 966 481 mediantibus
993 449 1163 489 presertim
1199 448 1315 479 litteris
1341 447 1610 488 dispensatoriis,
1637 448 1667 478 in
1695 448 1757 479 boc
1782 450 1812 479 et
1838 448 1913 479 aliis
1939 448 2104 480 benefitiis

288 512 548 553 consequendis,
585 512 648 543 sibi
685 513 858 543 concessis
884 521 940 552 per
966 510 1282 541 reverendissimum
1310 518 1395 540 nunc
1421 509 1592 550 quondam
1619 510 1650 541 in
1677 508 1812 542 Cbristo
1839 513 1964 551 patrem
1990 512 2021 542 et
2047 510 2106 542 do-

290 576 414 606 minum
441 575 611 606 dominum
629 573 758 606 Petrum
776 574 986 604 miseratione
1013 573 1126 603 divina
1153 572 1236 603 tituli
1263 572 1367 603 sancti
1387 570 1465 604 Sisti
1485 575 1697 604 sacrosancte
1712 581 1846 604 romane
1862 572 2008 605 Ecclesie
2034 581 2107 613 pre-

290 638 448 669 sbiterum
475 635 698 671 Cardinalem,
728 635 949 667 Patriarebam
977 633 1401 674 Constantinopolitanumâ€š
1421 643 1548 665 necnon
1569 633 1714 672 Peruxii,
1733 634 1866 672 Tussie,
1897 635 2105 673 Lombardie,

290 703 349 730 etc.
377 699 570 739 Apostolice
596 697 693 730 Sedis
721 697 888 737 Legatum,
926 696 1013 727 datis
1039 695 1197 733 Venetiis,
1223 704 1311 727 anno
1337 705 1354 727 a
1380 695 1561 727 Nativitate
1587 695 1720 727 Domini
1748 696 1924 728 millesimo
1951 697 2108 737 quadrin-

290 762 475 802 gentesimo
502 761 751 801 septuagesimo
778 759 888 793 tercio,
916 759 1095 790 indictione
1121 761 1228 796 sexta,
1255 759 1307 790 die
1333 768 1412 790 vero
1439 759 1554 799 quinta
1581 760 1706 791 mensis
1742 759 1890 790 octobris
1907 756 1968 799 (2),
1995 758 2108 790 Ponti-

291 824 408 855 ficatus
433 823 634 854 sanctissimi
663 823 692 852 in
719 820 854 853 Christo
882 821 985 861 patris
1010 823 1040 852 et
1067 821 1192 852 domini
1220 821 1322 852 nostri
1350 821 1474 852 domini
1502 819 1580 853 Sisti
1607 820 1730 852 Divina
1768 820 1983 852 Providentia
2017 820 2107 861 Pape

291 887 396 926 quarti
423 894 510 916 anno
537 885 641 917 tertio.
679 884 751 914 eius
789 883 900 923 sigillo
938 883 1095 923 pendenti
1134 884 1280 920 munitis,
1318 892 1408 914 more
1446 882 1593 916 Romane
1619 882 1730 921 Curie,
1756 887 1787 915 et
1812 892 1922 915 coram
1949 884 2049 915 nobis
2075 884 2106 914 in

290 948 441 988 originali
477 946 591 979 forma.
619 955 675 986 per
702 946 810 986 ipsum
849 945 1021 976 dominum
1060 946 1254 986 magistrum
1292 945 1471 976 loliannem
1509 945 1689 977 Antonium
1725 946 1768 977 ibi
1795 947 1956 978 exhibitis
1981 948 2011 977 et
2037 955 2110 987 pre-

291 1010 440 1043 sentatis,
467 1009 606 1040 salutem
633 1010 663 1038 et
689 1008 729 1038 de
756 1007 845 1038 bono
873 1008 902 1038 in
930 1007 1049 1039 melius
1083 1007 1331 1039 incrementum.

381 1071 562 1111 Religionis
589 1070 690 1106 zelus,
717 1070 783 1100 vite
808 1072 839 1100 et
866 1078 992 1100 morum
1020 1070 1180 1101 honestas
1217 1070 1349 1110 aliaque
1387 1070 1568 1101 laudabilia
1602 1070 1779 1111 probitatis
1804 1073 1834 1102 et
1861 1071 2017 1102 virtutum
2044 1079 2111 1102 me-

292 1135 361 1166 ritav
389 1133 512 1173 quibus
538 1141 715 1173 personam
755 1135 844 1163 tuam
883 1132 1039 1163 novimus
1078 1133 1280 1173 insignitam,
1307 1141 1369 1163 nos
1395 1133 1540 1164 excitant
1574 1133 1694 1173 pariter
1720 1135 1750 1164 et
1776 1133 1936 1164 inducunt
1961 1135 1991 1164 te
2016 1133 2111 1164 favo-

292 1196 384 1226 ribus
411 1195 568 1235 prosequi
607 1194 775 1235 gratiosis,
813 1196 938 1225 attento
975 1194 1073 1225 etiam
1112 1195 1268 1235 precipue
1306 1194 1422 1226 litteris
1456 1194 1714 1235 dispensatoriis
1739 1195 1925 1227 antedictis.
1953 1195 2036 1226 Hinc
2061 1197 2111 1227 est

292 1257 393 1298 quod,
420 1257 582 1288 vacltante
609 1257 755 1297 prioratu
782 1256 822 1287 de
849 1255 1013 1288 Seliancio
1051 1259 1254 1297 nuncupato,
1293 1256 1527 1298 Pergamensis
1564 1257 1720 1295 diocesis,
1755 1266 1811 1298 per
1836 1258 1963 1289 obitum
2000 1257 2110 1290 fratris

292 1319 448 1350 lobannis
475 1319 514 1350 de
542 1317 809 1349 Putbeobonello
837 1319 944 1359 ipsius
970 1319 1137 1359 prioratus
1163 1319 1267 1350 ultimi
1295 1319 1425 1359 prioris,
1451 1321 1544 1350 extra
1572 1318 1753 1352 Romanam
1780 1318 1914 1351 Curiam
1934 1328 2039 1360 nuper
2056 1320 2113 1351 de-

291 1382 404 1419 functi,
429 1382 603 1422 cupientes
628 1381 735 1412 eidem
763 1381 933 1421 prioratui,
960 1382 1016 1421 qui
1043 1390 1060 1412 a
1087 1382 1290 1413 monasterio
1317 1384 1431 1413 nostro
1456 1382 1624 1413 antedicto
1651 1381 1751 1413 Beate
1784 1382 1888 1413 Marie
1925 1380 2112 1414 Clarevalis

291 1444 458 1484 dependet
483 1446 514 1475 et
538 1444 634 1475 cuius
661 1444 818 1484 provixio
843 1446 874 1474 et
899 1443 1043 1481 collatio,
1082 1444 1159 1475 dum
1198 1453 1255 1484 per
1288 1445 1438 1484 tempora
1475 1445 1604 1482 vacbat,
1631 1444 1672 1475 ad
1699 1453 1772 1481 nos,
1809 1445 1928 1476 virtute
1959 1444 2112 1476 iamdicte

291 1506 487 1537 commende
514 1508 636 1543 nostre,
663 1508 791 1546 spectat
816 1508 847 1537 et
873 1506 1023 1546 pertinet,
1050 1506 1090 1537 de
1117 1515 1261 1546 persona
1287 1506 1419 1547 ydonea
1446 1507 1633 1547 providere,
1660 1516 1699 1538 ne
1726 1507 1770 1537 ob
1796 1506 1885 1538 illius
1911 1505 2036 1538 Prioris
2060 1515 2114 1538 ca-

292 1569 395 1599 rentia
422 1569 452 1599 in
480 1568 713 1608 spiritualibus
738 1570 769 1599 et
794 1568 1037 1608 temporalibus
1063 1569 1277 1609 dispendium
1304 1571 1335 1600 et
1360 1569 1542 1609 dampnum
1558 1569 1625 1609 pati
1645 1569 1764 1606 valeat,
1791 1568 1976 1600 Prioratum
2004 1569 2112 1609 ipsum

292 1639 365 1661 cum
392 1631 463 1661 suis
490 1630 618 1661 iuribus
643 1632 674 1661 et
699 1630 917 1670 pertinentiis,
955 1631 1024 1668 tibi,
1052 1631 1082 1661 in
1109 1631 1212 1662 nostri
1251 1632 1417 1671 presentia
1453 1631 1646 1669 constitutO,
1683 1631 1861 1672 probitatis
1893 1633 1924 1662 et
1957 1631 2114 1662 virtutum

293 1693 417 1723 meritis
443 1692 617 1733 diligenter
642 1693 787 1729 attentis,
813 1692 997 1724 secundum
1023 1693 1300 1724 consuetudinem
1328 1693 1473 1724 iamdicti
1500 1693 1692 1725 monasterii
1718 1693 1833 1731 nostri,
1867 1693 1958 1734 quod
1984 1695 2018 1724 ut
2043 1701 2116 1734 pre-

292 1754 393 1786 fertur
419 1755 450 1785 in
476 1755 707 1786 commendam
734 1755 952 1793 obtinuimus,
979 1755 1163 1787 secundum
1190 1764 1290 1795 quam
1317 1756 1445 1796 priores
1471 1755 1548 1786 dicti
1576 1756 1743 1796 prioratus
1768 1756 1810 1787 ad
1837 1758 1952 1786 nutum
1978 1755 2112 1787 abbatis

295 1826 354 1857 pro
381 1819 528 1857 tempore
555 1817 746 1848 monasterii
774 1817 931 1855 iamdicti,
957 1819 987 1848 et
1013 1826 1071 1848 seu
1098 1818 1201 1849 nostri
1228 1820 1380 1858 respectu
1418 1818 1614 1849 commende
1651 1818 1815 1855 iamdicte,
1852 1818 1999 1849 amoveri
2037 1826 2116 1849 con-

295 1882 485 1915 sueverunt,
512 1880 714 1919 presentium
741 1882 853 1910 tenore
879 1879 1082 1911 conferimus
1108 1883 1138 1911 et
1164 1880 1204 1911 de
1231 1880 1286 1911 illo
1312 1880 1409 1911 etiam
1429 1880 1657 1920 providemus,
1677 1881 1894 1911 investientes
1912 1883 1941 1911 te
1961 1881 1991 1911 in
2011 1880 2113 1911 nostri

294 1942 462 1982 presentia
487 1941 586 1973 flexis
612 1942 755 1982 genibus
781 1943 1008 1980 constitutum,
1035 1951 1092 1983 per
1117 1942 1206 1974 anuli
1246 1943 1350 1983 digito
1377 1945 1433 1973 tuo
1459 1943 1694 1974 tradditIOnem
1720 1946 1751 1974 et
1776 1943 1886 1974 birreti
1923 1943 2023 1983 capiti
2057 1945 2114 1974 tuo

295 2004 556 2044 impositionem,
584 2004 623 2035 de
650 2004 799 2044 predicto
826 2005 972 2045 prioratu
999 2007 1029 2036 et
1055 2005 1213 2045 predictis
1250 2005 1322 2037 suis
1359 2005 1487 2036 iuribus
1512 2008 1543 2036 et
1568 2005 1785 2046 pertinentiis,
1819 2007 1952 2045 recepto
1978 2005 2070 2045 prius
2095 2013 2113 2036 a

294 2069 324 2097 te
352 2066 536 2097 iuramento
563 2066 676 2097 debito
703 2066 794 2106 quod
821 2067 920 2098 nobis
946 2069 976 2098 et
1001 2067 1257 2098 successoribus
1283 2068 1406 2098 nostris
1432 2067 1595 2098 obediens
1621 2068 1685 2098 eris
1710 2069 1741 2098 et
1767 2067 1858 2107 quod
1885 2067 1972 2098 bona
1999 2067 2116 2098 immo-

296 2129 375 2159 bilia
401 2131 431 2159 et
458 2129 604 2169 pretiosa
642 2129 718 2160 dicti
757 2129 925 2169 prioratus
962 2138 1027 2160 non
1064 2129 1239 2167 alienabis,
1277 2129 1376 2161 nobis
1401 2131 1432 2160 et
1457 2129 1712 2161 suecessoribus
1749 2130 1872 2161 nostris
1907 2129 2115 2167 inconsultis,

296 2191 456 2231 quodque
492 2191 624 2222 adiutor
657 2192 722 2222 eris
747 2191 788 2222 ad
815 2192 1084 2223 conservandum
1110 2193 1141 2223 et
1167 2191 1447 2223 manutenendum
1486 2191 1584 2228 bona,
1623 2191 1880 2229 iurisdictiones,
1915 2192 2060 2223 bonores
2085 2194 2116 2222 et

297 2253 366 2283 iura
393 2253 469 2284 dicti
496 2254 688 2284 monasterii
717 2254 830 2285 nostri.
857 2252 1011 2286 Ceterum
1039 2255 1206 2286 universis
1231 2256 1261 2285 et
1287 2253 1429 2295 singulis
1447 2253 1614 2294 religiosis
1639 2262 1676 2284 ac
1701 2253 1829 2285 clericis
1854 2254 1895 2284 ad
1923 2253 2114 2294 ponendum

367 2411 384 2433 l)
401 2410 466 2430 Frate
482 2410 594 2431 Ciiovanni
605 2411 705 2431 Antonio
721 2411 749 2431 da
766 2411 846 2432 Velnte
861 2411 873 2432 e
889 2411 1006 2432 ricortlato
1018 2411 1054 2432 dal
1065 2411 1181 2437 TORELLl,

302 2453 348 2477 Vll,
364 2454 410 2477 239,
427 2456 491 2473 sotto
516 2454 599 2474 l'rinno
618 2455 675 2479 1â´78,
692 2460 757 2475 come
780 2456 885 2476 mnes-tro
901 2456 1051 2476 celeberrimo
1067 2456 1090 2476 in
1106 2461 1179 2481 sagra

303 2498 421 2522 tcolâ€¹â€ºginÍ¾
439 2498 500 2522 figlio
516 2498 551 2518 del
568 2498 689 2519 Convento
705 2499 726 2519 di
743 2498 765 2519 S.
783 2499 863 2519 Marco
875 2499 895 2519 di
908 2499 995 2520 Mil-ano
1007 2500 1066 2520 dove
1082 2500 1117 2520 nel
1131 2500 1181 2520 1472

303 2541 325 2561 fu
343 2540 458 2565 Regnente
475 2542 533 2566 degli
550 2542 624 2562 Studii
641 2550 652 2563 e
668 2543 759 2563 vicario
775 2543 886 2564 Gcnerale
910 2544 1041 2569 OSSlNGER,
1054 2550 1105 2570 pag.
1122 2545 1182 2569 907)Í¾

303 2585 437 2606 confessore
460 2592 471 2606 c
493 2586 620 2611 famigliare
636 2587 656 2607 di
674 2587 773 2608 Ascanio
799 2588 872 2609 Maria
898 2588 986 2609 Sforzav
1013 2588 1053 2609 Nel
1080 2589 1131 2609 1478
1146 2594 1180 2609 es-

304 2630 376 2649 sendo
392 2630 435 2655 egli
453 2630 530 2651 Priore
547 2631 582 2651 del
598 2631 719 2652 Convento
735 2632 756 2652 di
773 2631 794 2652 S,
812 2632 901 2657 Marco,
917 2633 938 2653 vi
954 2632 976 2653 fu
993 2633 1122 2654 introdottn
1139 2633 1183 2654 l'e-

304 2676 367 2694 satta
383 2679 524 2695 osservanza
541 2675 644 2700 regolare
667 2675 773 2699 Â«Ibidem,
791 2682 842 2702 pagâ´
859 2677 914 2700 294).
938 2677 978 2697 Nel
1001 2677 1051 2698 1486
1066 2677 1088 2698 fu
1105 2677 1133 2698 da
1149 2677 1182 2698 ln-

303 2724 406 2739 nocenzo
422 2718 469 2739 vul
485 2718 628 2739 confermato
644 2720 712 2745 quale
727 2721 922 2741 amministratum
939 2723 1053 2747 perpetuo
1069 2721 1104 2742 del
1120 2721 1179 2743 Con-

303 2764 372 2782 vento
388 2763 410 2782 di
426 2762 448 2783 S.
459 2762 532 2783 Maria
544 2763 579 2783 del
593 2763 676 2788 Î’Î¿ÎµÎµÎ¿,
688 2763 832 2789 dipendenza
844 2764 879 2785 dei
891 2765 1012 2786 Convento
1024 2766 1045 2786 di
1057 2765 1079 2786 S.
1093 2766 1181 2787 Marco.

305 2807 378 2827 carica
394 2812 407 2827 a
423 2807 453 2827 lui
469 2807 506 2833 gia
521 2807 616 2828 affidata
633 2808 669 2828 dai
686 2807 757 2828 Priori
781 2808 885 2829 Generali
908 2810 1031 2835 ambrogio
1054 2810 1082 2830 da
1098 2810 1150 2831 Corl
1167 2816 1178 2831 e

305 2851 414 2872 Anselmo
423 2851 451 2872 da
461 2851 602 2872 Montefalco
611 2852 716 2877 (Ibidem,
727 2858 778 2878 pagâ´
788 2853 843 2875 353).
857 2853 880 2874 L'
888 2853 1018 2879 OssiNGER,
1028 2855 1121 2880 ibidem,
1131 2855 1181 2875 dice

305 2896 347 2916 che
363 2896 376 2916 il
392 2898 474 2916 nostro
500 2895 615 2921 Religioso
632 2896 654 2917 fu
665 2897 743 2917 altresl
755 2897 826 2917 eletto
848 2896 990 2918 Provincialc
1006 2898 1027 2918 di
1044 2898 1181 2919 Lombardia

305 2940 340 2961 nel
359 2940 416 2961 1478.
434 2940 450 2961 Î•
465 2940 501 2961 cio
516 2940 528 2961 e
543 2940 687 2961 conformato
702 2941 774 2962 anche
783 2941 811 2961 da
824 2947 853 2962 un
864 2942 1004 2963 documento
1020 2943 1182 2964 dell'Arcliivio

306 2984 408 3005 Notarile
424 2985 446 3005 di
463 2985 542 3010 Pavia,
565 2987 647 3010 rogato
669 2985 697 3006 da
716 2985 838 3006 Guniforto
861 2985 1018 3012 Strazzapatti
1034 2987 1054 3007 ai
1073 2987 1096 3008 19
1111 2987 1132 3007 di
1148 2989 1182 3008 ot-

306 3030 372 3050 tobre
390 3029 447 3054 1-180,
463 3030 498 3050 col
515 3030 582 3055 quale
598 3030 618 3050 le
633 3030 783 3055 Agostiniane
799 3030 820 3050 di
837 3029 858 3051 S.
877 3030 996 3051 Dalmazio
1012 3031 1032 3051 di
1046 3031 1115 3052 pavia
1133 3037 1186 3052 vcn-

306 3073 367 3094 dono
382 3074 464 3094 alcune
479 3074 529 3094 loro
545 3075 614 3099 terre,
630 3076 767 3095 ottenutane
784 3075 856 3100 prima
880 3075 1069 3096 autorizzazione
1085 3081 1099 3096 Î±
1115 3075 1184 3096 Reve-

1238 2412 1311 2433 rendo
1326 2418 1394 2433 sacre
1406 2412 1494 2438 pagine
1506 2411 1645 2438 professore
1660 2412 1756 2432 domino
1767 2412 1884 2437 magistro
1894 2411 1997 2433 Iohanne
2008 2411 2111 2432 Antonio

1235 2456 1263 2477 de
1283 2456 1373 2477 Veilute
1388 2456 1534 2477 Provintiale
1546 2456 1668 2476 Iâ€˜rovintie
1677 2456 1818 2476 Lonibardie
1829 2455 1928 2476 Ordinis
1938 2456 2111 2476 Heremitmum

1236 2501 1315 2521 sancti
1330 2500 1490 2526 Angustiaeâ€ž
1506 2500 1650 2521 auctoritate
1665 2502 1688 2520 et
1702 2500 1782 2525 buyiia
1798 2500 1844 2520 sibi
1859 2500 1954 2520 domino
1971 2499 2113 2521 Provintiali

1239 2550 1352 2565 concessa
1374 2550 1417 2571 per
1440 2544 1598 2566 Reverendum
1615 2544 1638 2565 in
1656 2544 1752 2565 Christo
1773 2546 1866 2570 putrem
1892 2546 1914 2565 et
1939 2550 2006 2565 sacre
2025 2543 2112 2570 pagine

1232 2588 1394 2615 professorem
1417 2589 1537 2610 dominum
1562 2589 1703 2614 magistrum
1728 2589 1880 2609 Ambroxium
1895 2589 1924 2609 de
1941 2588 2019 2610 Chora
2035 2588 2111 2609 tocius

1238 2633 1297 2654 dicti
1310 2633 1408 2654 Ordinis
1434 2633 1573 2654 Generalcm
1599 2632 1712 2653 Priorem.
1731 2633 1778 2658 Egli
1795 2633 1850 2654 mori
1875 2633 1896 2653 in
1917 2632 1988 2654 Roma
2004 2632 2018 2653 il
2033 2632 2045 2652 7
2060 2637 2112 2657 gen-

1236 2677 1289 2698 naio
1306 2677 1364 2703 1â´98,
1379 2683 1445 2698 come
1461 2677 1551 2698 rilevasi
1577 2677 1636 2698 dalla
1661 2677 1763 2703 epigrafe
1789 2683 1917 2698 marmorea
1934 2679 2002 2703 posta
2018 2676 2053 2697 sul
2069 2681 2112 2697 suo

1233 2722 1340 2747 sepulcro
1362 2722 1420 2742 nella
1444 2722 1549 2747 cappella
1565 2721 1586 2742 di
1602 2720 1624 2742 S.
1642 2721 1720 2742 Nicola
1736 2721 1765 2742 da
1781 2721 1903 2742 Tolentino
1919 2721 1940 2742 in
1956 2720 1977 2742 S.
1990 2720 2112 2747 Agosuno,

1239 2766 1352 2792 riportata
1368 2765 1404 2786 dal
1420 2765 1536 2791 TORELm,
1552 2766 1646 2790 ibidem,
1663 2771 1714 2791 pag.
1731 2766 1777 2787 509.

1286 2811 1316 2833 (2)
1332 2804 1348 2831 Î•
1364 2811 1377 2831 11
1393 2810 1530 2836 famigerato
1556 2809 1633 2830 Pietro
1658 2809 1742 2835 Riario,
1767 2812 1845 2831 creato
1870 2809 1991 2831 Cardinale
2011 2809 2025 2830 il
2043 2809 2066 2831 16
2081 2809 2112 2830 (11-

1236 2855 1328 2875 cembre
1344 2855 1401 2879 1471,
1418 2853 1502 2875 all'cta
1517 2854 1539 2874 di
1555 2854 1597 2874 soli
1613 2854 1638 2875 25
1652 2854 1712 2874 anni.
1730 2854 1793 2875 Ebbe
1809 2854 1875 2880 poclii
1892 2854 1947 2874 mesi
1957 2854 2020 2879 dopo
2035 2853 2113 2874 l'Arci-

1237 2898 1370 2919 vescovado
1385 2898 1407 2919 di
1424 2898 1525 2923 Firenze,
1542 2898 1555 2919 il
1573 2898 1716 2919 Patriarcato
1732 2898 1753 2919 di
1770 2898 1967 2924 Costantinopoli,
1992 2898 2112 2919 l'Abbazia

1238 2943 1259 2963 di
1275 2942 1297 2963 S.
1314 2943 1440 2967 Ambrogio
1456 2948 1467 2963 e
1483 2948 1512 2963 un
1529 2943 1590 2963 buon
1606 2948 1701 2963 numero
1717 2943 1738 2963 di
1754 2943 1805 2963 altri
1822 2943 1945 2964 vescovadi
1967 2943 2056 2967 minori,
2072 2947 2112 2968 per

1237 2987 1272 3008 cui
1289 2987 1308 3007 le
1323 2992 1365 3007 sue
1381 2986 1469 3007 rendite
1480 2992 1650 3012 sorpassarono
1669 2987 1762 3007 2400000
1777 2987 1816 3007 lire
1832 2987 1947 3012 all'anno,
1965 2986 2112 3007 insufficienti

1240 3037 1281 3057 per
1296 3031 1315 3051 le
1331 3031 1437 3056 esigenze
1453 3030 1514 3051 detla
1530 3036 1572 3051 sua
1588 3031 1649 3051 vitat
1666 3031 1724 3051 Mori
1748 3033 1862 3052 consunto
1878 3031 1891 3051 il
1906 3031 1919 3052 5
1933 3030 2037 3052 febbraio
2055 3031 2111 3051 147â´.

1239 3076 1294 3096 vedi
1312 3076 1334 3096 L.
1352 3075 1460 3101 PASTOR,
1477 3075 1557 3097 Storia
1573 3076 1610 3096 dei
1626 3075 1692 3102 Î¡Î±Ïá½·,
1709 3076 1795 3097 Trento
1813 3076 1871 3101 1891,
1887 3076 1932 3097 vol.
1949 3076 1975 3101 11,
1992 3081 2013 3101 Ï.
2029 3076 2110 3097 â´155?
