2347 3444
260 242 325 274 320

259 375 372 406 vitatis
400 373 547 414 Papie....
573 372 625 404 col
649 371 746 411 quale
771 370 826 401 dat
853 372 882 401 et
910 369 995 409 legat
1023 366 1227 398 monasterio
1253 365 1358 396 sancti
1386 362 1492 399 Pauli,
1529 360 1669 393 Ordinis
1695 359 1936 391 Heremitarum
1973 356 2078 387 sancti

258 437 437 478 Augustini
467 436 507 467 de
535 434 779 469 Observancia‚
806 433 870 463 sito
896 435 989 462 extra
1015 434 1045 461 et
1073 438 1176 469 prope
1204 427 1354 468 Papiam,
1381 426 1523 457 ducatos
1547 427 1679 456 centnm
1706 422 1882 462 sexaginta
1909 421 1979 452 auri
1999 422 2028 451 et
2048 420 2078 450 in

259 510 351 537 auro,
378 499 479 531 semel
507 501 644 529 tantum.

1053 613 1315 654 DLXXV.

349 741 376 768 11
403 740 664 768 Conservatore
691 737 724 764 di
752 736 786 763 S.
814 734 988 770 Agostino
1015 732 1188 761 comanda
1215 731 1247 759 al
1274 730 1377 758 Clero
1403 729 1534 758 Curato
1559 728 1594 757 di
1620 727 1732 756 Pavia
1758 737 1776 755 e
1795 726 1829 755 di
1848 726 1992 754 Novara
2018 725 2082 753 che

262 793 375 822 intimi
400 793 491 821 nelle
518 790 702 827 rispettive
727 788 946 825 parroechie.
975 786 1007 814 ai
1034 785 1208 814 detentori
1234 785 1290 812 dei
1316 783 1395 812 beni
1433 782 1526 819 degli
1564 781 1806 817 Agostiniani,
1834 780 1868 808 di
1894 778 2081 808 restituirli

263 852 357 876 sotto
382 855 471 883 pena
498 845 532 873 di
560 843 777 872 scomunica.

934 944 1090 976 1493,
1118 949 1345 975 ramex-zo,
1378 943 1417 967 1.

782 1036 860 1059 (Areli.
878 1035 958 1055 Notat⁴
976 1034 997 1054 di
1015 1033 1085 1054 Pavia
1101 1045 1125 1047 —
1142 1034 1190 1054 Ani
1207 1034 1228 1054 di
1245 1033 1301 1054 Gio:
1318 1033 1406 1053 Franco
1421 1031 1560 1055 Oravanago
1578 1047 1581 1050 .

368 1211 415 1326 I
507 1242 684 1269 OHANNES
710 1237 869 1268 Matlieus
895 1236 936 1267 de
963 1234 1120 1272 eiwons,
1147 1235 1354 1266 decretorum
1382 1233 1509 1270 doctor,
1536 1232 1805 1264 Arcliidiaconus
1831 1231 1978 1262 Ecclesie
2015 1230 2088 1262 Ma-

531 1301 610 1331 ioris
637 1299 751 1340 papie,
777 1302 996 1330 conservator
1021 1299 1232 1339 apostolicus
1257 1297 1448 1339 specialiter
1473 1297 1656 1337 deputatus
1689 1298 1902 1327 sacrosancte
1921 1294 2085 1335 Religioni

529 1363 711 1394 universali
740 1362 982 1393 Herernitarum
1010 1362 1196 1393 beatissimi
1228 1361 1431 1401 Augustini,
1470 1359 1698 1391 mediantibus
1737 1359 1854 1390 litteris
1890 1358 2084 1399 patentibus

259 1427 523 1457 conservatoriis
549 1425 721 1457 reverendi
750 1426 780 1456 in
807 1424 944 1457 Cliristo
971 1425 1076 1465 patris
1102 1425 1228 1455 domini
1255 1423 1366 1455 fratris
1385 1423 1554 1454 Ambrosii
1574 1423 1614 1454 de
1633 1421 1745 1455 Cliora
1765 1422 1917 1462 prelibati
1936 1420 2085 1459 Ordinis,

261 1491 476 1520 sacrosancte
503 1489 673 1529 theologie
700 1489 849 1529 magistri
877 1491 907 1519 et
934 1487 1139 1528 professoris
1165 1487 1391 1527 precelebrate
1412 1485 1606 1527 Religionis,
1626 1485 1686 1517 Dei
1705 1486 1810 1526 gratia
1830 1485 1965 1516 liumilis
1992 1483 2085 1514 Prio—

261 1552 306 1582 ris
321 1550 509 1586 Generalis,
525 1552 613 1582 datis
627 1554 657 1582 et
672 1552 756 1582 actis
772 1550 874 1591 Papie
891 1551 921 1581 in
938 1550 1087 1590 prefacto
1103 1549 1307 1581 monasterio
1323 1549 1428 1580 sancti
1445 1548 1636 1589 Augustini,
1651 1557 1739 1579 anno
1766 1546 2085 1580 MCCCCLXXVlll

264 1614 317 1644 die
344 1614 488 1653 septimo
516 1614 641 1644 mensis
668 1613 763 1650 lullii,
790 1622 847 1653 per
873 1613 1045 1644 dominum
1074 1612 1253 1643 Iohannem
1273 1612 1313 1643 de
1332 1611 1505 1643 Scanzolis
1532 1611 1696 1642 notarium
1717 1611 1924 1651 papiensem,
1943 1619 1983 1641 ex
2011 1618 2088 1640 auc-

264 1677 396 1707 toritate
422 1679 452 1707 et
480 1678 646 1716 potestate
673 1675 802 1716 prefato
829 1676 955 1706 domini
984 1674 1088 1706 Priori
1116 1673 1271 1706 Generali
1291 1674 1457 1711 atributis‚
1477 1674 1704 1705 mediantibus
1737 1674 1958 1714 amplissimis
1983 1672 2087 1704 bullis

263 1739 474 1778 apostolicis,
502 1739 586 1779 ipsis
613 1739 643 1769 in
670 1738 934 1769 conservatoriis
961 1738 1094 1769 insertis
1119 1740 1150 1768 et
1176 1738 1216 1768 de
1243 1737 1368 1777 quibus
1394 1737 1565 1768 offerimus
1591 1745 1654 1767 nos
1669 1739 1805 1776 paratos
1820 1736 1965 1776 amplam
1989 1736 2087 1766 fidem

265 1801 384 1838 facere,
412 1802 451 1838 si,
478 1802 616 1841 quando
642 1804 673 1832 et
700 1804 797 1841 prout
825 1801 855 1832 id
883 1800 980 1832 fuerit
1006 1810 1023 1832 a
1050 1801 1150 1831 nobis
1176 1801 1336 1831 canonice
1363 1800 1571 1840 requisitum,
1599 1800 1767 1830 universis
1785 1801 1815 1830 et
1834 1799 1977 1839 singulis
2012 1797 2089 1830 Pre-

265 1864 398 1904 positis‚
425 1863 736 1904 Arcliipresbiteris‚
763 1864 906 1903 aliisque
932 1864 1148 1894 ecclesiarum
1175 1863 1346 1894 civitatum
1374 1865 1404 1893 et
1423 1863 1595 1893 diocesum
1616 1862 1790 1902 papiensis
1819 1865 1849 1893 et
1879 1862 2090 1893 novariensis

266 1926 455 1957 rectoribus
481 1929 511 1957 et
538 1927 710 1963 ministris,
736 1935 920 1966 eorumque
947 1926 1226 1962 locatenentibus,
1251 1926 1293 1956 ad
1321 1934 1408 1965 quos
1435 1928 1608 1966 presentes
1643 1927 1832 1965 presentate
1870 1924 2001 1962 fuerint,
2039 1932 2091 1955 sa-

268 1990 368 2020 lutem
397 1990 427 2019 in
455 1988 601 2020 Domino
628 1992 658 2020 et
685 1989 853 2020 mandatis
880 1989 1004 2019 nostris
1031 1989 1166 2019 firmiter
1190 1997 1228 2020 ac
1255 1988 1422 2019 humiliter
1447 1988 1596 2019 obedire.

356 2050 442 2084 Cum
469 2052 562 2091 gravi
591 2052 739 2091 querella
767 2051 866 2082 nobis
892 2052 1053 2092 exposuit
1080 2051 1283 2082 venerabilis
1309 2051 1467 2082 dominus
1493 2050 1592 2082 frater
1630 2050 1861 2082 Bertolanieus
1898 2051 1938 2081 de
1976 2049 2094 2082 Caste-

269 2115 355 2146 lacio
381 2115 533 2145 sindicus
559 2118 589 2145 et
615 2118 844 2155 procurator...
871 2115 1064 2145 monasterii
1091 2115 1196 2145 sancti
1225 2113 1404 2155 Augustini
1433 2113 1547 2155 Papie‚
1566 2114 1657 2154 quod
1685 2123 1742 2154 per
1768 2114 1950 2144 nonnullos
1975 2114 2096 2153 iniqui-

269 2178 346 2208 tatis
372 2178 471 2215 filios,
499 2177 558 2208 Dei
588 2178 746 2208 iudicium
774 2186 839 2208 non
867 2178 1022 2208 timentes
1048 2181 1078 2208 et
1103 2180 1214 2208 eterne
1240 2177 1359 2208 salutis
1386 2177 1608 2215 immemores,
1635 2185 1776 2217 quorum
1803 2177 1937 2207 nomina
1957 2184 2096 2216 prorsus

270 2241 412 2279 ignorat,
440 2240 561 2271 furtive
587 2243 617 2271 et
643 2240 852 2271 clandestine
879 2240 1050 2271 subtracta
1076 2243 1107 2271 et
1132 2240 1199 2271 alio
1225 2242 1403 2280 exportata
1429 2239 1562 2271 fuerunt
1588 2240 1690 2271 multa
1723 2242 1754 2271 et
1788 2240 1879 2270 varia
1907 2239 1994 2270 bona
2029 2248 2098 2270 mo-

275 2302 353 2333 bilia
380 2311 417 2333 ac
444 2302 566 2333 doinus
593 2302 749 2333 utensilia
775 2305 806 2333 et
833 2303 978 2333 maxime
1005 2303 1131 2333 denarii
1151 2305 1182 2333 et
1199 2305 1373 2343 argentum
1393 2305 1597 2334 monetatum
1617 2305 1648 2333 et
1666 2311 1731 2333 non
1752 2305 1967 2339 monetatum,
1994 2302 2095 2342 panni

275 2365 330 2395 lini
358 2368 389 2396 et
417 2366 501 2403 lane,
529 2368 651 2402 vestes,
694 2366 820 2402 vinum,
847 2365 1049 2396 frumentum
1076 2368 1107 2396 et
1133 2366 1197 2396 alia
1224 2366 1358 2396 diversa
1386 2365 1485 2396 blada
1511 2368 1541 2396 et
1569 2365 1747 2406 legumina,
1773 2365 1983 2404 ferramenta,
2016 2374 2098 2397 vasa

276 2436 293 2458 a
322 2429 400 2458 vino
427 2431 456 2459 ct
484 2437 564 2459 vasa
591 2437 676 2465 erea,
704 2428 841 2468 piatelli,
869 2428 1006 2459 scutelle
1032 2431 1062 2459 et
1088 2428 1241 2459 scutelini
1270 2429 1376 2468 peltri‚
1414 2429 1564 2469 togalioli
1592 2431 1621 2459 et
1647 2429 1712 2460 alia
1739 2429 1873 2461 diversa
1904 2429 1992 2460 bona
2030 2439 2101 2460 mo-

277 2490 357 2520 bilia
383 2499 420 2521 ac
447 2491 569 2521 domus
596 2491 751 2522 utensilia
778 2494 807 2522 et
835 2491 1070 2531 supelectilia;
1104 2500 1164 2522 nec
1190 2500 1255 2522 non
1283 2491 1374 2531 quod
1402 2500 1459 2531 per
1496 2491 1678 2522 nonnullos
1716 2495 1919 2532 usurpantur
1955 2493 2099 2524 confinia

281 2552 402 2582 doinus
428 2553 553 2583 domini
582 2553 756 2593 presbiteri
785 2553 943 2584 lobannis
969 2554 1009 2584 de
1037 2554 1066 2584 la
1094 2553 1242 2584 Ecclesia
1268 2556 1299 2585 et
1324 2554 1474 2585 confines
1500 2553 1598 2584 furni.

372 2614 447 2645 ltein
476 2616 530 2654 qui
559 2616 656 2646 sciret
683 2616 774 2655 quod
801 2616 938 2656 quidam
967 2625 1081 2647 murus
1107 2616 1192 2647 furni
1219 2616 1316 2647 fuerit
1343 2616 1538 2648 satisfactus
1564 2619 1713 2656 tempore
1739 2617 1865 2648 domini
1885 2617 1996 2649 fratris
2014 2618 2102 2659 Bap-

281 2678 356 2708 tiste
383 2678 423 2708 de
452 2677 583 2710 Ros-ate.
612 2678 686 2709 ltein
716 2688 772 2718 per
799 2679 981 2710 nonnullos
1007 2682 1159 2710 tenentur
1184 2683 1214 2710 et
1240 2682 1447 2720 occupantur
1471 2683 1559 2711 certa
1586 2680 1673 2711 bona
1700 2681 1883 2712 immobilia
1911 2682 2050 2713 iacentia
2069 2682 2100 2712 in

283 2740 446 2770 territorio
474 2739 642 2774 Tronielli,
672 2741 782 2772 relicta
810 2742 898 2772 dicto
926 2743 1130 2773 monasterio
1157 2751 1214 2782 per
1233 2751 1318 2774 nunc
1337 2743 1508 2782 quondam
1528 2743 1699 2774 dominum
1721 2743 1899 2774 loliannem
1920 2743 2100 2776 Antonium

280 2803 321 2833 de
347 2801 467 2833 Strata.
495 2802 571 2833 ltein
599 2802 719 2834 furtive
746 2807 922 2844 exportata
948 2804 1080 2835 fuerunt
1108 2805 1290 2845 lignamina
1315 2805 1358 2836 ab
1384 2814 1484 2845 opere
1510 2808 1540 2836 et
1565 2814 1583 2836 a
1610 2805 1720 2837 foclio.
1747 2805 1822 2837 ltem
1850 2806 1952 2838 fracta
1970 2807 2103 2839 fuerunt

283 2868 371 2896 certa
398 2866 495 2901 ostia,
523 2874 581 2896 nec
608 2875 673 2896 non
700 2865 801 2896 fracte
827 2869 913 2897 certe
940 2867 1071 2898 domus.
1099 2866 1175 2898 ltem
1204 2868 1298 2899 incisi
1329 2867 1462 2898 fuerunt
1480 2868 1611 2899 salices.
1632 2868 1669 2899 Et
1687 2877 1751 2908 que
1770 2870 1881 2900 omnia
1899 2870 2026 2901 eisdem
2045 2870 2106 2901 do-

280 2928 373 2958 mino
401 2927 505 2959 Priori
532 2931 563 2959 et
598 2927 769 2959 Fratribus
806 2929 964 2966 celantur,
1002 2930 1231 2968 occultantur,
1268 2932 1299 2962 et
1336 2930 1483 2961 indebite
1521 2930 1709 2962 detinentur
1745 2934 1775 2962 et
1813 2935 2027 2972 usurpantur.
2064 2932 2103 2964 Et

284 2991 376 3030 quod
404 2991 444 3021 de
471 2991 630 3031 predictis
656 2991 815 3023 omnibus
842 2991 964 3023 nullam
993 2992 1167 3032 hucusque
1188 2992 1462 3024 informacionem
1483 3002 1542 3024 nec
1560 2994 1809 3025 restitucionem
1828 3004 1887 3027 nec
1905 2995 2103 3026 sententiam

284 3052 408 3084 babere
435 3056 614 3093 potuerunt
641 3062 699 3085 nec
726 3057 869 3094 possunt
897 3055 961 3095 ipsi
987 3055 1146 3086 dominus
1165 3054 1259 3086 Prior
1284 3058 1315 3087 et
1341 3055 1482 3093 Fratres,
1509 3055 1540 3087 in
1560 3056 1721 3096 ipsorum,
1739 3058 1795 3097 qui
1816 3058 1963 3098 predicta
1982 3058 2108 3090 habue-

281 3118 358 3146 runt
387 3118 417 3146 et
443 3116 614 3147 scientiam
643 3116 766 3148 liabent
792 3116 832 3148 de
859 3117 1018 3158 predictis
1044 3118 1186 3149 evidens
1211 3118 1432 3159 preiudicium
1469 3118 1654 3150 animarum
1680 3122 1712 3151 et
1738 3119 1942 3160 prefatorum
1978 3121 2105 3152 domini
