2347 3444
1937 237 2001 268 253

192 369 446 400 conventualem
474 368 550 399 dicti
577 369 763 399 conventus
789 368 892 399 sancti
920 366 1097 407 Augustini
1125 367 1299 407 papiensis
1324 366 1401 398 dicti
1429 366 1567 398 Ordinis
1593 368 1844 407 Heremitarum,
1879 370 2000 401 ibidem

195 433 380 471 presentem
407 433 437 462 et
463 439 549 461 onus
576 431 741 471 presentis
767 430 913 461 mandati
940 431 1060 470 sponte
1086 429 1337 469 suscipientem,
1375 429 1578 469 prefatorum
1617 431 1829 462 dominorum
1867 441 2006 471 congre-

193 495 356 532 gatorum,
383 493 575 523 nominibus
601 492 725 532 quibus
751 501 852 532 supra
870 494 900 523 et
920 492 1021 523 totius
1040 490 1126 523 Cleri
1146 492 1292 531 exempti
1311 492 1396 522 dicte
1415 492 1561 523 civitatis
1580 491 1693 532 l'apie,
1712 495 1833 524 certum
1855 494 2004 530 missum,

195 556 361 591 nuncium,
400 555 564 586 sindicum
590 558 621 586 et
645 557 891 595 procuratorem
919 557 948 586 et
975 554 1135 594 quicquid
1173 554 1213 585 de
1252 554 1320 585 iure
1358 554 1476 585 melius
1513 554 1576 585 dici
1603 557 1633 585 et
1659 563 1733 586 esse
1771 557 1898 595 potest,
1932 564 2008 595 spe-

193 618 319 648 cialiter
343 618 385 648 ad
411 618 672 658 comparendum
710 626 820 648 coram
860 617 1086 648 illustrissimo
1123 616 1260 647 domino
1301 617 1438 647 domino
1465 616 1556 648 Duce
1583 617 1779 655 Mediolani,
1806 620 1865 648 etc,
1892 620 1922 648 et
1948 627 2005 648 seu

193 688 304 711 coram
331 681 477 711 dominis
504 679 681 720 Deputatis
708 689 765 720 per
792 680 1029 711 Excellentiam
1057 678 1156 711 Suam
1184 688 1284 720 super
1302 680 1478 710 exactione
1496 679 1640 710 subsidii
1661 688 1718 720 per
1736 679 2007 710 Dominationem

195 741 295 774 Suam
323 743 472 782 requisiti
511 743 669 773 universo
695 741 793 774 Clero
831 743 968 773 dominii
1007 743 1069 779 sui,
1095 744 1126 773 et
1150 742 1192 773 ad
1218 742 1290 773 eius
1316 750 1374 773 seu
1408 751 1521 772 eorum
1560 742 1776 779 voluntatem,
1803 751 1848 779 se,
1876 743 2008 773 nomine

195 803 282 836 Cleri
309 805 455 844 exempti
493 805 578 835 dicte
615 805 760 835 civitatis
799 803 911 844 Papio,
938 804 1156 845 obligandum
1184 805 1214 835 in
1242 803 1347 835 fornia
1374 804 1485 835 debita
1511 806 1541 835 et
1567 804 1784 844 solempniter
1810 806 1840 835 et
1866 813 1923 844 per
1949 813 2010 844 pu-

196 867 317 897 blicum
345 867 611 903 instrumentum,
638 867 704 897 fieri
732 867 916 907 rogandum
945 876 1001 906 per
1027 875 1271 906 quemeumque
1291 855 1454 897 notarium'
1482 867 1512 897 in
1540 866 1663 897 talibus
1688 868 1862 907 expertum
1889 868 2009 897 etcum

194 929 317 960 debitis
342 928 503 959 clausulis
528 930 559 959 et
585 928 870 968 proriiissioiiibiis
896 931 926 959 et
952 929 1228 969 ‹›bligationibuS‚
1255 929 1294 959 de
1321 928 1486 959 solvendo
1513 929 1622 969 ipsum
1639 928 1828 959 subsidium
1856 938 1915 969 pro
1941 930 2010 959 rata

193 991 398 1031 contingenti
426 991 489 1030 ipsi
516 989 615 1022 Clero
641 993 798 1030 exempto
825 991 910 1022 dicte¹
936 991 1082 1022 civitatis
1109 990 1222 1031 Papie,
1248 991 1289 1022 ad
1316 993 1346 1022 et
1373 1000 1430 1031 per
1456 991 1615 1022 terminos
1647 993 1834 1022 conventos
1860 993 1890 1022 et
1917 991 2009 1022 iuxta

195 1056 341 1084 tenorem
379 1052 599 1092 capitulorum
638 1061 711 1083 cum
751 1052 954 1083 Excellentia
982 1052 1230 1084 Dominationis
1256 1052 1332 1090 Sue,
1359 1062 1416 1084 seu
1444 1053 1590 1084 dominis
1624 1052 1801 1093 Deputatis
1828 1062 1884 1093 per
1911 1053 2010 1090 illam,

195 1114 357 1146 factorum
396 1124 453 1155 per
478 1115 634 1145 dominos
673 1114 860 1155 Deputatos
887 1124 943 1155 pei·
970 1116 1161 1146 universum
1200 1114 1333 1147 Clerum
1373 1114 1621 1146 Dominationis
1647 1114 1724 1147 Sue.
1762 1115 1800 1146 Et
1825 1115 1867 1146 ad
1893 1115 2013 1146 contir-

197 1178 354 1209 mandum
382 1179 455 1218 ipsa
481 1178 627 1217 capitula
652 1177 759 1208 taliter
786 1177 881 1213 facta,
909 1180 1005 1217 prout
1032 1178 1147 1214 iacent,
1174 1179 1307 1208 nomine
1333 1178 1410 1208 dicti
1437 1176 1524 1210 Cleri
1551 1178 1697 1218 exempti
1725 1178 1920 1218 papiensis;
1948 1186 2011 1217 que

196 1241 331 1281 quidem
357 1240 503 1280 capitula
530 1241 712 1280 incipiunt:
741 1239 862 1277 Primo,
889 1240 979 1280 quod
1006 1241 1129 1271 dictum
1156 1241 1344 1271 subsidium
1373 1250 1437 1271 non
1464 1240 1605 1271 excedat
1630 1249 1793 1271 summam
1821 1241 2012 1281 octuaginta

198 1303 335 1334 millium
362 1303 531 1340 librarum,
557 1305 587 1333 et
614 1303 752 1333 liniunt:
780 1302 915 1339 Ultimo,
942 1303 1032 1342 quod
1053 1312 1109 1343 per
1128 1301 1227 1334 Suam
1247 1301 1490 1334 Celsitudinem
1510 1302 1694 1333 declaretur
1723 1303 1774 1333 cui
1806 1302 1857 1333 vel
1889 1302 2013 1342 quibus

196 1366 455 1398 exbursationes
492 1366 654 1396 dictarum
692 1366 906 1405 pecuniarum
946 1365 1012 1395 fieri
1051 1365 1204 1396 debeant.
1243 1365 1281 1396 Et
1318 1374 1382 1405 que
1419 1365 1565 1405 capitula
1604 1365 1726 1396 ibidem
1766 1365 1837 1395 visa
1875 1367 1905 1395 et
1932 1364 2014 1395 lecta

198 1428 340 1460 fuerunt.
367 1428 406 1459 Et
431 1428 471 1458 de
497 1428 672 1468 premissis
698 1436 798 1458 unum
825 1429 855 1458 et
882 1427 986 1467 plura,
1012 1427 1038 1457 si
1066 1436 1153 1467 opus
1178 1426 1285 1464 fuerit,
1312 1427 1379 1458 fieri
1411 1427 1596 1468 rogandum
1631 1427 1884 1458 instrumentum
1911 1428 1942 1457 et
1968 1427 2016 1457 in-

198 1493 391 1527 strumenta,
418 1499 492 1521 cum
518 1492 548 1520 et
574 1490 638 1521 sub
665 1489 729 1520 illis
756 1489 876 1525 modis,
902 1489 1029 1525 formis,
1057 1489 1352 1529 promissionibus,
1389 1489 1666 1530 obligationibus.
1704 1489 2014 1525 constitutionibus,

197 1554 370 1590 renuntiis,
407 1552 579 1589 clausulis,
617 1552 923 1592 solempnitatibus,
960 1561 1033 1582 cum
1072 1551 1196 1591 quibus
1229 1560 1266 1582 ac
1293 1553 1390 1591 prout
1415 1554 1446 1582 et
1472 1552 1557 1582 sicut
1583 1551 1671 1582 dicto
1698 1560 1811 1582 eorum
1838 1553 1868 1582 et
1895 1550 2011 1591 prefati

198 1615 286 1648 Cleri
313 1616 459 1655 exempti
497 1615 627 1646 sindico
653 1616 683 1645 et
709 1615 914 1654 procuratori
953 1613 1120 1645 videbitur
1145 1616 1176 1644 et
1202 1614 1372 1654 placuerit.
1411 1614 1448 1644 Et
1474 1613 1669 1654 generaliter
1694 1614 1736 1644 ad
1762 1615 1869 1644 cetera
1903 1613 2014 1643 omnia

198 1679 263 1710 alia
289 1680 319 1710 et
345 1678 477 1719 singula
503 1678 624 1714 fienda,
650 1677 848 1713 exercenda,
873 1676 1018 1717 gerenda
1044 1678 1075 1707 et
1101 1676 1311 1716 procuranda
1337 1685 1401 1716 que
1428 1677 1458 1706 in
1487 1676 1645 1716 predictis
1671 1677 1701 1706 et
1726 1676 1836 1706 circha
1856 1675 2014 1715 predicta,

200 1742 291 1773 utilia
316 1744 347 1773 et
373 1741 561 1772 necessaria
599 1742 663 1771 tam
702 1740 742 1770 de
780 1740 847 1770 iure
885 1748 984 1779 quam
1023 1739 1063 1769 de
1100 1739 1343 1769 consuetudine
1380 1738 1511 1769 fuerint.
1550 1737 1796 1775 Promittentes,
1829 1739 1889 1768 etc.
1923 1736 2017 1768 Obli-

197 1806 326 1845 gantes,
352 1806 412 1835 etc.
439 1803 478 1834 Et
504 1803 590 1840 inde,
616 1805 676 1834 etc.
704 1801 931 1839 Presentibus,
957 1803 1017 1832 etc.
1045 1801 1120 1832 inde
1146 1801 1299 1832 testibus.

920 1975 1301 2017 CDLXXXIV.

287 2089 415 2124 Legato
440 2087 698 2116 testamentario
724 2086 811 2115 della
834 2086 909 2114 nob.
935 2085 1042 2114 Maria
1066 2084 1229 2113 Canevari
1253 2093 1273 2112 a
1297 2084 1410 2112 favore
1435 2083 1468 2112 di
1492 2084 1576 2112 frate
1602 2082 1763 2119 Gregorio
1790 2081 1953 2111 Canevari
1982 2081 2014 2110 di

200 2142 233 2170 S.
259 2140 434 2177 Agostino,

855 2234 1019 2264 1483,
1051 2234 1271 2265 angosto,
1304 2233 1357 2257 9.

752 2323 828 2347 (ΑτεΙι,
846 2323 926 2343 Notar.
944 2322 964 2342 di
983 2322 1051 2342 Pavia
1068 2333 1092 2335 -—
1108 2321 1155 2342 Atti
1172 2321 1193 2341 di
1210 2320 1321 2341 Giacomo
1338 2320 1429 2341 Pescari
1447 2337 1450 2340 ⁴

215 2507 217 2567 J
438 2462 536 2554 *ELLA
561 2531 641 2554 casa
666 2521 752 2553 della
789 2521 959 2556 testatri'ce,
986 2521 1016 2551 ill
1043 2518 1240 2551 Parrocchia
1266 2518 1300 2549 di
1324 2517 1356 2550 S.
1383 2518 1482 2549 Zeno.
1525 2517 1730 2548 Testamento
1768 2516 1854 2548 della
1891 2515 2015 2546 nobilis

268 2511 388 2627 N
439 2601 441 2624 t
469 2586 604 2617 domina
645 2585 752 2616 Maria
779 2584 818 2615 de
844 2582 1053 2619 Canevariis,
1079 2581 1146 2612 tilia
1172 2581 1342 2620 quondam
1381 2580 1506 2611 domini
1538 2578 1681 2617 Girardi,
1706 2579 1759 2610 nel
1782 2578 1879 2619 quale
1904 2578 1960 2609 dat
1985 2580 2015 2608 et

228 2684 244 2685 W
329 2625 442 2685 2er
471 2649 558 2689 legat
582 2647 764 2679 venerabili
791 2646 880 2677 fratri
908 2644 1071 2685 Gregorio
1097 2644 1136 2675 de
1162 2642 1371 2680 CanevariiS,
1397 2642 1486 2674 fratri
1515 2643 1544 2673 in
1573 2642 1775 2673 monasterio
1813 2641 1918 2673 sancti
1950 2639 2016 2671 Au-

199 2713 323 2753 gustini
350 2711 465 2752 papie,
492 2710 628 2751 quando
654 2709 801 2741 cantabit
827 2717 921 2739 suam
949 2708 1087 2748 primam
1115 2707 1252 2737 missam
1272 2714 1393 2736 novam
1420 2705 1567 2736 florenos
1597 2704 1774 2736 duodecim
1806 2705 1936 2735 monete
1955 2705 2014 2734 etc.

201 2774 386 2805 solvendos
412 2782 469 2814 per
495 2773 741 2813 infrascriptum
768 2772 841 2803 eius
867 2770 1021 2801 heredem
1049 2768 1306 2800 universalem...
