2347 3444
368 245 406 276 lO

365 378 477 409 rochia
495 376 527 409 S.
555 376 698 408 Andree.
717 374 802 408 Cum
829 375 891 407 hoc
910 375 952 406 sit
970 375 1061 415 quod
1092 375 1176 406 inter
1197 375 1354 406 dominos
1380 373 1539 412 Priorem,
1567 373 1708 411 Fratres,
1734 372 1939 415 Capitulum,
1965 372 2178 406 Conventum

364 439 502 472 Ordinis
521 439 753 470 heremitarum
781 436 812 469 S.
841 437 1019 478 Augustini
1046 437 1193 468 civitatis
1219 436 1323 477 Papie
1353 445 1412 468 seu
1443 446 1558 468 eorum
1589 439 1619 468 et
1648 437 1726 467 disti
1746 434 1892 477 Capituli
1923 438 1953 468 et
1982 434 2181 469 Conventus

363 502 530 534 sindicum
556 504 586 532 et
612 502 863 541 procuratorem
890 502 982 540 parte
1002 508 1077 537 una,
1096 501 1127 530 et
1146 499 1302 530 dominos
1322 498 1499 536 Abbatem,
1515 497 1710 531 Canonicos
1728 501 1758 530 et
1777 497 1970 539 Capitulum
1986 499 2177 530 monasterii

364 564 469 596 sancti
497 562 584 594 Petri
612 563 642 593 in
670 562 755 593 cello
780 570 882 593 aureo
908 561 1083 601 papiensis
1110 564 1203 601 parte
1240 561 1353 599 altera,
1380 561 1444 592 lata
1471 562 1513 592 sit
1539 563 1569 593 et
1596 561 1694 592 tuerit
1730 561 1875 601 quedam
1913 561 2084 592 sentencia
2123 569 2183 601 per

365 626 603 658 venerabillem
631 625 736 655 virum
763 624 934 655 dominum
963 623 1140 655 l-lenricum
1168 623 1208 655 de
1235 622 1342 664 Dynis
1369 624 1449 655 iuris
1475 624 1627 655 canonici
1656 623 1807 664 peritum,
1835 623 2043 663 prepositum
2077 623 2183 654 eccle-

365 690 413 721 sie
440 688 624 729 papiensis,
652 687 825 718 reverendi
853 686 883 717 in
911 684 1046 718 Christo
1073 686 1177 726 patris
1203 688 1234 717 et
1259 686 1384 717 domini
1410 686 1536 717 domini
1564 685 1724 726 Episcopi
1752 685 1927 726 papiensis
1945 685 2106 717 vicarium
2125 693 2182 726 ge-

366 751 511 783 neralem
539 759 598 781 nec
626 759 691 780 non
718 749 953 781 comissarium
991 749 1180 789 delegatum
1208 751 1238 780 et
1265 751 1507 788 exequutorem
1534 757 1551 779 a
1578 746 1666 779 Sede
1693 747 1890 788 Apostolica
1928 748 2012 779 inter
2044 747 2182 779 eosdem

365 814 556 854 specialiter
582 813 796 852 deputatum:
825 811 855 842 in
883 820 948 851 qua
975 811 1111 851 quidem
1154 811 1326 841 sentencia
1353 811 1437 841 inter
1462 813 1571 841 cetera
1609 810 1797 841 continetur
1835 809 2018 850 capitulum
2057 809 2184 840 tenoris

366 876 505 907 inferius
531 874 774 914 subsequentis
802 873 979 904 videlicet:

456 937 532 969 ltem
559 937 636 977 quia
663 938 795 967 constat
822 935 920 965 nobis
946 937 1011 966 tam
1040 943 1098 974 per
1123 934 1200 965 facti
1227 934 1450 971 evidenciam,
1478 934 1551 965 loco
1577 934 1671 974 prius
1697 934 1804 966 oculis
1823 935 1988 971 subiectO,
2006 942 2106 974 quam
2126 942 2185 973 per

366 1000 635 1031 informationem
663 1007 721 1038 per
747 1006 809 1028 nos
834 1000 1055 1037 assumptam,
1082 997 1350 1036 suprascriptum
1378 996 1529 1027 sedimen
1557 997 1745 1028 tabularum
1762 999 1906 1037 quatuor
1931 997 1972 1028 de
1998 996 2110 1037 quoin
2127 1004 2184 1027 su-

366 1062 554 1102 prascripto
581 1060 744 1100 rescripto
770 1059 961 1099 apostolico
987 1061 1018 1090 et
1045 1059 1075 1089 in
1103 1059 1271 1099 peticione
1290 1059 1522 1099 suprascripta
1542 1059 1658 1090 ultimo
1674 1059 1748 1090 loco
1772 1059 1934 1099 producta
1953 1067 2064 1090 coram
2084 1058 2183 1089 nobis

367 1133 424 1164 per
451 1123 717 1163 suprascriptum
745 1121 892 1152 Fratrem
920 1121 1104 1152 Lucliinum
1133 1121 1223 1152 dicto
1250 1121 1394 1157 nomine,
1421 1120 1490 1152 iore
1517 1123 1547 1152 et
1573 1130 1650 1152 esse
1676 1121 1717 1152 ad
1752 1121 1931 1152 comodum
1969 1129 2028 1152 seu
2067 1128 2184 1151 neces-

367 1186 489 1217 sarium
517 1185 616 1216 dictis
643 1184 789 1214 dominis
816 1182 920 1214 Priori
948 1186 979 1214 et
1006 1182 1178 1214 Fratribus
1205 1185 1235 1214 et
1262 1191 1322 1222 pro
1348 1192 1462 1214 eorum
1491 1192 1584 1221 ussu,
1611 1192 1815 1224 quamquam
1843 1192 1908 1214 non
1934 1185 2000 1214 tam
2027 1183 2068 1214 ad
2096 1183 2188 1214 inco-

367 1248 501 1279 moduni
529 1247 756 1287 predictorum
783 1246 908 1276 domini
936 1244 1091 1283 Abbatis,
1118 1243 1367 1276 Canonicorum
1394 1248 1425 1276 et
1451 1243 1661 1283 Conventus,
1688 1254 1787 1286 quam
1815 1245 1856 1277 ad
1884 1245 2033 1285 ipsorum
2062 1244 2186 1276 prioris

367 1314 396 1341 et
424 1309 572 1341 Fratrum
600 1309 780 1340 comodum
808 1308 1013 1339 rcdondare:
1041 1306 1106 1339 Pro
1131 1310 1224 1338 tanto
1250 1308 1363 1338 habita
1400 1307 1563 1348 dilligenti
1602 1308 1841 1339 informacione
1878 1308 1919 1339 de
1956 1307 2069 1339 valore
2107 1307 2187 1338 dicti

366 1372 553 1409 sediminis,
580 1374 751 1402 tassamus
778 1371 901 1401 iustum
930 1371 1077 1411 precium
1105 1370 1213 1410 ipsius
1240 1370 1415 1401 sediminis
1442 1379 1519 1401 esse
1545 1372 1576 1401 et
1602 1370 1785 1401 ascendere
1812 1371 1843 1401 in
1870 1378 2001 1401 summa
2027 1369 2186 1400 librarum

366 1435 544 1475 sexaginta
572 1436 716 1474 quatuor
742 1433 974 1473 papiensium:
1001 1430 1304 1472 Condempnantes
1330 1435 1508 1472 propterea
1542 1442 1580 1464 ac
1600 1432 1890 1472 condempnamus
1909 1432 2004 1472 ipsos
2030 1431 2188 1463 dominos

368 1497 532 1528 Abbatem
560 1501 591 1527 et
617 1494 811 1527 Canonicos
839 1496 972 1526 nomine
997 1495 1077 1526 dicti
1105 1495 1303 1526 Monasterii
1331 1498 1362 1526 et
1387 1495 1514 1526 dictum
1542 1495 1760 1526 lolianninum
1787 1504 1900 1526 eorum
1920 1496 1951 1526 et
1968 1495 2047 1526 dicti
2074 1503 2191 1525 mona-

367 1560 457 1590 sterii
485 1559 651 1590 sindicum
678 1562 709 1590 et
736 1560 998 1598 procuratorem,
1017 1558 1058 1588 ad
1075 1557 1264 1589 faciendum
1280 1558 1408 1589 eisdem
1428 1557 1545 1595 Priori,
1565 1557 1748 1594 Fratribus,
1767 1556 1925 1598 Capitulo
1944 1559 1975 1588 et
1993 1555 2185 1589 Conventui

370 1622 518 1653 debitam
559 1621 793 1652 vendicionem
833 1629 907 1651 curn
946 1620 1243 1660 solempnitatibus
1280 1620 1482 1660 opportunis
1517 1620 1558 1651 de
1595 1620 1760 1651 sedimine
1798 1620 1950 1660 predicto
1980 1628 2040 1660 pro
2077 1619 2189 1660 precio

368 1684 613 1724 suprascripto,
640 1683 753 1714 dando
779 1686 809 1714 et
836 1683 1002 1714 solvendo
1028 1685 1179 1723 tempore
1207 1683 1419 1714 vendicionis
1445 1682 1555 1714 fiende
1571 1683 1740 1723 peripsos
1759 1683 1915 1713 dominos
1934 1681 2094 1719 Priorem,
2113 1680 2192 1712 Fra-

370 1750 435 1777 tres
461 1748 492 1777 et
518 1744 713 1785 Capitulum
741 1745 839 1776 dictis
865 1745 1012 1776 dominis
1039 1744 1173 1782 Abbati,
1201 1743 1385 1776 Canonicis
1411 1746 1442 1775 et
1468 1742 1627 1785 Capitulo
1653 1744 1732 1776 dicti
1760 1744 1963 1775 monasterii.
1990 1742 2090 1781 Quod
2117 1743 2192 1784 qui-

370 1809 444 1839 dem
472 1808 620 1848 precium
647 1807 855 1838 tassavimus
881 1810 911 1838 et
938 1810 1109 1838 tassamus
1135 1806 1204 1838 fore
1232 1807 1355 1837 iustum
1382 1809 1414 1838 et
1440 1807 1502 1838 lioc
1529 1806 1612 1837 infra
1640 1815 1741 1837 unum
1769 1815 1916 1837 mensem
1937 1806 2090 1846 proxime
2110 1814 2191 1837 ven-

372 1874 492 1901 turum.

460 1931 498 1963 Et
523 1932 627 1963 eciam
656 1932 686 1962 in
714 1941 779 1971 qua
806 1932 979 1963 sentencia
1005 1932 1194 1963 continetur
1220 1932 1392 1972 quoddam
1419 1931 1522 1963 alliud
1561 1931 1743 1972 capitulum
1781 1931 1906 1962 tenoris
1946 1930 2189 1970 subsequentis

371 1994 528 2025 videlicet
544 2004 549 2024 :

459 2056 537 2087 Item
564 2057 721 2093 dicimus,
748 2056 1023 2096 pronunciamus,
1043 2057 1295 2088 sentenciamus
1321 2058 1351 2088 et
1377 2056 1588 2088 declaramus
1603 2056 1694 2096 quod
1710 2056 1912 2087 comunibus
1938 2053 2100 2095 expensis
2115 2062 2191 2095 par-

370 2119 450 2150 tium
478 2118 703 2159 predictarum
731 2127 845 2149 murus
872 2127 960 2149 nunc
985 2119 1142 2159 diruptus
1169 2119 1225 2159 qui
1252 2119 1370 2150 atrium
1397 2128 1415 2150 a
1442 2119 1605 2150 cimiterio
1639 2118 1814 2150 dividebat
1850 2118 2017 2150 reficiatur
2041 2119 2073 2148 et
2099 2116 2188 2148 refici

370 2181 492 2212 debeat
519 2181 574 2211 ubi
603 2181 696 2220 prius
723 2182 802 2218 erat,
829 2183 859 2212 et
887 2181 948 2212 lioc
976 2180 1060 2212 intra
1087 2190 1188 2212 unum
1217 2190 1365 2213 mensem
1392 2181 1545 2221 proxime
1572 2184 1759 2212 venturum.
1786 2179 2006 2212 Declarantes
2024 2180 2128 2211 eciam
2151 2187 2190 2210 ac

369 2243 582 2274 declaramus
609 2243 699 2283 quod
727 2243 805 2274 dicti
834 2242 951 2274 Abbas
988 2245 1020 2274 et
1057 2241 1220 2275 Canonici
1259 2253 1319 2275 nec
1358 2253 1423 2275 non
1463 2243 1558 2275 Prior
1582 2245 1614 2275 et
1640 2243 1772 2275 Fratres
1809 2245 1984 2284 presentes
2021 2245 2052 2274 et
2089 2240 2190 2274 futuri

371 2306 446 2345 ipso
472 2305 556 2336 atrio
582 2307 613 2336 et
640 2314 702 2336 usu
729 2306 874 2336 clavium
901 2306 988 2337 dicte
1030 2306 1171 2337 ecclesie
1198 2306 1242 2337 uti
1270 2308 1300 2337 et
1326 2306 1472 2347 gaudere
1512 2307 1645 2346 possint
1682 2308 1713 2338 et
1750 2306 1883 2338 valeant
1920 2307 1951 2337 in
1989 2309 2187 2348 perpetuum

372 2371 541 2407 tamquam
568 2368 781 2399 comunibus.
809 2367 1055 2399 Adiudicantes
1081 2377 1119 2399 ac
1145 2368 1383 2400 adiudicamus
1397 2369 1498 2400 dictis
1517 2368 1621 2399 Priori
1641 2371 1672 2400 et
1690 2368 1862 2400 Fratribus
1880 2370 2115 2401 comunionem
2141 2370 2192 2402 di-

370 2432 498 2461 ctorum
525 2430 597 2460 atrii
625 2432 655 2461 et
682 2438 765 2461 usus
792 2430 938 2461 clavium
965 2432 1026 2461 etc.
1055 2432 1152 2470 prout
1179 2431 1238 2462 hec
1265 2433 1296 2462 et
1322 2431 1386 2462 alia
1413 2431 1444 2461 in
1471 2431 1559 2462 dicta
1587 2431 1758 2462 sentencia
1784 2431 1943 2462 contineri
1971 2432 2189 2472 reperiuntur,

371 2492 411 2522 dc
438 2501 503 2532 qua
529 2494 621 2523 extat
649 2492 822 2532 publicum
849 2492 1089 2523 documentum
1117 2495 1270 2533 rogatum
1298 2502 1357 2533 per
1382 2492 1605 2524 Albertollum
1631 2493 1672 2524 de
1698 2491 1813 2524 Griftis
1833 2494 1997 2525 notarium
2017 2494 2190 2534 publicum

370 2556 401 2584 et
426 2554 505 2585 dicti
533 2554 659 2585 domini
688 2554 848 2594 Episcopi
877 2553 1056 2594 papiensis
1094 2555 1329 2586 canzellarium
1356 2557 1387 2586 et
1413 2564 1472 2596 per
1509 2555 1702 2587 lacobinum
1729 2555 1770 2587 de
1797 2555 1988 2597 Fortunago
2025 2557 2190 2588 notarium

372 2616 542 2655 publicum
571 2617 781 2656 papiensem,
808 2626 896 2647 anno
923 2619 953 2648 et
980 2617 1150 2648 indicione
1179 2618 1333 2657 proxime
1359 2618 1527 2658 preteritis
1552 2618 1606 2649 die
1632 2620 1752 2658 quarto
1778 2619 1903 2650 mensis
1930 2618 2022 2650 Iunii.

439 2676 592 2718 Cumque
630 2678 708 2709 dicti
747 2679 872 2709 domini
912 2678 1006 2710 Prior
1030 2682 1060 2711 et
1086 2679 1216 2717 tratres,
1254 2680 1387 2712 nomine
1413 2681 1491 2711 dicti
1518 2678 1664 2720 Capituli
1691 2682 1722 2711 et
1748 2678 1957 2719 Conventus,
1984 2681 2098 2713 vellint
2131 2691 2191 2722 pro

372 2748 486 2770 eorum
514 2742 605 2779 parte
631 2740 863 2780 obtemperare
889 2741 976 2772 dicte
1003 2742 1184 2779 sentencie,
1200 2750 1238 2773 ac
1264 2741 1374 2773 facere
1393 2744 1423 2773 et
1442 2742 1624 2782 adimplere
1650 2742 1761 2773 omnia
1779 2744 1809 2773 et
1829 2743 1961 2783 singula
1987 2752 2052 2783 que
2077 2745 2193 2775 tenen-

371 2804 423 2832 tur
448 2804 478 2832 et
504 2801 628 2832 debent
655 2802 748 2833 iuxta
767 2802 875 2842 ipsius
894 2803 1063 2834 sentencie
1083 2804 1202 2834 seriem
1229 2807 1260 2835 et
1279 2807 1444 2835 tenorem:
1472 2803 1598 2835 ldcirco
1624 2804 1724 2835 trater
1750 2804 1920 2836 Luchinus
1939 2805 1980 2837 de
2000 2803 2190 2838 Comitibus

373 2863 525 2894 sindicus
544 2864 575 2894 et
593 2866 799 2903 procurator,
819 2864 1001 2895 sindicario
1021 2867 1052 2896 et
1071 2866 1301 2905 procuratorio
1321 2866 1454 2897 nomine
1474 2866 1638 2897 dictorum
1657 2866 1868 2898 dominorum
1888 2866 2023 2905 Primis,
2042 2867 2189 2906 fratrum,

373 2923 519 2965 Capituli
547 2927 578 2956 et
604 2923 803 2957 Conventus
829 2925 967 2957 Ordinis
1002 2928 1236 2958 heremitarum
1263 2928 1369 2959 sancti
1397 2927 1575 2968 Augustini
1614 2928 1760 2960 civitatis
1786 2927 1901 2969 Papie,
1928 2929 2132 2961 constitutus
2157 2929 2189 2961 in

373 2988 546 3027 presencia
573 2988 746 3019 reverendi
775 2989 879 3028 patris
905 2989 1030 3020 domini
1057 2989 1166 3021 fratris
1193 2989 1348 3031 Dionysii
1374 2990 1415 3021 de
1446 2988 1654 3029 Cermenate,
1681 2990 1741 3022 Dei
1768 2992 1874 3031 gratia
1900 2992 2033 3024 abbatis
2070 3000 2191 3033 supra

373 3050 487 3089 scripti
515 3051 707 3082 monasterii
736 3051 766 3081 in
793 3049 876 3082 Celo
903 3050 1023 3089 Aureo,
1051 3061 1110 3083 nec
1138 3061 1202 3083 non
1230 3052 1484 3084 venerabillium
1523 3053 1670 3084 virorum
1696 3053 1907 3085 dominorum
1945 3054 2055 3086 fratris
2080 3053 2188 3086 Paulli

373 3111 414 3142 de
439 3109 559 3150 Cottis,
585 3111 695 3144 fratris
714 3111 868 3154 Dionysii
887 3113 928 3145 de
946 3110 995 3153 (in
1014 3112 1157 3154 bianco),
1186 3114 1295 3146 fratris
1322 3114 1439 3155 Tadey
1465 3115 1506 3147 de
1524 3112 1573 3154 (in
1599 3114 1743 3155 bianco),
1770 3115 1880 3148 fratris
1898 3115 1985 3148 Petri
2005 3116 2130 3148 Toroni
2157 3120 2189 3149 et
