2347 3444
1903 205 1946 238 45

138 340 170 371 et
195 338 366 370 Fratribus
392 338 449 370 tibi
477 337 633 376 subditis,
659 337 888 369 auctoritatem
914 337 994 368 dare
1020 336 1188 368 vendendi
1207 338 1240 368 et
1258 336 1425 368 alienandi
1445 336 1533 368 bona
1552 337 1744 374 immobilia,
1763 337 1946 369 dummodo

139 401 170 432 in
197 400 315 432 melius
341 401 596 437 commutentur,
622 401 678 431 aut
703 408 823 440 magna
849 401 880 431 et
906 397 1110 430 inevitabilis
1136 398 1324 430 necessitas
1353 398 1527 438 deposcat.

227 461 314 500 Quia
340 471 418 494 vero
443 461 626 502 aliquando
652 464 789 503 propter
813 461 990 502 epidimias
1016 460 1138 492 ibidem
1166 461 1320 501 vigentes
1346 459 1488 499 Fratres,
1515 461 1570 501 qui
1599 462 1769 492 morantur
1787 461 1870 493 ultra
1886 461 1949 493 Pa-

138 525 229 563 dum,
256 534 320 556 non
347 526 490 566 possunt
516 525 629 556 venire
655 525 735 556 citra
763 523 903 562 Padum,
929 533 989 556 nec
1015 525 1141 561 contra,
1168 522 1243 554 ideo
1268 522 1326 554 tibi
1359 523 1524 554 licentiam
1562 523 1683 554 damus
1709 523 1800 563 quod
1827 524 1854 554 si
1881 532 1951 555 mo—

140 595 207 618 ram
235 586 376 618 traxeris
403 586 495 622 ultra,
523 585 638 617 valeas
664 586 743 617 citra
770 585 898 617 Padum
925 594 1025 617 unum
1052 587 1143 616 tuum
1182 584 1349 616 Vicarium
1388 585 1570 616 instituere.
1609 583 1806 625 Specialiter
1841 587 1949 617 autem

139 649 198 680 tibi
225 649 444 680 concedimus
469 648 559 688 quod
587 648 812 680 venerabilem
839 648 1038 689 Magistrum
1065 647 1254 679 Nicolinum
1281 647 1323 678 de
1348 645 1515 678 Cremona
1534 647 1648 687 possis
1673 648 1764 678 tuum
1784 647 1950 679 Vicarium

141 711 172 742 in
199 720 261 742 suo
287 709 465 743 Conventu
491 708 658 742 Cremone
684 710 793 741 tacere
820 719 895 741 cum
922 711 1010 741 omni
1037 710 1244 747 auctoritate,
1271 717 1370 749 quam
1397 709 1536 740 duxeris
1574 709 1826 740 instituendum.
1853 709 1952 740 Man-

139 773 260 804 damus
287 773 398 813 itaque
423 772 581 803 omnibus
606 774 637 803 et
663 772 806 812 singulis
833 772 1003 803 Fratribus
1029 772 1194 812 provintie
1221 771 1382 812 predicte,
1408 773 1576 811 quatenus
1602 771 1672 809 tibi,
1698 773 1868 811 tamquam
1896 781 1952 803 eo-

141 845 211 866 rum
238 844 317 866 vero
343 834 480 875 pastori,
507 834 666 865 obediant
692 836 721 865 et
749 835 779 865 in
806 835 963 866 omnibus
989 834 1231 874 obsequantur,
1250 834 1314 865 sub
1333 842 1418 874 pena
1445 836 1557 865 nostre
1577 833 1768 865 rebelionis.
1789 833 1953 865 Volumus

140 906 276 938 quoque
303 899 336 928 ut
362 897 454 928 latori
482 897 688 936 presentium
715 897 755 928 de
781 897 942 937 expensis
962 906 1020 937 per
1039 896 1243 928 Provintiam
1271 896 1497 937 provideatur.
1524 895 1647 927 Datum
1668 884 1833 927 innostro
1863 895 1953 928 Con-

143 962 244 991 ventu
272 959 440 996 Faventie,
466 967 554 990 anno
581 957 716 989 Domini
744 963 978 998 MCCCCXXXJ,
1004 959 1057 990 die
1085 959 1234 991 secunda
1273 959 1432 996 octobris,
1458 958 1523 989 sub
1559 958 1671 999 sigillo
1710 957 1857 994 Ordinis,
1885 968 1952 999 quo

141 1021 263 1052 utimur
287 1021 318 1052 in
346 1022 460 1052 nostro
486 1022 671 1052 rectoratus
697 1020 819 1052 officio.
847 1020 959 1052 Frater
984 1019 1156 1052 Gerardus
1182 1021 1222 1052 de
1249 1019 1408 1052 Arimino,

927 1177 1182 1217 CLXXX.

231 1286 398 1315 Elezione
424 1286 459 1315 di
485 1287 573 1315 frate
599 1286 746 1315 Alberto
772 1286 896 1323 Crespi
922 1287 992 1315 alla
1019 1287 1178 1315 cattedra
1204 1287 1238 1315 di
1264 1287 1418 1322 teologia
1443 1286 1524 1315 nell'
1543 1287 1761 1315 Universita.

775 1381 928 1411 1432,
959 1382 1239 1412 iel)l)1·aio‚
1271 1382 1323 1406 6.

622 1469 698 1492 (Aren.
715 1469 751 1490 del
767 1469 889 1491 Rettorato
905 1470 958 1490 dell’
969 1469 1035 1491 Univ.
1051 1469 1072 1490 di
1091 1469 1160 1490 Pavia
1175 1481 1200 1483 —
1217 1470 1272 1491 Doc.
1290 1470 1346 1496 orig.
1364 1472 1419 1491 cart.
1438 1470 1461 1495 l).

344 1605 356 1607 ⁷
386 1606 387 1630 l

218 1654 326 1769 D
385 1672 442 1706 ¹Ux
468 1667 662 1705 Mediolani,
689 1670 750 1699 etc.
777 1667 881 1708 Papie
908 1668 1132 1709 Anglerieque
1157 1668 1282 1701 Comes
1307 1678 1345 1700 ac
1373 1669 1471 1701 lanue
1498 1670 1665 1702 dominus.

160 1775 161 1780 1
385 1710 387 1745 i
502 1729 686 1769 Postquam
712 1738 753 1761 ex
781 1730 898 1761 litteris
923 1731 989 1762 tuis
1015 1732 1334 1771 comprehendimus
1360 1733 1556 1773 magistrum
1575 1732 1746 1765 Albertum
1766 1735 1807 1766 de
1827 1733 1958 1775 Crispis

167 1826 273 1829 *m
290 1827 358 1828 ,fir
412 1800 488 1823 esse
514 1792 555 1823 de
582 1791 708 1823 Ordine
736 1792 976 1824 Heremitarum
1002 1795 1033 1824 et
1059 1793 1281 1826 sufficientem
1301 1794 1342 1825 ad
1359 1794 1537 1835 legendum
1563 1796 1767 1837 theologiam
1789 1797 1818 1827 in
1838 1796 1957 1829 Studio

142 1856 256 1885 nostro
283 1854 447 1894 papiensi,
474 1855 506 1885 et
531 1854 655 1885 obinde
682 1854 723 1885 ad
751 1854 909 1886 lecturam
937 1855 1043 1895 ipsam
1071 1856 1163 1887 iuxta
1189 1857 1433 1888 ordinationem
1461 1856 1570 1889 Rotuli
1607 1857 1713 1890 fuisse
1749 1859 1957 1899 deputatum,

144 1916 301 1947 volumus
327 1916 417 1956 quod
445 1916 509 1947 sibi
536 1916 711 1947 actualiter
737 1916 858 1957 legenti
885 1917 983 1948 etiam
1010 1917 1108 1949 fatias
1133 1919 1174 1950 de
1201 1919 1356 1950 ordinato
1383 1919 1446 1960 ipsi
1474 1920 1597 1951 lecture
1623 1920 1745 1952 salario
1765 1922 1856 1953 iuxta
1875 1931 1954 1953 con-

143 1978 355 2009 suetudinem
384 1978 591 2018 responderi,
617 1978 712 2009 aliter
737 1988 813 2009 non.
841 1978 914 2010 Dat.
942 1979 1137 2017 Mediolani,
1163 1981 1217 2012 die
1243 1986 1276 2012 Vl
1303 1981 1472 2019 februarii,
1499 1986 1743 2022 MCCCCXXXIJ.

230 2039 256 2071 A
284 2042 400 2080 tergo:
426 2039 585 2071 prudenti
612 2041 684 2071 viro
710 2040 950 2073 Referendario
976 2044 1091 2073 nostro
1117 2041 1230 2083 Papie.

902 2198 1182 2239 CLXXXI.

231 2305 336 2334 Frate
362 2306 546 2335 Albertino
573 2306 697 2343 Crespi
723 2308 740 2335 ἐ
766 2308 935 2336 mandato
961 2308 994 2336 al
1021 2308 1179 2336 Concilio
1205 2309 1240 2337 di
1266 2309 1411 2337 Basilea
1437 2310 1494 2338 dal
1521 2310 1619 2338 Duca
1644 2310 1679 2339 di
1705 2310 1850 2339 Milano.

758 2412 907 2443 1432,
945 2412 1018 2436 fel
1025 2413 1081 2436 )l)
1088 2412 1219 2444 rzuio,
1252 2412 1341 2437 28.

716 2501 794 2522 (Arclt.
812 2501 895 2521 Museo
911 2501 980 2522 Civic.
998 2501 1019 2521 di
1037 2501 1105 2522 pavia
1122 2513 1145 2515 —
1163 2502 1253 2522 Lettere
1270 2502 1361 2523 ducali'i⁴

218 2681 324 2797 D
391 2702 440 2729 Ux
466 2697 649 2729 Mediolani
676 2701 737 2729 etc.
764 2697 868 2738 Papie
895 2698 1119 2739 Anglerieque
1144 2697 1269 2731 Comes
1295 2709 1332 2731 ac
1361 2700 1458 2731 lanue
1484 2701 1652 2733 dominus.

383 2772 384 2805 i
499 2759 742 2793 Ordinavimus
768 2762 857 2801 quod
885 2762 1043 2802 magister
1068 2761 1261 2793 Albertinus
1288 2763 1498 2802 provintialis
1524 2762 1663 2795 Ordinis
1696 2766 1802 2796 sancti
1842 2765 1956 2805 Augu-

382 2812 384 2826 t

162 2815 374 2857 'j„*ff
411 2821 487 2853 stini
515 2822 680 2862 provintie
706 2823 904 2854 Loinbardie
931 2823 972 2854 ad
999 2832 1130 2854 sacrum
1147 2822 1278 2855 Basilee
1292 2822 1480 2856 Concilium
1498 2825 1584 2856 illico
1600 2826 1644 2857 ire
1659 2825 1853 2864 debeat(l).
1870 2826 1954 2859 Cum

146 2889 225 2921 ergo
250 2881 430 2922 deputatus
456 2884 498 2915 sit
523 2885 563 2916 ad
592 2885 750 2916 lecturam
777 2884 877 2917 Sacre
904 2884 1029 2925 Pagine
1056 2886 1085 2916 in
1114 2886 1167 2916 illa
1194 2886 1328 2918 civitate
1356 2889 1468 2918 nostra
1488 2887 1602 2928 Papie,
1617 2889 1791 2928 requisivit
1823 2890 1894 2929 ipse
1922 2891 1954 2921 ut

203 3037 233 3061 (l)
248 3037 444 3066 Quest'incarico,
459 3041 500 3061 elie
516 3041 529 3062 il
545 3041 609 3062 Duca
625 3042 647 3063 di
671 3042 758 3063 Milano
781 3043 870 3068 Filippo
893 3043 965 3063 Maria
989 3043 1024 3063 Vi-

1079 3043 1166 3068 quatita
1182 3043 1261 3064 esimie
1277 3044 1312 3064 dcl
1329 3046 1409 3065 nostru
1432 3044 1555 3069 Religioso.
1580 3045 1687 3066 Notianio
1712 3046 1767 3071 pers»
1790 3047 1830 3067 elie
1847 3048 1851 3067 i
1868 3047 1948 3071 prelati

151 3082 224 3102 sconti
240 3081 309 3103 aiiida
324 3088 336 3104 a
351 3083 409 3105 frate
424 3084 542 3106 Alhertino
558 3085 646 3112 Crespi,
658 3086 669 3107 e
682 3092 725 3107 una
742 3092 813 3113 prova
829 3087 952 3112 eloquente
964 3087 1021 3107 delle

1078 3088 1156 3113 pavesi
1178 3088 1287 3109 destinati
1303 3088 1331 3109 ad
1347 3089 1484 3109 intervenire
1506 3089 1527 3109 al
1542 3089 1645 3110 Concilio
1660 3090 1681 3110 di
1699 3090 1787 3111 Rasum
1811 3097 1879 3111 erano
1901 3092 1948 3113 cosi
