2347 3444
280 191 344 222 216

276 324 393 356 fratres
419 327 449 355 et
475 327 675 356 conventum
703 325 914 355 dominorum
941 323 1075 354 fratrum
1104 326 1216 353 sancte
1244 320 1427 355 Mustiolle,
1454 320 1543 350 omni
1570 328 1658 350 anno
1685 320 1716 350 in
1744 322 1939 359 perpetuum
1977 318 2019 349 ad
2045 327 2097 349 ce-

277 387 471 418 lebrandum
499 391 528 418 et
554 387 731 418 dicendum
759 395 859 417 uuum
888 385 1034 416 ufficium
1062 388 1265 415 mortuorum
1294 383 1455 422 integrum
1483 382 1513 412 in
1540 384 1649 418 cantu,
1676 382 1706 412 in
1734 381 1786 412 die
1812 381 1926 412 obitus
1952 380 2096 421 prefacte

275 449 410 480 domine
435 447 614 481 Catlierine
641 449 828 483 testatricis,
854 456 927 478 cum
955 447 1030 477 aliis
1068 446 1181 476 missis
1219 445 1333 484 parvis
1371 443 1524 474 dicendis
1557 443 1644 474 (licta
1671 443 1724 474 die
1751 452 1808 483 per
1833 451 1951 473 onmes
1977 442 2094 473 fratres

277 511 362 542 dicte
399 511 539 542 ecclesie
576 514 689 541 sancte
727 510 910 541 Mustiolle.
938 509 974 539 Et
1002 508 1151 539 similiter
1189 507 1219 537 in
1259 509 1454 546 perpetuum
1493 506 1534 536 ad
1572 505 1750 536 dicendum
1787 505 1876 536 omni
1903 505 2093 536 ebdomoda

277 574 413 604 missam
442 582 538 604 unam
567 582 703 613 parvam
732 582 790 612 pro
817 572 926 602 anima
954 570 1180 610 suprascripte
1207 569 1341 599 domine
1367 568 1545 599 testatricis
1572 568 1602 598 in
1629 568 1770 599 ecclesia
1805 567 1951 608 predicta
1985 569 2097 598 sancte

276 635 448 666 Mustiolle
475 635 516 666 ad
542 635 643 665 altare
671 635 774 665 sancti
802 633 943 672 Nicolay
970 632 1010 663 de
1037 631 1217 662 Tolentino
1244 631 1342 661 situm
1371 631 1401 660 in
1428 630 1515 661 dicta
1541 630 1683 661 ecclesia
1709 632 1822 660 sancte
1850 629 2032 660 Mustiolle.
2059 628 2097 660 Et

276 698 337 728 lioc
364 698 427 728 sub
455 706 538 737 psxia
566 696 770 736 privacionis
809 695 958 725 lictorum
997 703 1055 725 seu
1082 693 1247 724 fructuum
1276 693 1365 723 illius
1390 693 1479 729 anni,
1507 701 1574 732 quo
1601 701 1666 723 non
1693 692 1950 732 adimpleverint
1975 693 2006 722 et
2033 700 2097 722 non

277 759 487 790 attenderint.

1036 930 1350 972 CDXXVII.

366 1050 415 1076 La
442 1049 629 1077 Comunita
655 1049 689 1077 di
717 1049 751 1077 S.
780 1049 955 1084 Agostino
981 1049 1134 1077 concede
1161 1048 1373 1077 investitura
1399 1048 1433 1076 di
1459 1052 1551 1076 terre
1577 1047 1746 1084 spettanti
1772 1047 1842 1075 alla
1869 1047 2037 1083 Cappella
2062 1046 2097 1075 di

277 1103 311 1130 S.
340 1103 454 1130 Maria
481 1102 514 1130 in
541 1103 575 1131 S.
604 1102 789 1138 Agostino,

945 1206 1100 1237 1479,
1132 1206 1334 1237 aprile,
1368 1206 1445 1231 21.
1485 1233 1487 1235 ,

798 1313 876 1335 (Arcti.
894 1313 973 1333 Nufar.
991 1313 1012 1333 di
1030 1312 1108 1333 Paviar
1126 1323 1150 1326 —
1167 1312 1214 1333 Atti
1231 1312 1252 1332 di
1270 1312 1393 1333 Guniforto
1408 1312 1585 1338 Strazzapattii.

385 1505 431 1621 Ι
528 1524 551 1550 Ν
569 1522 736 1550 conventu
756 1518 891 1550 fratrum
919 1519 1159 1550 Heremitarum
1179 1520 1285 1551 sancti
1305 1518 1483 1560 Augustini
1503 1521 1533 1550 et
1552 1519 1673 1550 subtus
1690 1519 1871 1550 claustrum
1892 1518 1999 1558 ipsius
2024 1526 2104 1549 con-

550 1584 670 1613 ventus
695 1582 846 1612 existens
872 1591 976 1622 prope
995 1581 1203 1613 refectorium
1224 1582 1332 1622 ipsius
1350 1585 1547 1619 conventus,
1567 1582 1619 1613 siti
1639 1583 1670 1613 in
1690 1582 1787 1613 solita
1806 1580 1971 1613 Citadella
1990 1580 2103 1622 Papie,

550 1645 580 1675 in
601 1643 700 1675 Porta
721 1643 850 1681 Palatii,
870 1645 901 1675 in
922 1643 1085 1676 Parocliia
1112 1645 1217 1676 sancti
1238 1644 1369 1676 Andree
1388 1645 1428 1675 de
1447 1644 1593 1675 Brolio...
1620 1642 1818 1676 Convocato
1845 1641 2036 1683 Capitulo...
2063 1643 2103 1674 de

280 1706 437 1737 mandato
464 1706 635 1737 reverendi
662 1715 754 1737 sacre
781 1707 902 1747 pagine
929 1706 1133 1747 professoris
1159 1707 1285 1738 domini
1313 1707 1460 1747 magistri
1488 1705 1657 1738 Gabrielis
1672 1706 1712 1737 de
1731 1704 1954 1746 Cremagnola
1980 1704 2105 1737 prioris

279 1768 356 1799 dicti
383 1771 614 1799 conventus...
641 1769 672 1799 in
700 1778 767 1808 quo
794 1769 929 1809 quidem
956 1767 1115 1809 Capitulo
1141 1769 1317 1800 fuerunt...
1345 1770 1417 1809 ipse
1443 1769 1602 1800 dominus
1628 1767 1722 1799 Prior
1747 1771 1778 1800 et
1803 1777 1876 1799 cum
1903 1776 1987 1799 eo....
2013 1776 2105 1799 reve-

280 1830 371 1861 rendi
398 1834 429 1861 et
455 1831 665 1862 venerabiles
702 1831 827 1862 domini
867 1832 1025 1872 magister
1063 1831 1293 1863 Bertolameus
1320 1832 1360 1863 de
1387 1831 1555 1869 Fazardis,
1582 1832 1739 1872 magister
1773 1830 1937 1862 lohannes
1963 1830 2104 1862 lacobus

280 1893 320 1924 de
346 1892 523 1933 Campixe,
550 1894 707 1934 magister
733 1893 944 1935 Augustinus
970 1894 1010 1925 de
1038 1894 1217 1932 Ranchate,
1255 1895 1413 1936 mag1ster
1451 1893 1604 1935 Baptista
1631 1894 1671 1925 de
1698 1893 1866 1927 Rancliate
1891 1896 1922 1924 et
1948 1893 2106 1934 magister

282 1955 449 1987 Antonius
475 1956 514 1987 de
542 1955 645 1987 Ast...
673 1965 790 1987 omnes
816 1965 909 1988 sacre
936 1957 1057 1997 pagine
1084 1956 1307 1997 professores,
1333 1956 1432 1988 frater
1458 1956 1689 1988 Bertolameus
1715 1957 1755 1988 de
1781 1955 1965 1988 Castelatio
1985 1955 2106 1986 bacha-

283 2018 394 2055 larius,
422 2017 519 2049 frater
545 2017 702 2049 Didimus
728 2019 768 2049 de
795 2018 927 2059 Brayda
954 2019 1122 2060 subprior,
1147 2019 1248 2051 frater
1273 2019 1485 2060 Augustinus
1511 2019 1551 2050 de
1578 2019 1690 2050 Laude
1716 2019 1874 2060 magister
1889 2019 2105 2056 studentium,

283 2079 381 2111 frater
408 2080 573 2112 lohannes
610 2081 650 2112 de
688 2080 841 2119 Bavaria,
878 2081 978 2112 frater
1012 2080 1130 2113 Petrus
1157 2082 1197 2113 de
1223 2081 1392 2119 Tholoxa,
1418 2081 1517 2113 frater
1543 2081 1711 2113 Antonius
1737 2081 1777 2112 de
1804 2080 1982 2118 Placentia,
2008 2080 2107 2112 frater

284 2142 494 2182 Augustinus
520 2143 560 2174 de
587 2142 754 2181 pinarolo,
791 2143 890 2175 frater
927 2144 1122 2175 Leonardus
1149 2145 1189 2175 de
1215 2143 1350 2182 Svevia,
1387 2144 1485 2175 frater
1524 2144 1706 2175 leronimus
1732 2144 1772 2175 de
1799 2143 1976 2181 Trivultio,
2009 2143 2108 2175 frater

284 2203 416 2245 Oaspar
443 2205 483 2236 de
510 2204 695 2243 Alamania,
732 2205 832 2237 frater
869 2205 1097 2238 Bernardinus
1134 2206 1174 2237 de
1212 2205 1327 2247 Papia,
1365 2206 1464 2238 frater
1502 2205 1653 2237 Andreas
1691 2206 1731 2237 de
1768 2205 1980 2243 Bellenzona,
2010 2205 2108 2237 frater

286 2266 450 2298 lohannes
476 2267 516 2298 de
543 2266 658 2308 Papia,
695 2267 794 2299 frater
833 2268 1030 2299 Franciscus
1057 2269 1097 2299 de
1123 2267 1255 2300 Cerano
1294 2271 1498 2309 procurator,
1535 2267 1634 2299 frater
1667 2267 1835 2299 Eusebius
1861 2268 1901 2299 de
1927 2268 2107 2309 Lengeriis,

287 2328 385 2359 frater
412 2329 579 2361 Martinus
605 2330 645 2360 de
671 2329 821 2371 Bugella,
848 2333 878 2361 et
904 2330 1003 2361 frater
1029 2329 1232 2363 Gratiadeus
1259 2331 1299 2362 de
1326 2329 1475 2369 Silvano,
1501 2339 1619 2362 omnes
1645 2330 1762 2362 fratres
1788 2330 1932 2371 professi
1952 2331 2029 2361 dicti
2049 2329 2110 2362 Or-

286 2391 374 2421 dinis
401 2391 536 2422 fratrum
565 2391 805 2423 Heremitarum
844 2393 949 2424 sancti
977 2392 1167 2433 Augustini,
1205 2396 1452 2424 commorantes
1479 2393 1509 2424 in
1536 2393 1625 2424 dicto
1654 2395 1821 2424 conventu
1851 2395 1881 2424 et
1910 2392 2108 2424 fatientes...

288 2453 353 2483 fere
381 2456 484 2484 totum
512 2457 542 2484 et
569 2455 731 2495 integrum
770 2453 964 2495 Capitulum
1003 2455 1139 2487 fratrum
1178 2456 1395 2487 residentium
1423 2456 1453 2486 in
1480 2456 1569 2486 dicto
1606 2458 1783 2492 conventu,
1823 2456 1955 2486 nomine
1981 2458 2012 2487 et
2038 2456 2109 2487 vice

288 2512 425 2554 Capelle
452 2519 565 2546 sancte
593 2516 709 2553 Maric,
737 2517 818 2547 iuris
856 2520 1053 2557 patronatus
1091 2518 1249 2548 heredum
1288 2518 1458 2557 quondam
1485 2517 1609 2548 nobilis
1635 2516 1848 2558 Saglimbene
1876 2518 1915 2548 de
1943 2517 2109 2555 Fazardis,

290 2577 352 2606 site
380 2577 409 2607 in
437 2578 543 2616 primo
580 2578 726 2609 claustro
763 2579 839 2610 dicti
878 2582 1066 2611 conventus
1092 2582 1122 2610 et
1149 2588 1253 2620 prope
1292 2582 1420 2620 portam
1459 2580 1624 2620 introytus
1650 2579 1800 2611 eiusdem
1826 2579 1960 2611 claustri
1979 2578 2040 2619 (l),
2079 2581 2109 2611 in

293 2647 379 2677 quos
406 2638 563 2670 dominos
590 2638 748 2677 Priorem,
776 2641 960 2681 Magistros
986 2644 1016 2672 et
1042 2641 1170 2679 fratres,
1197 2642 1330 2673 nomine
1357 2642 1465 2682 ipsius
1490 2640 1628 2682 Capelle
1655 2641 1863 2682 infrascripto
1890 2642 2110 2682 proprietates

350 2814 379 2837 tl)
396 2813 424 2833 La
441 2815 516 2839 porta,
532 2814 573 2834 elie
589 2814 648 2834 dalla
665 2814 745 2839 piazza
762 2814 776 2835 S
802 2814 878 2835 l‘ietro
894 2816 915 2835 in
931 2815 978 2836 Ciel
994 2816 1061 2836 d'nro
1073 2818 1173 2837 metteva
1229 2822 1320 2842 501111110-
1336 2816 1549 2842 frequentatissima
1565 2822 1577 2837 0
1592 2819 1672 2837 centro
1688 2817 1709 2837 di
1726 2823 1755 2838 un
1771 2818 1834 2838 culto
1849 2818 1950 2843 speciale
1960 2818 2004 2838 alla
2013 2817 2110 2839 Madon-

297 2857 331 2877 nel
348 2858 422 2882 primo
438 2858 549 2881 clniostro,
565 2858 583 2878 si
601 2861 696 2879 trux-ava
714 2859 881 2884 precisnmenlc
898 2861 932 2880 nel
950 2863 1031 2885 punto,
1055 2861 1113 2881 dove
1136 2867 1176 2881 ora
1232 2866 1260 2881 na
1276 2861 1335 2881 della
1347 2860 1524 2885 Consolazione,
1537 2861 1630 2886 quando
1641 2861 1671 2881 ad
1683 2867 1736 2882 essa
1747 2861 1770 2882 iu
1783 2862 1967 2887 probabilmeute
1978 2867 2076 2883 annessa
2088 2863 2108 2883 la

297 2902 376 2922 finisce
399 2902 412 2922 il
435 2908 511 2922 nuovo
535 2902 656 2923 Convento
678 2902 737 2927 degli
761 2903 904 2927 Agostiniani
919 2921 924 2929 ,
953 2904 980 2924 cd
1003 2905 1138 2926 incomincia
1163 2906 1177 2926 il
1233 2904 1382 2931 Cappellanin
1399 2905 1493 2925 fundata
1510 2905 1538 2926 da
1554 2905 1612 2926 frate
1628 2905 1741 2931 Agosrino
1764 2905 1857 2927 Rancati
1880 2907 1915 2927 col
1938 2908 2018 2927 nostro
2040 2907 2110 2927 docu-

298 2948 379 2971 tratto,
395 2947 435 2967 elie
451 2947 473 2967 lo
488 2947 616 2972 congiunge
632 2947 676 2967 alla
692 2947 783 2968 chiesa.
808 2947 949 2969 L'Oratorio
972 2949 1055 2970 rimase
1077 2949 1098 2970 in
1115 2949 1175 2975 piedi
1232 2951 1309 2970 mento
1325 2949 1360 2970 del
1379 2951 1402 2970 10
1416 2950 1509 2970 ottobre
1528 2950 1584 2971 1480.
1602 2950 1660 2971 fisso
1676 2950 1711 2971 1101
1733 2950 1815 2971 Marzo
1837 2951 1873 2971 del
1899 2951 1947 2972 1904
1963 2951 1981 2971 si
1997 2951 2110 2972 comincio

297 2991 348 3011 sino
363 2991 384 3011 al
400 2991 513 3016 principio
528 2991 564 3012 del
582 2992 640 3017 1904,
655 2997 727 3012 aveva
744 2992 800 3018 pero
817 2993 916 3018 perduto
932 2993 936 3013 i
953 2993 1003 3013 suoi
1021 2994 1128 3019 primitivi
1141 2999 1177 3014 ca·
1231 2999 1243 3014 a
1260 2994 1370 3015 demolire
1386 2999 1426 3019 per
1441 2994 1455 3014 il
1476 3000 1552 3015 nuovo
1575 2994 1696 3015 eonvento
1718 2995 1760 3016 che
1782 2995 1824 3016 v'e
1847 2997 1911 3016 stato
1932 2998 2015 3017 cretio.
2038 2995 2109 3020 Quasi

299 3035 377 3056 ratteri
392 3036 562 3056 architcttonici
579 3041 590 3056 e
606 3036 731 3056 decorativi
744 3042 784 3062 per
804 3037 823 3057 10
841 3037 951 3062 aggiunte
967 3043 978 3058 e
996 3037 1024 3062 gli
1045 3037 1151 3058 affreschi
1162 3043 1175 3058 a
1231 3038 1289 3058 sulla
1305 3040 1381 3059 stessa
1396 3043 1451 3059 area
1466 3038 1631 3059 dell'Oratorio
1652 3044 1721 3064 sorge
1744 3044 1784 3060 ora
1807 3039 1827 3060 la
1843 3040 1948 3066 cappella
1969 3040 2059 3066 privata
2074 3040 2110 3061 del

300 3079 450 3100 chiaroscuro
465 3079 561 3100 ond'era
577 3081 640 3101 stato
655 3080 745 3101 adorno
760 3080 795 3101 nel
811 3081 890 3101 secolo
906 3081 982 3101 ΧνΙΙΙ4
1001 3081 1030 3102 La
1041 3081 1147 3107 cappella
1158 3081 1181 3102 fu
1237 3088 1314 3103 nuovo
1330 3081 1459 3104 eonvenio.
