2347 3444
1914 173 1952 204 17

141 301 254 333 cibum
292 302 485 342 quaerimus
511 304 541 334 et
567 304 693 342 potum,
720 305 753 334 ut
779 303 886 343 inquit
922 301 1060 340 Seneca,
1081 302 1232 343 palatum
1261 312 1354 334 suam
1381 303 1493 344 fames
1518 305 1679 341 excitavit,
1706 314 1770 336 nan
1795 315 1931 346 sapores
1942 317 1950 343 ,-

142 364 241 395 unico
267 366 364 404 pastu
392 364 422 395 in
449 364 502 395 die
529 366 718 402 contentus,
744 373 784 396 ne
810 367 924 396 contra
943 365 1142 396 sententiam
1169 364 1320 397 Platonis
1347 366 1399 397 bis
1426 366 1455 396 iu
1483 366 1536 397 die
1563 368 1776 398 saturaretur.
1799 367 1949 408 jeiuniis,

141 425 275 466 vigiliis,
306 426 520 457 abstinentiis
538 426 580 457 ab
608 426 759 458 Ecclesia
785 427 948 458 ordinatis
973 427 1152 458 salubriter
1178 428 1321 465 vacavit,
1339 428 1403 459 alia
1422 428 1685 468 superaddendo
1720 429 1841 460 ieiunia
1867 440 1950 469 quo-

139 488 290 519 rumdam
327 486 525 519 Sanctorum
552 488 615 519 sibi
642 489 851 520 devotorum.
879 488 917 520 Et
943 491 977 520 ut
1003 489 1147 520 breviter
1179 489 1287 520 dicam
1315 490 1355 520 de
1382 490 1454 521 eius
1480 489 1717 530 Temperantia
1744 491 1774 521 iu
1803 492 1947 527 incessu,

135 551 234 587 statu,
261 550 375 581 habitu
401 551 433 581 et
458 550 488 580 in
515 550 672 581 omnibus
707 551 853 582 motibus
879 551 960 588 suis,
988 551 1066 582 nihil
1093 550 1167 582 tecit
1194 551 1284 591 quod
1312 552 1511 591 cuiusquam
1550 552 1733 583 offenderet
1759 556 1947 593 aspectum,

135 612 194 643 sed
221 612 312 652 quod
339 621 433 643 suam
460 612 593 643 deceret
612 613 833 650 honestatem,
851 613 1028 644 attendens
1047 614 1126 644 iliud
1147 612 1320 645 Ciceronis
1346 614 1507 645 dicentis:
1540 614 1766 654 Temperantia
1784 617 1833 646 est
1852 617 1949 647 virtus

135 674 279 704 animam
305 681 419 713 regens
444 674 529 704 circa
554 673 786 705 delectationes
821 675 1014 714 corporales.
1057 674 1151 712 Quae
1189 675 1324 715 quidem
1352 676 1457 706 virtus
1495 676 1640 707 maxime
1678 677 1869 708 necessaria
1896 680 1946 708 est

134 734 359 776 Principibus,
384 736 424 767 de
450 744 516 775 qua
542 736 699 767 scribitur
725 736 949 768 Ecclesiastes
976 736 1021 768 X:
1049 736 1117 768 Vae
1143 736 1201 768 tibi
1224 739 1315 773 terra,
1343 738 1435 768 cuius
1459 746 1515 768 rex
1536 747 1619 778 puer
1641 740 1781 776 est,11‹›u
1809 739 1944 779 quidem

134 806 296 829 annorum
323 798 382 829 sed
413 807 551 835 morum,
578 800 608 829 et
634 799 725 829 cm'us
750 798 919 839 Principes
950 787 1045 830 manc
1082 800 1261 831 cornedunt.
1289 799 1395 831 Beata
1421 802 1503 831 terra
1528 800 1621 831 cuius
1646 800 1719 833 Rex
1743 801 1863 832 nabilis·
1888 804 1944 836 cst,

133 862 164 892 ct
187 861 279 891 cuius
314 859 483 900 Principes
521 862 691 891 vescantur
713 861 744 891 in
769 863 910 901 tempore
935 870 995 892 suo
1021 861 1066 892 acl
1096 861 1303 901 reficiendum
1329 863 1359 892 et
1382 870 1446 892 nou
1473 861 1518 892 (ια’
1541 861 1713 892 luxuriam.
1742 861 1779 893 Et
1806 861 1947 893 Prover-

134 922 263 953 biorum
290 922 327 953 lll
354 922 526 953 scribitur:
552 922 631 953 Noli
655 922 803 962 Regibus
827 923 905 954 clare
932 924 1047 959 vinum,
1067 924 1145 963 quia
1170 923 1293 954 nullam
1318 926 1483 959 secretum,
1504 923 1560 954 iiln'
1583 927 1701 963 regnat
1724 924 1882 955 eln‘ictas:
1908 934 1946 955 uc

129 983 213 1023 forte
238 983 358 1021 bibant,
386 986 417 1015 et
440 984 677 1015 oblivis-cantui*
702 985 893 1016 iudiciorum
919 987 950 1016 et
973 988 1096 1016 mutent
1119 994 1254 1016 causam
1275 985 1419 1025 filiorum
1441 986 1606 1025 pauperis
1639 985 1839 1026 Exemplum
1867 987 1947 1018 rcci-

131 1048 177 1077 tat
202 1045 355 1077 Valerius
381 1045 555 1077 Maximus
574 1046 701 1084 diceus,
720 1047 809 1086 quod
830 1056 931 1087 quum
959 1046 1137 1087 Philippus
1164 1046 1233 1080 Rex
1261 1047 1406 1078 Macedo
1432 1047 1635 1079 temulentus
1661 1050 1760 1085 esset,
1789 1048 1943 1079 iniustam

131 1108 329 1139 sententiam
368 1110 482 1139 contra
519 1108 699 1148 quamdam
738 1109 873 1139 viduam
900 1109 989 1147 tulit;
1016 1118 1102 1149 quae
1139 1109 1308 1140 accedens
1334 1110 1375 1140 ad
1403 1109 1512 1149 ipsum
1543 1110 1639 1147 dixit,
1666 1118 1701 1141 se
1728 1110 1899 1150 appellare
1927 1119 1943 1141 a

130 1169 290 1210 Philippo
315 1171 408 1201 ebrio
434 1170 475 1201 ad
502 1170 695 1210 Philippum
730 1171 897 1202 sobrium:
924 1171 979 1211 qui
1006 1181 1109 1211 quum
1137 1172 1249 1202 vinum
1287 1172 1499 1212 digessisset,
1526 1172 1725 1203 sententiam
1764 1173 1944 1204 revocarit.

131 1232 221 1264 Haec
259 1232 370 1263 omnia
408 1232 629 1264 considerans
666 1231 743 1263 Dux
782 1235 896 1264 noster
933 1233 1131 1274 magnificus
1168 1236 1232 1264 tam
1261 1234 1291 1264 in
1319 1234 1379 1265 hac
1419 1234 1538 1265 virtute
1575 1235 1720 1271 emicuit,
1749 1236 1781 1265 ut
1807 1243 1842 1265 se
1870 1235 1944 1274 ipso

128 1296 306 1325 contentus
332 1296 433 1332 esset,
467 1295 577 1325 sciens
611 1295 771 1335 scriptum
809 1304 885 1326 esse
923 1294 1181 1326 Proverbiorum
1210 1295 1332 1326 XXVI:
1377 1295 1493 1328 Omnis
1519 1298 1626 1326 autem
1648 1296 1843 1336 ponderatio
1880 1305 1943 1327 nou

127 1358 177 1387 est
199 1356 300 1396 digna
325 1357 518 1387 contineatis
542 1357 682 1388 animae.
710 1356 748 1387 Et
774 1357 821 1388 sic
849 1358 938 1396 patet
964 1356 1005 1387 de
1031 1357 1182 1388 secundo
1209 1357 1302 1388 radio
1328 1366 1471 1388 coronae
1498 1358 1600 1388 nostri
1629 1356 1743 1388 Ducis.

217 1417 248 1449 ln
275 1418 434 1449 sinistrali
461 1421 570 1449 autem
598 1419 690 1449 radio
716 1420 793 1449 sunt
818 1418 902 1449 aliae
927 1420 994 1449 tres
1020 1418 1147 1455 stellae,
1173 1419 1300 1450 scilicet
1330 1418 1518 1454 Prudentia,
1546 1419 1668 1455 Pietas,
1696 1421 1726 1450 et
1753 1418 1942 1451 Clementia.

129 1479 210 1511 Eius
235 1489 379 1520 namque
405 1479 584 1511 Pructentta
603 1482 693 1520 patet
712 1481 742 1511 in
763 1480 835 1517 hoc,
853 1480 932 1520 quia
951 1480 1049 1511 scivit
1075 1480 1266 1511 discernere
1293 1481 1392 1517 bona,
1412 1490 1500 1518 vera,
1520 1484 1551 1512 et
1569 1481 1678 1512 solida
1704 1490 1722 1512 a
1749 1481 1939 1512 labentibus

126 1544 158 1574 et
183 1542 333 1580 caducis,
359 1551 564 1582 quamquam
593 1543 673 1574 haec
699 1542 866 1574 delectent
884 1544 915 1574 et
941 1543 1166 1583 perstringant
1191 1543 1308 1573 oculos
1335 1543 1544 1574 intuentium.
1571 1542 1670 1583 Cepit
1696 1546 1805 1574 autem
1833 1544 1943 1575 consi—

127 1604 205 1636 lium
232 1604 387 1645 Apostoli
414 1605 556 1636 dicentis
581 1605 622 1636 ad
649 1603 875 1636 Colossenses
902 1604 950 1636 111:
972 1604 1066 1644 Quae
1084 1613 1211 1636 sursum
1236 1607 1311 1636 suat
1335 1606 1480 1645 quaerite
1503 1614 1566 1636 uon
1585 1614 1670 1645 quae
1695 1614 1794 1646 supet·
1816 1608 1941 1637 terram.

124 1666 164 1698 Et
189 1666 269 1698 illud
307 1667 433 1707 primae
460 1666 627 1705 Iohannis,
654 1666 687 1697 ll:
713 1667 823 1698 Nolite
848 1666 982 1707 diligere
1018 1667 1182 1703 nutricium,
1210 1676 1313 1707 neque
1339 1676 1378 1698 ea
1403 1676 1488 1707 quae
1514 1668 1544 1698 isi
1570 1667 1691 1698 [nunilo
1728 1670 1810 1698 sunt.
1842 1666 1941 1704 Quod

125 1731 235 1760 autem
263 1728 366 1760 seculi
393 1729 492 1760 huius
518 1729 606 1760 bona
643 1728 761 1760 oculos
797 1729 980 1760 amantium
1018 1729 1253 1769 perstringant,
1280 1728 1573 1769 demulceantque,
1601 1730 1690 1769 patet
1716 1729 1939 1760 discurrendo

125 1800 186 1832 per
209 1791 351 1832 singula.
378 1791 462 1822 Nam
499 1791 643 1822 delectat
668 1792 699 1822 et
725 1791 846 1822 mulcet
883 1791 1045 1822 mirabilis
1082 1791 1208 1822 coelica
1246 1792 1384 1822 materia
1410 1792 1441 1822 in
1468 1794 1543 1822 aere
1570 1791 1728 1829 iucundo,
1756 1792 1787 1822 in
1815 1792 1937 1822 lumine

124 1853 207 1885 solis
244 1853 435 1893 splendido,
462 1853 493 1884 in
519 1855 699 1893 augmento
736 1853 834 1884 lunae
860 1855 891 1884 et
919 1852 1064 1891 defectu,
1103 1853 1134 1883 in
1172 1853 1332 1884 varietate
1368 1853 1538 1884 stellarum
1576 1855 1607 1885 et
1644 1855 1745 1884 motu.
1788 1852 1941 1885 Delectat

123 1917 208 1947 terra
235 1916 266 1946 in
293 1924 465 1946 nemorum
491 1915 642 1953 floribus,
673 1916 704 1946 in
730 1915 897 1947 fructuum
924 1915 1160 1952 suavitatibus,
1180 1916 1211 1946 in
1227 1917 1396 1956 pratorum
1417 1916 1667 1956 rivulorumque
1693 1916 1942 1950 amenitatibus,

125 1978 156 2009 in
183 1980 334 2019 segetum
362 1978 481 2009 culmis
508 1978 768 2016 luxuriantibus,
787 1977 818 2008 in
845 1978 1017 2008 vinearum
1044 1977 1133 2008 foliis
1159 1979 1190 2008 et
1217 1977 1413 2009 bottonibus
1443 1977 1562 2017 plenis,
1582 1978 1612 2008 in
1640 1977 1835 2018 palmitibus
1869 1980 1939 2009 ten-

125 2040 183 2077 sis,
210 2040 241 2071 in
268 2040 396 2071 umbris
421 2040 593 2077 silvarum,
616 2041 646 2071 et
672 2040 860 2080 cespitibus
886 2040 1027 2078 cunctis,
1048 2040 1078 2070 in
1105 2049 1278 2080 equorum,
1297 2049 1486 2080 canumque
1513 2040 1679 2078 cursibus,
1707 2040 1737 2070 in
1764 2049 1937 2071 cervorum

123 2110 370 2142 caprarumque
406 2102 560 2140 saltibus,
587 2102 618 2132 in
656 2111 837 2142 pavonum,
863 2101 1105 2140 columbarum,
1131 2103 1363 2142 turturumque
1401 2102 1522 2142 pennis
1548 2104 1578 2133 et
1612 2102 1709 2133 collis
1736 2102 1936 2138 lucentibus⁷

125 2164 156 2194 in
182 2164 357 2195 domorum
384 2164 483 2204 pictis
509 2164 612 2195 muris
638 2166 669 2195 et
695 2164 921 2203 laquearibus,
948 2164 979 2194 in
1005 2172 1206 2204 organorum
1233 2164 1381 2195 omnium
1408 2164 1612 2195 musicorum
1639 2163 1777 2195 tinnulis
1803 2166 1939 2194 cantan-

123 2226 225 2264 tibus,
252 2226 283 2257 in
309 2226 483 2258 mulierum
510 2226 663 2257 venustis
688 2226 895 2266 aspectibus
915 2235 1097 2266 earumque
1122 2225 1240 2263 oculis,
1266 2225 1456 2265 superciliis
1475 2227 1506 2256 et
1524 2225 1685 2263 crinibus,
1704 2225 1799 2266 genis
1818 2227 1849 2256 et
1867 2227 1941 2266 gut-

114 2275 205 2326 ture,
225 2288 323 2319 labiis
342 2290 373 2319 et
392 2297 486 2325 naso,
505 2288 672 2325 manibus,
691 2288 788 2325 collo,
815 2290 845 2319 et
871 2288 1027 2328 pedibus,
1046 2290 1146 2328 atque
1164 2288 1376 2319 extrinsecus
1403 2288 1559 2328 pretiosis
1585 2287 1746 2318 adhibitis
1772 2287 1936 2324 vestibus,

123 2359 204 2382 auro
229 2352 260 2382 et
285 2351 427 2391 gemmis
453 2350 631 2388 distinctis,
658 2350 841 2381 monilibus
867 2351 968 2387 miris,
995 2350 1189 2387 murenulis,
1216 2350 1386 2389 variisque
1420 2350 1652 2387 terrestribus;
1679 2351 1710 2380 et
1736 2349 1837 2380 multa
1864 2349 1939 2383 alia.

123 2421 210 2453 quae
236 2421 330 2444 meus
355 2413 456 2443 modo
482 2422 547 2443 non
585 2412 700 2443 recolit
737 2421 868 2443 sensus.
896 2411 961 2443 Sed
988 2414 1076 2443 certe
1103 2412 1209 2451 inquit
1235 2411 1313 2442 Dux
1341 2413 1463 2449 noster,
1489 2420 1693 2451 quamquam
1721 2411 1784 2442 ista
1810 2411 1938 2443 demul-

124 2476 231 2513 ceant,
257 2483 343 2515 quae
369 2475 434 2506 sub
459 2475 554 2506 coelo
580 2476 667 2512 sunt,
705 2477 831 2514 quanto
858 2475 965 2515 magis
991 2483 1029 2505 ea
1055 2474 1223 2506 delectant
1260 2483 1346 2514 quae
1383 2482 1484 2514 super
1520 2473 1633 2505 coelos
1670 2476 1758 2511 sunt,
1796 2475 1874 2514 quia
1912 2474 1938 2504 si

124 2546 238 2569 carcer
263 2537 376 2568 mundi
412 2537 511 2568 huius
544 2537 684 2577 pulcher
721 2539 780 2574 est,
819 2537 935 2577 patria.
962 2537 1091 2573 civitas,
1118 2538 1149 2567 et
1174 2536 1295 2567 domus
1321 2536 1431 2576 qualis
1457 2536 1535 2567 est?
1572 2536 1598 2567 si
1626 2536 1703 2567 talia
1740 2538 1817 2567 sunt
1854 2545 1940 2576 quae

124 2599 197 2631 heic
224 2598 373 2630 incolunt
406 2599 584 2640 peregrini,
609 2599 722 2639 qualia
748 2601 835 2636 sunt,
862 2607 947 2639 quae
975 2598 1018 2629 ibi
1045 2598 1222 2638 possident
1262 2598 1348 2629 tilii?
1386 2598 1412 2629 si
1440 2598 1596 2629 mortales
1622 2600 1653 2629 et
1679 2598 1790 2629 miseri
1819 2598 1849 2628 in
1877 2598 1937 2629 hac

123 2661 191 2692 vita
216 2661 324 2692 taliter
348 2664 425 2693 sunt
463 2662 673 2699 remunerati,
700 2661 903 2692 immortales
929 2664 960 2692 et
986 2661 1072 2692 beati
1098 2660 1242 2700 qualiter
1267 2662 1343 2692 sunt
1369 2660 1400 2691 in
1427 2660 1480 2691 illa
1508 2661 1574 2691 vita
1612 2660 1716 2698 ditati,
1755 2660 1809 2691 ubi
1849 2659 1937 2691 nulla

124 2723 312 2755 necessitas
337 2723 458 2761 turbat,
484 2723 575 2755 nulla
600 2723 790 2755 adversitas
816 2724 983 2764 angustat,
1002 2722 1092 2754 nulla
1118 2722 1272 2754 molestia
1312 2723 1485 2762 inquietat,
1523 2722 1581 2753 sed
1621 2722 1777 2762 perennis
1815 2722 1937 2753 laetitia

124 2785 259 2826 regnat?
285 2785 362 2817 Ideo
387 2786 495 2826 inquit
519 2785 597 2817 Dux
625 2788 754 2817 noster:
772 2785 870 2825 Elegi
893 2785 1040 2816 abiectus
1063 2793 1135 2816 esse
1152 2785 1261 2825 magis
1285 2785 1317 2816 in
1342 2784 1439 2816 domo
1464 2784 1529 2816 Dei
1552 2785 1622 2821 mei,
1654 2793 1752 2824 quam
1789 2784 1939 2815 habitare

123 2848 155 2879 in
180 2847 401 2879 tabernaculis
420 2850 639 2888 peccatoram,
667 2850 701 2880 ut
726 2848 884 2880 scribitur
909 2846 1045 2878 Psalmo
1073 2845 1187 2878 XClV.

212 2907 369 2950 Sequitur
405 2910 554 2941 secunda
590 2910 685 2942 stella
722 2910 822 2941 huius
860 2909 953 2947 radii,
980 2918 1066 2949 quae
1092 2910 1143 2940 est
1167 2908 1282 2940 Pietas
1307 2918 1385 2950 erga
1417 2907 1478 2940 Dei
1506 2908 1641 2940 cultum.
1667 2908 1751 2939 Nam
1780 2908 1831 2939 hic
1858 2907 1936 2938 Dux

123 2973 236 3003 noster
261 2979 357 3003 sacra
382 2971 566 3003 Missarum
592 2972 706 3004 dietim
732 2972 870 3003 videbat
895 2974 926 3003 et
951 2971 1110 3002 audiebat
1135 2971 1279 3012 genibus
1303 2971 1403 3002 flexis
1428 2973 1493 3003 tam
1527 2972 1662 3002 attente,
1690 2972 1723 3002 ut
1751 2970 1860 3010 ipsum
1888 2979 1938 3001 ra-

123 3034 217 3073 ptum
242 3033 284 3064 ad
311 3041 454 3074 superos
487 3034 653 3072 crederes,
679 3042 814 3075 semper
849 3033 950 3065 corde
976 3034 1006 3064 et
1033 3033 1130 3064 labiis
1167 3041 1277 3065 orans.
1304 3033 1564 3073 percutiensque
1590 3034 1709 3073 pectus
1740 3040 1838 3063 suum
1864 3030 1937 3062 Deo

1921 3099 1934 3119 3
