2347 3444
332 236 369 268 18

328 369 458 399 veniam
493 369 696 409 postulabat.
735 368 869 406 Quibus
907 370 1052 410 peractis
1078 370 1130 401 bis
1156 372 1272 410 terque
1300 371 1330 402 in
1358 371 1571 402 hebdomada
1608 372 1830 404 confitebatur
1866 373 2141 413 semiprostratus

327 433 402 461 ante
439 431 545 470 pedes
583 432 701 471 patrini
729 432 792 464 sui.
818 434 849 463 et
874 432 1025 472 quotidie
1052 441 1111 472 per
1145 433 1258 464 horam
1286 435 1363 473 post
1389 433 1532 465 Missam
1570 434 1664 465 solus
1701 434 1819 466 orabat
1855 436 1979 466 attente
2016 433 2141 466 Christi

328 493 534 524 maiestatem
562 494 671 533 capite
697 494 841 525 detecto.
867 492 1023 525 Officium
1050 497 1158 526 autem
1194 493 1316 526 Beatae
1342 494 1488 535 Virginis
1514 495 1692 536 gloriosae,
1729 496 1781 527 cui
1808 504 1844 527 se
1870 498 1974 527 totum
2008 497 2145 527 commi-

328 557 425 591 serat,
452 558 482 586 et
519 564 620 595 quam
658 556 962 597 singularissimam
1001 557 1116 588 habuit
1153 557 1366 594 advocatam,
1399 566 1475 588 cum
1513 557 1666 597 plurimis
1703 558 1846 591 dicebat,
1873 561 1904 590 et
1941 559 1968 589 si
2007 558 2143 599 quando

329 619 465 657 urgente
491 626 571 648 casu
599 617 649 648 vel
678 618 868 649 infirmitate
894 617 1037 649 Missam
1057 628 1121 649 non
1140 619 1281 657 audiret,
1301 628 1360 659 pro
1379 619 1572 651 huiusmodi
1600 620 1725 651 scelere
1743 620 1915 660 expiando
1934 621 2143 661 pauperibus

326 678 471 709 florenos
508 679 623 710 decem
661 688 699 710 ea
726 680 780 711 die
806 681 934 721 erogari
973 680 1127 718 faciebat,
1153 682 1265 713 sciens
1303 682 1462 722 scripturn
1498 681 1606 713 Lucae
1633 681 1692 713 Xl:
1734 682 1822 714 Date
1847 682 2087 719 eleemosinam,
2115 684 2147 714 et

327 741 436 771 onznia
461 741 583 772 ηιιιηιίιι
608 744 684 772 sunt
709 742 810 773 vobt‘s.
827 742 952 774 Horum
979 744 1126 774 omnium
1153 744 1248 774 testis
1274 752 1359 781 sum,
1378 744 1434 784 qui
1461 753 1522 775 sua
1549 753 1626 785 erga
1653 753 1703 776 me
1729 744 1890 784 singulari
1918 744 2144 776 benivolentia

326 811 364 833 ac
384 805 520 842 paterna
547 803 722 835 affectione
742 805 782 835 ad
803 805 884 836 haec
913 805 1053 836 visenda
1072 808 1102 836 et
1120 806 1288 837 audienda
1316 814 1498 846 numquam
1525 806 1716 846 prohibitus
1742 815 1827 837 sum.
1848 805 2017 837 Fundator
2042 807 2141 838 etiam

326 865 435 896 extitit
471 868 571 906 atque
609 869 725 898 auctor
751 867 894 907 plurium
932 867 1162 899 ecclesiarum.
1189 876 1276 907 quas
1313 868 1431 899 ditavit
1468 868 1606 900 dotibus
1643 868 1872 909 amplissimis.
1910 871 1940 900 et
1966 869 2146 909 praecipue

327 927 523 959 Monasterii
551 926 805 961 Carthusiensis
831 928 967 969 Papiae,
986 930 1038 960 cui
1065 939 1105 960 ex
1133 929 1294 969 singulari
1321 930 1502 961 devotione
1529 931 1579 961 sui
1607 931 1759 971 corporis
1785 931 1954 971 reliquias,
1982 932 2016 962 ut
2040 930 2143 962 fertur

327 989 512 1021 novissime
539 991 680 1030 reliquit.
707 990 901 1022 AEctifieavit
927 991 1025 1022 etiam
1053 990 1178 1030 Papiae
1204 991 1382 1022 ecclesiam
1410 990 1522 1023 Sancti
1558 990 1703 1032 Spiritus
1739 1002 1814 1024 cum
1841 993 1987 1024 claustro
2013 995 2043 1024 et
2069 1002 2144 1024 cum

327 1052 457 1091 magnis
484 1054 716 1092 priwentibus,
745 1053 799 1083 ubi
827 1054 941 1084 statuit
968 1056 1131 1093 perpetuo
1157 1051 1349 1085 Canonicos
1375 1054 1554 1085 duodecim
1581 1057 1680 1091 stare,
1707 1057 1736 1086 et
1763 1063 1823 1094 pro
1849 1063 1910 1086 sua
1936 1063 2144 1095 suorumque

326 1114 433 1145 salute
459 1115 615 1145 devotius
642 1124 745 1146 orare.
774 1114 805 1145 ln
834 1114 1028 1146 Mediolano
1054 1116 1243 1146 construxit
1270 1115 1525 1153 Monasterium,
1552 1116 1643 1156 quod
1671 1116 1859 1156 appellator
1893 1114 2145 1155 Castellacium‚

326 1179 355 1207 et
381 1177 557 1217 opulenter
575 1177 713 1213 dotavit,
733 1177 914 1217 posuitque
941 1178 1125 1209 monachos
1152 1178 1258 1209 sancti
1287 1177 1490 1219 Hieronymi.
1523 1178 1554 1209 ln
1573 1179 1690 1210 eadem
1718 1179 1798 1210 urbe
1828 1178 1977 1210 fabricae
2004 1178 2146 1211 Maioris

328 1237 497 1270 Ecclesiae
536 1239 735 1270 mensuatim
773 1239 977 1280 quingentos
1011 1239 1156 1270 florenos
1194 1240 1305 1271 dabat.
1345 1239 1469 1272 Romae
1505 1240 1722 1280 disposuerat
1748 1241 1779 1271 in
1807 1241 1965 1272 honorem
2001 1240 2148 1281 Virginis

325 1301 493 1341 gloriosae
526 1301 704 1332 ecclesiam
742 1304 935 1333 construere
961 1302 1001 1333 ad
1030 1302 1134 1333 instar
1159 1302 1321 1333 eiusdem.
1349 1311 1435 1342 quae
1472 1302 1593 1334 dicitur
1630 1300 1752 1334 Sancta
1790 1302 1897 1334 Maria
1935 1303 2056 1340 Maior,
2094 1302 2146 1334 vel

326 1362 448 1394 Sancta
475 1363 583 1394 Maria
609 1364 649 1394 ad
677 1363 793 1401 Nives,
812 1367 842 1395 et
869 1365 932 1395 iam
960 1364 1127 1404 quosdam
1151 1374 1192 1395 ex
1212 1364 1283 1395 suis
1310 1364 1387 1395 illuc
1413 1373 1473 1404 pro
1499 1364 1560 1395 hac
1579 1373 1612 1395 re
1632 1365 1777 1396 miserat.
1805 1364 1899 1396 Misit
1919 1365 2017 1396 etiam
2045 1364 2148 1396 multa

324 1426 525 1457 florenorum
553 1425 654 1457 millia
681 1435 741 1466 pro
767 1427 976 1467 reparatione
1003 1427 1167 1458 eeclesiae
1194 1425 1315 1458 Sancte
1342 1426 1470 1458 Mariae
1496 1426 1537 1457 de
1563 1425 1744 1461 Bethleem,
1779 1427 1834 1458 ubi
1873 1435 1997 1467 corpus
2024 1426 2148 1459 Beatae

326 1487 473 1528 Virginis
510 1488 678 1528 gloriosae
704 1489 746 1519 ab
773 1488 947 1529 Apostolis
981 1489 1128 1521 delatum
1166 1489 1282 1527 fuerat,
1309 1492 1340 1520 et
1365 1489 1406 1520 de
1433 1498 1499 1529 qua
1525 1489 1604 1520 dicit
1631 1489 1750 1520 beatus
1787 1489 2023 1530 Hieronymus,
2056 1489 2148 1529 quod

325 1551 407 1581 miro
433 1560 534 1590 opere
561 1551 709 1582 tabulata
736 1554 815 1589 erat,
834 1551 906 1589 sed,
933 1552 1132 1591 prohibente
1159 1550 1308 1583 Soldano
1335 1551 1472 1589 infideli,
1498 1560 1586 1591 opus
1605 1560 1670 1582 non
1690 1551 1806 1583 habuit
1825 1551 1988 1582 effectum.
2015 1550 2142 1592 Papiae

326 1613 356 1643 in
383 1612 580 1644 fundatione
606 1613 771 1644 ecclesiae
799 1612 910 1645 Sancti
930 1613 1065 1645 Antonii
1092 1613 1212 1645 obtulit
1243 1614 1390 1645 florenos
1417 1615 1561 1651 centum,
1580 1616 1610 1645 et
1628 1614 1764 1645 totidem
1793 1614 1823 1644 in
1854 1613 1997 1645 ecclesia
2023 1612 2145 1646 Sancte

325 1674 454 1706 Mariae
480 1675 521 1706 de
547 1673 702 1706 Carmelo
728 1674 864 1715 Papiae.
890 1685 928 1707 ac
955 1676 1091 1707 totidem
1120 1674 1242 1707 Sancte
1281 1675 1409 1707 Mariae
1447 1675 1625 1708 Dioecesis
1651 1674 1904 1713 Cremonensis,
1930 1685 2017 1716 quae
2044 1675 2147 1716 vulgo

325 1737 445 1768 dicitur
470 1737 511 1768 de
538 1735 724 1768 Caroberto
751 1746 810 1777 per
836 1747 886 1769 me
913 1738 1012 1775 misit,
1038 1738 1079 1769 de
1106 1738 1232 1778 quibus
1260 1739 1330 1770 fieri
1357 1738 1420 1770 feci
1458 1747 1561 1769 unum
1603 1738 1865 1779 pulcherrimum
1903 1740 2147 1779 paramentum,

325 1799 415 1838 quod
444 1807 551 1839 usque
578 1799 609 1830 in
637 1799 834 1830 hodiernum
869 1800 955 1831 diem
982 1802 1144 1831 servatur.
1172 1799 1257 1832 Aliis
1283 1801 1468 1832 innumeris
1499 1801 1654 1832 ecclesiis
1692 1801 1794 1832 multa
1821 1801 1852 1832 in
1878 1801 2022 1841 pecunia
2048 1803 2079 1832 et
2104 1801 2152 1832 io-

325 1861 454 1892 calibus
480 1861 629 1892 donavit.
656 1862 697 1892 de
723 1862 848 1902 quibus
886 1862 1023 1903 longum
1050 1864 1141 1894 esset
1166 1863 1287 1894 dicere.
1316 1862 1406 1894 Fecit
1443 1864 1542 1894 etiam
1581 1863 1685 1894 iocale
1723 1863 1983 1904 pulcherrimum
2022 1863 2148 1894 brachii

325 1922 357 1955 S.
377 1922 512 1954 Antonii
533 1923 573 1954 de
593 1923 732 1961 Vienna,
752 1927 904 1955 ornatum
932 1924 1104 1965 lapidibus
1130 1926 1299 1965 pretiosis,
1317 1926 1402 1957 inter
1427 1934 1514 1966 quos
1541 1926 1695 1957 robinum
1722 1926 1836 1966 posuit
1862 1925 1975 1957 multis
2001 1925 2150 1957 millibus

324 1986 435 2017 aureis
472 1986 696 2023 aestimatum,
723 1988 753 2017 et
778 1996 889 2018 arcam
927 1985 1039 2019 Sancti
1067 1987 1246 2028 Augustini
1286 1987 1422 2028 Papiae.
1449 1997 1537 2028 opus
1570 1989 1754 2029 egregium,
1781 1990 1815 2019 ut
1841 1988 1967 2028 pluries
2005 1988 2146 2026 dixerat,

325 2048 485 2089 perficere
522 2048 736 2088 disponebat.
764 2048 805 2080 At
830 2049 910 2089 quid
938 2049 1076 2081 moror?
1102 2050 1180 2088 duo,
1207 2059 1294 2091 quae
1330 2051 1607 2091 superexcedunt
1643 2051 1755 2082 omnia
1780 2059 1842 2082 sua
1868 2050 2002 2091 pietatis
2027 2049 2149 2089 officia,

325 2111 529 2142 dimiseram.
549 2111 590 2142 ad
617 2120 703 2151 quae
731 2120 818 2142 nunc
845 2112 974 2143 viribus
1000 2113 1159 2144 omnibus
1186 2113 1390 2145 intendebat.
1418 2112 1565 2144 Primum
1593 2113 1686 2144 unire
1713 2113 1911 2153 disruptam,
1941 2114 2148 2153 quassatam,

325 2176 356 2204 et
382 2174 438 2204 diu
466 2173 643 2204 laceratam
670 2172 731 2205 Dei
760 2173 944 2205 Ecclesiam
971 2175 1165 2215 sumptibus
1191 2176 1274 2213 suis,
1293 2175 1336 2206 nil
1363 2176 1454 2207 aliud
1480 2184 1658 2215 quaerens,
1677 2184 1695 2207 a
1721 2174 1872 2215 Regibus
1886 2177 1917 2206 et
1931 2174 2148 2215 Principibus

325 2233 539 2272 Christianis,
565 2244 666 2276 quam
704 2244 807 2276 super
833 2236 895 2267 hoc
921 2245 1036 2267 eorum
1075 2245 1291 2269 consensum,
1318 2238 1406 2269 unde
1443 2247 1504 2278 pro
1530 2238 1591 2269 hac
1629 2237 1765 2268 materia
1805 2237 1870 2268 iam
1897 2237 1938 2268 ad
1965 2237 2146 2277 quemdam

326 2296 515 2337 Principem
550 2297 696 2338 legatum
735 2298 870 2329 miserat
908 2299 1135 2330 venerabilem
1173 2300 1342 2340 quendam
1377 2299 1579 2341 Magistrum
1606 2300 1637 2330 in
1671 2299 1860 2339 Theologia
1897 2297 2036 2330 Ordinis
2072 2298 2148 2330 mei.

325 2358 518 2391 Secundum
557 2369 655 2400 opus,
682 2361 722 2391 ad
761 2361 853 2400 quod
888 2361 1091 2394 intendebat.
1118 2364 1187 2393 erat
1217 2371 1334 2402 pacem
1360 2371 1485 2403 ponere
1511 2363 1542 2393 in
1578 2361 1730 2402 Imperio,
1756 2364 1786 2393 et
1811 2362 1853 2393 ad
1880 2362 1942 2392 hoc
1968 2363 2058 2393 totus
2084 2361 2149 2392 fer-

325 2422 435 2457 vebat,
461 2423 641 2462 omniaque
668 2426 856 2463 paraverat,
883 2426 917 2454 ut
943 2423 1204 2456 Ecclesiasticus
1230 2427 1330 2465 atque
1357 2424 1532 2465 Augustus
1558 2423 1696 2457 Romani
1724 2422 1899 2463 Principes
1926 2432 2009 2463 pace
2035 2426 2067 2454 et
2093 2423 2150 2454 be-

326 2483 508 2515 nivolentia
536 2485 758 2524 iungerentur.
786 2483 852 2516 Sed
879 2487 944 2516 tam
972 2486 1108 2526 optimis
1135 2487 1311 2527 principiis
1337 2496 1377 2518 an
1405 2489 1518 2518 nostra
1544 2486 1679 2527 flagitia,
1707 2494 1747 2517 an
1764 2486 1844 2525 quid
1860 2485 1950 2517 aliud
1969 2485 2146 2524 obstiterit,

325 2546 386 2577 soli
414 2545 486 2577 Deo
513 2546 714 2586 linquamus.
742 2546 839 2578 Dicat
865 2557 945 2588 ergo
971 2546 1049 2579 Dux
1070 2551 1183 2580 noster
1198 2549 1397 2590 magnificus
1423 2549 1464 2580 de
1491 2558 1537 2587 se,
1563 2548 1653 2589 quod
1680 2548 1722 2579 de
1747 2547 1877 2579 AEnaea
1895 2548 1980 2579 dixit
1999 2548 2147 2588 optimus

326 2607 428 2639 Vates
454 2609 608 2640 scribens
634 2610 740 2640 virum
768 2610 880 2650 pium:
908 2609 986 2642 Sum
1008 2612 1085 2651 pius
1109 2611 1251 2648 Enoeas,
1281 2612 1388 2643 idest:

415 2669 494 2702 Sum
516 2671 593 2711 pius
609 2671 782 2712 Jolzannes
806 2670 963 2712 (Galeaz)
981 2672 1080 2713 famo
1105 2683 1204 2714 super
1230 2674 1363 2705 aethera
1395 2676 1501 2705 notas.

416 2732 521 2764 Nam:
548 2732 662 2765 Pietas
687 2734 732 2765 aci
755 2735 865 2766 omnia
891 2735 979 2767 utilis
1003 2737 1060 2772 est,
1089 2738 1122 2767 ut
1148 2737 1304 2767 scribitur
1330 2737 1455 2776 primae
1481 2736 1522 2767 ad
1549 2735 1774 2772 Timotheum,
1802 2734 1852 2765 IV.

416 2792 574 2834 Sequitur
599 2796 694 2827 tertia
720 2797 814 2827 stella
844 2797 942 2828 liuius
970 2798 1063 2835 radii,
1090 2807 1176 2838 quae
1202 2801 1252 2829 est
1280 2797 1481 2835 Clementic1;
1505 2797 1593 2829 facta
1619 2797 1705 2828 enim
1731 2797 1865 2837 egregia
1884 2795 2089 2837 Principum,
2115 2798 2147 2828 et

326 2856 482 2896 exempla
509 2857 658 2888 virtuosa
684 2857 761 2897 plus
790 2861 974 2897 provocant
1000 2860 1158 2891 subditos
1183 2860 1224 2891 ad
1253 2861 1480 2897 imitationem,
1499 2868 1599 2900 quam
1626 2859 1776 2899 imperia,
1795 2861 1828 2890 ut
1855 2859 1962 2899 inquit
1987 2856 2147 2890 Claudia-

327 2906 390 2950 nus
415 2919 457 2950 ad
485 2918 719 2959 imperatorem
746 2919 996 2952 Theodosium:
1023 2923 1227 2962 componitur
1249 2922 1337 2954 orbis
1361 2921 1466 2962 Regis
1490 2922 1536 2953 ad
1558 2921 1751 2962 exemplum.
1778 2919 1832 2953 Sic
1851 2919 1929 2952 Dux
1949 2923 2062 2952 noster
2079 2920 2144 2952 sibi

326 2980 452 3012 dictum
479 2981 609 3021 putavit
635 2981 715 3013 illud
743 2981 883 3023 Virgilii,
908 2982 1076 3014 AEneidos
1102 2983 1164 3015 Vl:

794 3062 868 3093 Hae
893 3062 952 3094 tibi
975 3065 1066 3094 erunt
1090 3066 1184 3101 artes,
1207 3065 1350 3105 pacique
1375 3064 1538 3105 imponere
1562 3072 1694 3102 morem,

792 3123 931 3156 Parcere
955 3124 1119 3162 subiectis,
1146 3128 1178 3158 et
1201 3126 1365 3159 debellare
1390 3125 1557 3167 superbos.
