2347 3444
391 322 633 356 Sarcosanctae
661 323 817 357 Generali
844 325 1031 358 Basileensi
1059 324 1198 367 Synodo
1224 327 1255 357 in
1282 324 1406 366 Spiritu
1441 324 1566 358 Sancto
1604 326 1748 368 legitime
1781 325 2028 369 Congregatae.

392 395 676 429 Reverendissimi
704 396 959 438 Reverendique
985 396 1101 429 Patres
1121 400 1151 428 et
1171 396 1303 428 Domini
1324 397 1637 438 praecellentissimi
1668 407 1783 430 sacrae
1803 400 1946 440 paginae
1972 400 2120 441 magistri

303 458 451 498 insigniti
479 459 705 499 doctoresque
732 459 856 500 egregii
884 457 1121 491 Sacrosantam
1149 458 1322 499 Synodum
1364 458 1596 491 Basileensem
1634 460 1856 499 celebrantes,
1893 470 1968 493 cum
2007 462 2121 493 humili

303 521 631 564 recommendatione
656 522 854 561 praemissa.
882 519 1095 561 Quamquam
1122 521 1175 552 die
1202 520 1302 552 XVlli
1330 520 1471 552 ianuarii
1498 521 1599 553 multa
1641 522 1733 562 passi
1761 522 1933 561 fuerimus,
1967 523 2027 555 iter
2063 532 2123 555 no—

304 586 408 613 strum
447 583 641 624 peragendo
668 584 698 614 in
726 583 805 614 mari
844 583 970 620 maiori,
998 583 1214 623 procedendo
1252 591 1309 623 per
1345 582 1554 615 Waiachiam
1592 583 1870 623 Moldariensem,
1907 585 2124 617 succedendo

305 646 419 685 utique
447 645 477 676 in
505 646 620 677 itinere
648 648 762 676 nostro
789 649 818 676 et
845 654 919 676 cum
947 645 1142 676 contramite
1169 644 1309 685 Tyciam
1336 647 1411 676 ante
1449 645 1556 676 forum
1583 646 1639 686 qui
1666 638 1787 677 dicitur
1819 646 1941 678 Abbati
1965 647 1996 678 in
2023 656 2125 688 regno

307 707 508 748 Hiingariae‚
535 716 576 739 ex
604 716 685 738 casu
713 707 886 747 inopinato
913 707 1122 738 confidentes
1149 716 1207 747 per
1234 707 1354 738 famam
1383 707 1552 748 publicam
1579 717 1617 739 ac
1644 717 1702 748 per
1727 717 1875 749 pesonas
1900 709 1966 740 tide
2004 709 2126 750 dignas

306 770 430 801 nuliam
457 769 677 801 diffidentiam
707 770 839 804 habere,
868 769 968 799 immo
994 769 1052 800 tuti
1080 770 1111 800 et
1137 769 1258 806 securi,
1284 769 1415 809 absque
1442 769 1509 800 uilo
1535 770 1640 801 dubio
1659 771 1719 802 iter
1737 772 1886 802 nostrum
1914 771 2125 812 progredere,

304 831 418 872 ibique
446 832 553 862 invasi
582 841 640 871 per
665 831 868 871 spoliatores
894 831 966 862 sive
994 840 1052 871 per
1076 832 1262 871 armigeros
1290 831 1447 863 iohannis
1474 831 1580 863 Banni
1607 832 1646 864 de
1671 832 1782 864 Maro!
1820 833 1965 865 totaliter
1990 834 2124 874 spoliati

304 893 430 925 fuimus
457 894 487 924 in
515 894 616 925 rebus
642 896 672 924 et
700 894 730 923 in
759 893 857 924 bonis
883 893 1018 931 nostris,
1046 894 1089 925 ita
1115 896 1146 925 et
1172 894 1326 932 totaliter,
1353 894 1551 935 simpliciter
1576 896 1607 926 et
1633 895 1800 933 absolute,
1834 896 1924 936 quod
1963 895 2125 927 LXXXVI

304 957 381 996 equi
407 959 437 987 et
463 964 580 987 currus
605 955 765 986 denudati
793 955 891 986 nobis
922 958 1163 993 remanserunt,
1190 958 1221 987 et
1239 957 1326 988 sieut
1345 957 1375 987 in
1396 957 1488 997 puris
1508 957 1717 988 naturalibus
1747 958 1813 989 nati
1844 958 1971 990 reducti
1991 957 2126 990 fuimus.

306 1018 460 1049 Attamen
488 1018 603 1048 divina
629 1017 764 1048 favente
790 1017 968 1048 clementia
1005 1016 1135 1049 Budam
1174 1019 1390 1058 pervenimus
1416 1019 1447 1049 in
1474 1019 1588 1060 vigilia
1626 1018 1702 1051 festi
1740 1018 1972 1051 Pentecostes.
2011 1019 2125 1060 ltaque

305 1080 460 1120 quaerela
487 1080 597 1120 posita
623 1088 733 1110 coram
760 1078 906 1110 Domino
933 1078 1202 1120 Arcniepiscopo
1229 1078 1450 1121 Strigoniensi
1477 1083 1508 1112 et
1534 1081 1608 1113 aliis
1635 1080 1816 1121 Episcopis
1846 1080 2078 1122 Praelatisque
2097 1083 2127 1114 et

305 1142 516 1180 Baronibus;
544 1142 655 1182 itaque
681 1144 840 1182 operatus
866 1141 921 1177 fui,
949 1142 1040 1182 quod
1057 1143 1208 1182 provisio
1223 1142 1310 1174 facta
1336 1145 1387 1174 est
1412 1143 1698 1175 ambasiatoribus
1714 1144 1812 1175 nobis
1839 1144 1996 1176 omnibus
2011 1144 2052 1175 de
2066 1144 2129 1175 du-

304 1205 410 1236 centis
437 1205 568 1235 ducatis
595 1213 654 1244 pro
681 1204 820 1235 intinere
847 1206 962 1235 nostro
989 1204 1195 1244 perficiendo
1210 1213 1317 1245 usque
1333 1204 1511 1236 Basileam.
1531 1205 1571 1236 Et
1589 1206 1637 1237 sic
1652 1208 1787 1246 propter
1803 1206 1888 1237 lianc
1904 1215 1982 1243 rem,
2002 1215 2127 1237 moram

307 1267 429 1298 ibidem
457 1266 572 1298 Budae
598 1275 657 1307 per
682 1265 768 1297 XVll
795 1266 868 1298 dies
893 1268 925 1298 et
951 1275 1010 1307 per
1036 1266 1150 1306 plures
1175 1267 1351 1298 traximus.
1378 1266 1530 1299 Tandem
1549 1268 1603 1299 die
1622 1267 1726 1299 XXIV
1745 1268 1871 1299 mensis
1891 1269 1990 1299 huius
2006 1277 2126 1309 perve-

306 1330 416 1360 nimus
457 1328 600 1366 Ulmam,
642 1329 834 1369 ibidemque
872 1329 998 1360 domini
1037 1328 1293 1360 Ambasiatores
1330 1329 1456 1360 domini
1495 1328 1707 1370 imperatoris
1744 1328 1960 1368 Graecorum,
1994 1339 2035 1361 ex
2063 1330 2126 1361 sibi

306 1391 453 1422 iniuncto
479 1391 701 1422 visitaverunt
727 1390 899 1421 dominum
927 1392 1076 1422 nostrum
1103 1389 1297 1422 Caesarem.
1330 1389 1463 1422 Saniori
1495 1391 1638 1422 consilio
1663 1392 1815 1429 aestimo,
1841 1394 1939 1432 prout
1963 1391 2129 1432 sapientia

306 1455 418 1484 vestra
445 1453 691 1489 determinabit,
719 1452 905 1492 praelibato
931 1452 1068 1483 domino
1094 1455 1210 1484 nostro
1237 1452 1429 1493 imperatori
1456 1453 1604 1484 scribere
1631 1462 1692 1493 pro
1717 1453 1934 1494 expeditione
1961 1453 2071 1491 celeri,
2089 1461 2128 1484 ac

306 1523 485 1555 personam
513 1514 752 1551 venerabilem,
779 1514 935 1545 idoneam
962 1516 992 1545 et
1018 1514 1254 1552 sufficientem,
1281 1515 1307 1545 si
1335 1523 1422 1555 opus
1448 1515 1501 1552 sit,
1531 1523 1640 1555 usque
1666 1515 1707 1546 ad
1734 1514 1920 1555 praefatum
1940 1515 2050 1546 locum
2070 1514 2129 1547 Ul-

307 1586 379 1608 mae
406 1577 541 1608 obviam
570 1577 669 1608 nobis
695 1576 785 1614 dare;
813 1576 914 1608 muita
940 1577 1108 1617 siquidem
1135 1576 1243 1608 forent
1269 1580 1299 1608 et
1325 1577 1389 1608 alia
1416 1577 1504 1618 stylo
1530 1578 1700 1609 insinuare
1727 1586 1813 1618 quae
1846 1577 1987 1608 obmitto
2024 1585 2127 1609 causa

307 1639 481 1670 brevitatis
507 1639 538 1669 in
565 1639 734 1679 condigna
762 1638 920 1670 relatione
946 1647 1080 1679 semper
1105 1641 1136 1670 et
1162 1638 1301 1670 feliciter
1326 1648 1363 1671 ac
1382 1639 1562 1680 prospere,
1590 1640 1620 1670 in
1648 1641 1769 1671 virtute
1795 1640 1892 1671 cuius
1908 1640 1988 1671 uniti
2008 1641 2070 1672 etis
2088 1649 2127 1673 ac

306 1701 512 1742 congregati,
539 1710 599 1741 pro
626 1701 699 1741 ipsa
726 1699 849 1732 Sancta
876 1700 1008 1733 Unione
1035 1700 1154 1738 valete,
1180 1700 1296 1733 Amen.
1324 1701 1399 1733 Dat.
1427 1701 1544 1734 Ulmae
1571 1702 1624 1734 die
1650 1701 1741 1733 XXV
1767 1701 1974 1740 Iunii‚Ann0
1988 1701 2124 1734 Domini

307 1761 617 1796 MCCCCXXXIV.

396 1825 514 1857 Vester
540 1826 697 1857 minimus
723 1826 950 1857 ambassiator
975 1825 1088 1857 Frater
1114 1825 1273 1858 Albertus
1299 1826 1340 1858 de
1366 1824 1509 1866 Crispis.

1024 2001 1412 2042 CLXXXVIII.

398 2110 670 2138 Dichiarazione
689 2110 782 2138 della
801 2110 987 2139 Comunita
1006 2110 1040 2138 di
1059 2111 1094 2139 S.
1115 2111 1289 2147 Agostino
1314 2110 1540 2146 riguardante
1566 2110 1587 2138 l'
1605 2109 1778 2139 esercizio
1796 2109 1831 2138 di
1849 2109 1935 2138 certi
1952 2109 2126 2146 privilegi,

982 2223 1133 2255 1434,
1155 2224 1354 2256 ιιιζῌο,
1380 2224 1458 2248 10.

796 2312 872 2335 (Arch.
890 2311 969 2332 Notat⁴
987 2312 1008 2332 di
1026 2311 1096 2332 Pax-ia
1113 2323 1136 2325 —
1152 2311 1200 2332 Atti
1217 2312 1238 2332 di
1254 2311 1312 2333 Gian
1329 2311 1445 2332 Lodovico
1461 2311 1637 2338 Strazzapatti)⁴

421 2496 468 2611 I
558 2514 581 2540 Ν
607 2509 753 2540 ecclesia
779 2512 810 2540 et
836 2509 938 2540 choro
964 2509 1069 2541 sancti
1097 2508 1277 2550 Augustini
1305 2508 1419 2549 Papie‚
1438 2509 1501 2540 sita
1521 2509 1551 2539 in
1571 2508 1724 2540 citadella
1743 2508 1889 2539 civitatis
1908 2507 2045 2548 Papie...
2073 2517 2131 2540 ve-

582 2572 748 2603 nerabiles
775 2572 834 2603 viri
862 2572 976 2603 dimini
1003 2571 1102 2603 frater
1128 2571 1364 2603 Manfredinus
1382 2572 1423 2603 de
1442 2570 1631 2602 Mombreto
1649 2570 1690 2601 de
1710 2569 1814 2610 Papia
1834 2571 1924 2610 prior
1941 2572 2130 2602 conventus

527 2669 530 2670 ⁷
580 2633 730 2665 Fratrum
758 2634 1002 2666 Heremitarum
1029 2635 1136 2666 sancti
1163 2633 1343 2675 Augustini
1369 2633 1555 2674 papiensis,
1581 2634 1611 2664 et
1637 2632 1737 2664 frater
1762 2631 1968 2674 Symoninus
1987 2633 2028 2664 de
2046 2632 2131 2664 Tro-

313 2696 454 2727 vamalis
480 2697 633 2728 sindicus
658 2699 689 2728 et
715 2700 911 2737 procurator
928 2697 1006 2728 dicti
1025 2699 1224 2735 conventus,
1243 2705 1303 2728 nec
1322 2705 1386 2727 non
1414 2695 1618 2727 reverendus
1644 2695 1803 2726 dominus
1828 2695 1929 2727 frater
1965 2694 2130 2726 lohannes

313 2758 354 2789 de
380 2757 510 2790 Porciis
547 2767 639 2790 sacre
677 2759 799 2799 pagine
837 2760 1005 2800 magister,
1044 2759 1143 2790 frater
1181 2759 1322 2790 lacobus
1348 2758 1389 2789 de
1415 2757 1595 2798 Angulono
1632 2757 1800 2797 subprior,
1838 2757 1938 2788 frater
1964 2756 2129 2788 lohannes

315 2820 478 2852 Marciius
504 2821 545 2852 de
571 2820 734 2861 Aymonis
761 2821 801 2852 de
830 2820 977 2857 Franzia,
1003 2821 1103 2852 trater
1128 2820 1243 2854 Rafael
1270 2820 1311 2852 de
1337 2819 1465 2860 Rapalo
1481 2819 1592 2856 lector,
1611 2818 1711 2850 frater
1730 2818 1915 2851 lerominus
1933 2819 1974 2850 de
1994 2817 2130 2857 Rubeis,

314 2882 413 2914 frater
449 2882 623 2914 Marsilius
659 2882 700 2913 de
738 2880 970 2923 Sgarogninis,
1009 2882 1108 2914 frater
1146 2882 1311 2914 Iohannes
1348 2881 1467 2913 Petrus
1504 2881 1545 2912 de
1584 2880 1655 2919 Ast,
1681 2883 1713 2912 et
1738 2880 1838 2913 frater
1874 2880 2064 2921 Apolonius
2089 2880 2130 2912 de

318 3046 330 3061 a
347 3040 398 3066 quei
415 3041 495 3066 tempi;
511 3039 600 3065 poiche,
616 3039 675 3060 tatto
686 3039 699 3060 il
711 3039 790 3060 debito
805 3039 948 3065 ragguagiio,
964 3044 1004 3065 per
1020 3045 1049 3060 un
1066 3040 1117 3060 snio
1135 3045 1193 3060 mes-
1248 3039 1286 3065 qui
1302 3039 1321 3060 si
1336 3038 1476 3065 commende
1497 3044 1581 3060 ancora
1598 3038 1681 3064 perche
1689 3038 2064 3065 giiAgostinianiavesserotanta
2072 3043 2127 3059 cura

317 3085 365 3106 sale
380 3085 392 3105 ὲ
407 3085 523 3106 destinata
544 3084 565 3105 ia
587 3089 676 3105 somma
699 3083 720 3104 di
736 3083 796 3105 circa
810 3088 824 3104 a
839 3083 879 3104 lire
900 3083 953 3104 2000
974 3083 1032 3104 delle
1055 3086 1142 3105 riostre.
1166 3084 1192 3105 Di
1248 3084 1283 3105 dci
1299 3084 1349 3104 libri
1365 3083 1517 3109 coraii‚come
1525 3083 1634 3104 abbiamo
1643 3085 1765 3104 osservato
1773 3083 1817 3104 alla
1826 3082 2096 3110 nota(i),pag.168,v01.
2108 3083 2127 3104 Ι.
