2347 3444
1925 217 1984 248 165

949 401 1201 443 CCCLIX.

262 512 386 548 Legati
412 513 482 540 alla
507 512 636 541 Chiesa
662 512 696 540 di
723 512 755 543 S,
782 512 954 547 Agostino
991 519 1051 547 per
1087 511 1109 538 l’
1127 509 1435 538 ornamentazione
1475 509 1530 537 del
1565 509 1727 545 sepolcro
1753 509 1808 537 del
1835 509 1943 537 Santo
1971 520 1988 538 e

176 573 236 601 per
261 565 295 593 la
321 565 489 602 Cappella
514 565 549 593 di
575 565 610 594 S.
639 565 841 593 Gerolamo.

871 669 992 693 1471
1000 686 1008 700 ,
1028 668 1225 700 11121109
1245 669 1297 693 (5.

702 758 767 781 (Ach.
785 758 864 778 Notat,
881 757 902 778 di
920 757 989 778 Pavia
1006 768 1030 770 —
1046 757 1092 778 Atti
1109 756 1130 777 di
1147 756 1270 777 Guniforto
1285 755 1460 781 Strazzapatti).

282 879 330 993 I
420 897 443 923 Ν
469 892 664 923 canzelleria
692 893 869 933 hospitalis
897 894 972 924 novi
1001 893 1182 933 vulgariter
1207 893 1390 932 nuncupati
1417 892 1523 923 sancti
1541 892 1689 932 Mathey,
1711 892 1741 922 in
1762 891 1860 922 Porta
1880 893 1910 922 et
1930 890 1993 922 Pa-

443 955 556 985 rochia
582 955 687 985 sancti
716 954 802 986 Petri
829 955 869 986 ad
898 965 1037 986 murum.
1069 955 1276 986 Testamento
1301 955 1354 986 del
1378 955 1546 986 cazalisico
1571 954 1713 985 Antonio
1736 953 1912 987 Preottoni,
1941 953 1994 984 del

193 1031 194 1057 i
386 1051 391 1052 ⁷
436 1016 477 1056 fu
503 1016 695 1056 Lunsrcmco,
723 1017 756 1048 cli
780 1017 897 1054 Ριινίιι,
923 1018 975 1048 nel
999 1017 1096 1057 quale
1121 1018 1252 1048 ordinat
1279 1017 1380 1057 quod,
1407 1026 1446 1048 eo
1473 1016 1644 1053 defuncto,
1671 1017 1744 1048 eius
1770 1017 1915 1048 cadaver
1941 1025 1994 1047 se-

177 1079 319 1119 peliatur
344 1080 375 1109 et
401 1078 534 1117 sepeliri
562 1078 683 1109 debeat
710 1079 740 1108 in
767 1079 912 1110 ecclesia
950 1080 1055 1110 sancti
1094 1078 1273 1119 Augustini
1313 1078 1428 1119 Papie,
1455 1079 1485 1109 in
1513 1079 1671 1119 sepulcro
1708 1079 1799 1118 quod
1834 1079 1906 1118 ipse
1933 1078 1993 1109 do-

177 1142 287 1172 minus
312 1142 452 1172 testator
477 1140 624 1170 construi
652 1140 727 1171 fecit
755 1141 783 1171 in
812 1141 941 1181 capella
967 1144 997 1172 et
1024 1150 1082 1172 seu
1121 1144 1195 1172 ante
1233 1141 1335 1172 altare
1372 1142 1477 1172 sancti
1506 1141 1655 1172 leronimi
1684 1141 1836 1172 similiter
1862 1141 1892 1171 in
1920 1141 1995 1180 ipsa

177 1203 323 1235 ccclesia
361 1204 591 1233 constructum
631 1212 689 1241 per
727 1203 836 1242 ipsum
875 1203 1046 1234 dominum
1085 1205 1290 1239 testatorem,
1328 1204 1380 1234 cui
1419 1204 1512 1234 altari
1539 1205 1570 1234 et
1597 1212 1656 1243 pro
1682 1203 1760 1234 dote
1787 1203 1939 1234 eiusdem
1965 1204 1996 1233 et

178 1266 286 1306 ipsius
312 1264 439 1304 capelle
465 1265 496 1295 et
522 1272 581 1303 pro
607 1265 717 1295 anima
757 1265 864 1304 ipsius
902 1266 1027 1296 domini
1065 1266 1236 1297 testatoris
1273 1266 1365 1296 dedit
1391 1268 1421 1296 et
1449 1266 1572 1305 legavit
1597 1274 1635 1296 ac
1662 1265 1719 1296 dat
1744 1267 1774 1296 et
1802 1265 1888 1305 legat
1923 1265 1996 1304 ipse

176 1328 334 1359 dominus
371 1328 510 1357 testator
546 1326 660 1356 fictum
699 1335 799 1357 unum
839 1329 1036 1366 perpetuum
1077 1328 1279 1358 florenorum
1306 1336 1366 1358 sex
1396 1329 1527 1358 monete
1554 1328 1728 1364 currentis,
1766 1327 1857 1367 quod
1885 1327 1994 1357 eidem

177 1390 314 1421 domino
339 1388 489 1420 testatori
516 1388 657 1419 debetur
682 1397 740 1428 per
766 1388 934 1420 Doninum
961 1390 1002 1420 de
1029 1388 1126 1421 Gatis
1151 1392 1181 1421 et
1209 1391 1350 1430 nepotes
1379 1390 1587 1421 habitatores
1625 1390 1687 1421 loci
1728 1389 1880 1429 lussaghi
1907 1397 1997 1420 cam-

178 1461 285 1493 panee
322 1450 438 1491 Papie,
475 1451 563 1481 omni
602 1460 700 1487 anno,
739 1460 781 1481 ex
820 1452 918 1491 petiis
945 1452 1079 1483 duabus
1106 1452 1202 1483 vinee
1229 1461 1288 1483 seu
1327 1454 1411 1483 terre
1449 1452 1596 1489 altinate,
1623 1461 1687 1492 que
1713 1454 1790 1482 sunt
1817 1451 1847 1482 in
1866 1460 1997 1482 summa

178 1514 303 1555 pertice
330 1513 446 1554 viginti
475 1513 526 1544 vel
553 1513 676 1550 circha,
704 1514 825 1553 positis
852 1514 881 1544 in
909 1514 1073 1545 territorio
1099 1514 1178 1545 dicti
1206 1514 1268 1545 loci
1297 1514 1461 1554 lussaghi,
1490 1515 1544 1545 ubi
1564 1514 1685 1545 dicitur
1702 1514 1732 1544 in
1754 1513 1997 1553 lussaghino....

178 1584 324 1617 gravans
350 1575 490 1616 proinde
517 1575 589 1615 ipse
617 1575 774 1606 dominus
812 1577 951 1607 testator
987 1576 1144 1607 dominos
1182 1576 1329 1607 Priorem
1356 1578 1388 1608 et
1414 1576 1544 1608 Fratres
1582 1576 1660 1607 dicti
1695 1574 1903 1613 Conventus,
1941 1575 1996 1614 qui

181 1648 240 1679 per
265 1641 416 1678 tempora
443 1638 567 1669 ibidem
594 1639 700 1674 erunt,
726 1638 767 1668 ad
795 1638 1044 1669 cellebranduni
1072 1648 1131 1670 seu
1158 1638 1329 1670 cellebrari
1356 1638 1547 1670 faciendum
1567 1639 1607 1669 ad
1627 1638 1752 1669 dictum
1771 1638 1873 1669 altare
1892 1637 1997 1668 sancti

182 1700 332 1732 leronimi
359 1700 447 1731 omni
474 1699 665 1731 ebdomoda
692 1700 722 1729 in
752 1702 948 1739 perpetuum
977 1701 1099 1731 missas
1125 1703 1191 1732 tres
1217 1701 1257 1732 ad
1286 1701 1406 1738 minus,
1433 1710 1493 1741 pro
1519 1701 1630 1732 anima
1667 1700 1776 1740 ipsius
1801 1700 1926 1730 domini
1953 1700 2000 1730 te-

181 1763 316 1794 statoris
342 1771 379 1794 ac
407 1762 522 1802 patris,
550 1762 674 1799 matris,
702 1763 818 1793 uxoris
844 1765 874 1793 et
902 1762 1011 1793 fratris
1038 1764 1069 1794 et
1094 1762 1234 1794 aliorum
1262 1762 1497 1794 defunctorum
1524 1771 1672 1799 suorum,
1706 1771 1766 1793 nec
1794 1771 1858 1793 non
1885 1764 1916 1793 et
1942 1770 2001 1792 an-

181 1825 402 1856 niversarium
429 1824 538 1864 ipsius
564 1824 689 1855 domini
729 1825 898 1855 testatoris
924 1825 1011 1855 omni
1047 1834 1145 1862 anno,
1173 1834 1246 1856 cum
1274 1825 1377 1856 missa
1404 1834 1524 1865 magna
1551 1825 1581 1855 in
1609 1827 1707 1856 cantu
1734 1824 1774 1855 ad
1802 1824 1927 1855 dictum
1954 1823 2002 1854 al-

181 1889 249 1919 tare
275 1887 382 1918 sancti
421 1886 572 1918 leronimi
599 1888 630 1917 et
657 1895 730 1917 cum
769 1886 1008 1918 cellebratione
1047 1888 1226 1919 missarum
1263 1888 1404 1919 aliorum
1442 1887 1578 1918 fratrum
1605 1889 1736 1918 etcum
1775 1886 1999 1917 luminaribus

181 1958 284 1990 supra
310 1948 514 1989 sepulcrum,
540 1950 574 1979 ut
601 1949 703 1979 moris
729 1951 789 1985 est,
816 1958 876 1988 pro
903 1950 1012 1980 anima
1051 1950 1159 1989 ipsius
1196 1950 1321 1981 domini
1359 1950 1574 1981 testatoris...
1613 1949 1690 1980 Item
1730 1949 1827 1980 iussit
1853 1951 1883 1980 et
1910 1949 2000 1980 iubet

182 2012 255 2052 ipse
281 2011 440 2042 dominus
478 2013 619 2042 testator
655 2020 713 2051 per
751 2011 983 2051 infrascriptos
1021 2012 1093 2043 eius
1131 2012 1272 2043 heredes
1300 2012 1509 2043 universales
1536 2012 1622 2043 solvi
1649 2012 1771 2042 debere
1798 2011 1885 2041 omni
1913 2020 2001 2041 anno

182 2074 281 2105 dictis
307 2074 454 2105 dominis
480 2072 585 2104 Priori
612 2075 643 2104 et
669 2073 840 2104 Fratribus
867 2074 946 2104 illud
974 2074 1118 2113 legatum
1146 2075 1236 2114 quod
1263 2074 1387 2105 factum
1414 2074 1473 2105 fuit
1508 2074 1634 2105 eisdem
1663 2083 1721 2114 per
1746 2074 1916 2113 quondam
1944 2073 2002 2104 Ni-

182 2136 313 2168 colaum
351 2136 485 2167 fratrem
523 2136 632 2176 ipsius
658 2136 783 2167 domini
810 2137 981 2168 testatoris
1007 2137 1037 2167 in
1065 2137 1138 2168 eius
1176 2139 1387 2174 testamento,
1414 2137 1454 2168 de
1482 2137 1594 2168 sachis
1632 2137 1738 2168 tribus
1773 2136 1927 2167 furmenti
1954 2136 1996 2167 ad

184 2207 375 2230 mensuram
402 2199 610 2239 papiensem,
636 2201 692 2230 aut
718 2199 854 2230 florenis
881 2199 986 2230 tribus
1014 2200 1043 2229 in
1070 2199 1228 2236 denariis,
1255 2208 1315 2239 pro
1341 2208 1408 2239 quo
1447 2199 1557 2239 legato
1594 2199 1702 2230 facere
1728 2201 1903 2230 teneantur
1937 2199 2000 2239 ipsi

182 2261 308 2292 domini
335 2260 429 2292 Prior
454 2264 485 2292 et
511 2260 643 2292 Fratres
670 2262 758 2292 omni
786 2270 874 2292 anno
900 2262 959 2292 tria
985 2262 1215 2292 ariniversaria
1256 2270 1331 2292 cum
1359 2261 1472 2292 missis
1499 2261 1613 2301 parvis
1639 2264 1670 2292 et
1697 2262 1727 2292 in
1754 2263 1865 2298 cantu,
1904 2263 2001 2301 prout

185 2324 286 2354 moris
313 2325 373 2361 est,
399 2333 459 2364 pro
485 2324 664 2355 animabus
679 2324 758 2355 dicti
786 2324 955 2363 quondam
976 2323 1117 2364 Nicolay
1135 2332 1173 2354 ac
1193 2324 1301 2364 ipsius
1319 2324 1488 2355 testatoris
1507 2326 1538 2355 et
1556 2324 1789 2355 defunctorum
1817 2332 1999 2355 suorum....

185 2385 262 2417 Item
289 2386 380 2417 dedit
406 2388 437 2417 et
464 2386 587 2427 legavit
613 2395 651 2417 ac
677 2387 733 2418 dat
759 2388 790 2418 et
817 2386 903 2427 legat
930 2387 1002 2426 ipse
1029 2386 1186 2417 dominus
1213 2388 1350 2417 testator
1368 2387 1547 2417 conventui
1568 2387 1674 2417 sancti
1696 2385 1874 2426 Augustini
1895 2385 1999 2426 Papie

182 2448 329 2479 florenos
355 2448 600 2489 quinquaginta
627 2450 758 2480 monete
784 2449 990 2479 currentis...
1017 2448 1266 2479 convertendos
1291 2451 1323 2479 et
1348 2457 1434 2488 quos
1460 2450 1609 2479 converti
1636 2448 1706 2479 vult
1732 2451 1763 2480 et
1789 2449 1880 2479 iubet
1899 2449 1930 2479 in
1950 2458 2002 2479 or-

184 2512 297 2541 natum
325 2510 410 2541 sacri
437 2510 582 2550 sepulcri
610 2509 772 2551 Corporis
798 2511 904 2542 sancti
932 2510 1110 2550 Augustini
1137 2511 1318 2541 existentis
1345 2511 1375 2541 in
1402 2510 1612 2541 confessorio
1650 2511 1758 2551 ipsius
1791 2511 1945 2547 ecclesie,
1970 2513 2001 2542 et

185 2581 250 2603 non
277 2572 307 2602 in
334 2572 431 2603 aliam
458 2581 606 2611 causam,
633 2573 818 2604 solvendos
846 2573 909 2613 ipsi
936 2572 1077 2604 ecclesie
1104 2581 1162 2612 per
1188 2572 1420 2612 infrascriptos
1438 2573 1511 2604 eius
1531 2573 1670 2604 heredes
1696 2573 2000 2613 quotienscumque

185 2634 361 2674 contigerit
386 2634 496 2674 ipsum
523 2635 714 2675 sepulcrum
742 2635 827 2666 velle
854 2636 884 2665 in
912 2635 1030 2666 melius
1056 2635 1164 2665 ornari
1191 2637 1221 2665 et
1247 2635 1397 2666 decorari
1424 2636 1455 2666 et
1481 2635 1588 2675 magis
1607 2635 1788 2666 honorifice
1807 2638 1840 2666 ut
1858 2635 2000 2666 deceret.

185 2696 254 2727 Nec
281 2695 351 2727 vult
377 2697 471 2736 ipsos
497 2697 654 2729 denarios
680 2697 775 2729 aliter
800 2697 975 2729 exbursari
1014 2706 1072 2728 seu
1099 2697 1257 2736 expendi,
1284 2697 1347 2728 nisi
1375 2706 1432 2737 per
1458 2706 1576 2728 manus
1611 2697 1900 2738 infrascriptorum
1928 2698 2000 2729 eius

184 2757 327 2789 filiorum
354 2760 384 2790 et
410 2758 582 2797 heredum,
620 2768 708 2800 quos
738 2762 848 2791 tamen
875 2760 946 2790 vult
972 2768 1074 2799 posse
1101 2759 1257 2799 compelli
1284 2759 1324 2790 ad
1352 2759 1564 2797 solvendum,
1590 2768 1671 2791 casu
1699 2768 1766 2799 quo
1792 2760 2000 2800 contingeret

185 2820 310 2851 dictum
337 2820 529 2861 sepulcrum
567 2821 652 2853 velle
690 2821 859 2853 reformari
887 2824 917 2853 et
944 2822 973 2852 in
1002 2821 1120 2852 melius
1154 2821 1304 2852 decorari
1332 2822 1366 2852 ut
1391 2830 1493 2862 supra
1511 2819 1571 2861 (1).
1599 2821 1638 2853 Et
1664 2822 1726 2853 hoc
1752 2831 1812 2862 pro
1837 2822 2001 2862 adimple-

186 2884 297 2913 mento
322 2883 497 2914 cuiusdam
524 2884 592 2915 voti
619 2892 678 2915 seu
705 2884 898 2916 devotionis
924 2884 1012 2915 aliax
1040 2892 1098 2923 per
1124 2884 1234 2923 ipsum
1261 2883 1433 2914 dominum
1451 2885 1643 2915 testatorem
1670 2884 1746 2916 facti
1767 2887 1798 2916 et
1813 2884 1898 2915 facte
1924 2893 1999 2924 pre-

187 2943 255 2975 fato
281 2942 403 2975 Sancto
429 2943 517 2976 Patri
545 2944 780 2986 Augustino...

243 3099 272 3125 (1)
288 3094 305 3121 Ε
319 3106 332 3121 a
348 3101 474 3127 deplorarsi
491 3102 532 3123 che
547 3102 568 3123 di
585 3104 670 3129 questo
685 3103 825 3124 documento
845 3102 1062 3128 importantissimo,
1118 3107 1182 3122 come
1198 3102 1257 3127 degli
1273 3102 1324 3123 altri
1342 3102 1473 3128 precedenti
1485 3103 1526 3123 che
1541 3103 1559 3123 si
1576 3102 1710 3124 riieriscono
1718 3102 1855 3128 aisepolcro
1867 3102 1887 3122 di
1900 3101 1921 3122 S.
1935 3101 1993 3126 Ago-
