2347 3444
1936 218 2000 249 353

969 399 1228 439 DCXXV.

273 507 442 542 Religiosi
468 507 694 542 Agostiniani
720 508 899 544 promossi
926 508 995 543 agli
1022 508 1145 536 Ordini
1172 508 1285 536 Sacri.

779 612 832 635 125
841 611 933 641 08,
954 612 1294 642 scttenx1l)t·e‚
1314 612 1405 636 22.

730 699 807 721 (Arcli>
825 699 904 719 Nouus.
922 699 943 719 di
962 699 1030 719 l‘aiviu
1049 711 1070 712 j
1088 699 1135 719 Atti
1152 699 1173 719 di
1190 699 1246 720 Gian
1263 699 1358 724 Oiurgin
1374 699 1446 719 Sistitv

250 881 360 1000 O
427 901 604 929 RDlNATlO
630 896 818 928 Generallis
845 899 875 928 in
902 899 1042 929 ecclesia
1070 899 1185 929 maiori
1207 898 1372 938 papiensi,
1392 897 1478 928 tacta
1498 907 1555 938 per
1573 898 1792 928 reverendum
1813 899 1843 928 in
1863 897 1999 930 Clu‘isto

450 962 575 1000 patrem
601 960 774 990 domiuum
801 960 973 991 dominum
1002 960 1181 991 iohannem
1210 960 1382 991 Matlieum
1409 960 1449 990 de
1477 959 1666 991 Priv‹›lis....

537 1021 587 1053 Ad
613 1024 757 1062 quatuor
783 1023 928 1054 minores
953 1022 1099 1055 Ordines

270 1084 380 1116 Frater
406 1085 608 1116 Mansuetus
634 1085 674 1116 de
701 1084 788 1116 Salis
815 1085 954 1117 Ordinis
980 1087 1085 1117 sancti
1114 1086 1304 1127 Augustini.

270 1146 320 1178 Ad
347 1147 630 1178 subdiaconatum

270 1209 380 1241 Frater
406 1209 638 1250 Areliangelus
664 1210 704 1240 de
731 1212 848 1241 sancto
875 1204 1076 1251 Augustind.

273 1271 323 1303 Ad
350 1272 565 1303 diaconatum

271 1334 381 1365 Frater
407 1335 560 1367 Valerius
586 1336 626 1366 de
653 1335 780 1367 Brissia
807 1335 946 1367 Ordinis
972 1337 1077 1367 sancti
1105 1335 1284 1376 Augustini
1313 1337 1498 1376 papiensis.

271 1397 322 1428 Ad
349 1398 574 1429 sacerdotium

271 1459 382 1491 Frater
408 1460 573 1492 lohannes
599 1461 639 1492 de
667 1460 770 1501 Regio
797 1460 936 1492 Ordinis
962 1462 1067 1492 saneti
1095 1460 1274 1501 Augustini
1303 1462 1488 1502 papiensis.

948 1635 1233 1676 DCXXVI.

270 1745 404 1780 Legato
429 1743 699 1772 testamentario
736 1744 792 1772 del
829 1744 909 1772 nob.
948 1744 1086 1772 Zenone
1124 1744 1241 1772 Pietra
1268 1753 1287 1772 a
1314 1745 1434 1772 favore
1460 1744 1494 1772 di
1521 1745 1610 1772 frate
1638 1744 1788 1772 Miehele
1816 1744 1934 1772 Pietra
1961 1745 1995 1772 di

182 1798 217 1826 S.
245 1797 422 1826 Mostiola.

763 1876 923 1907 1498,
953 1877 1296 1908 setten113re,
1329 1876 1419 1900 28.

744 1973 812 1993 (Arcu
839 1973 920 1994 Nutar.
938 1973 958 1993 di
977 1973 1055 1994 Pavia.
1074 1984 1095 1987 —
1114 1973 1161 1993 Atti
1178 1973 1199 1993 di
1216 1973 1320 1998 Gaspare
1337 1973 1446 1993 Tacconii

422 2156 519 2204 ¹ELLA
544 2181 624 2203 casa
650 2171 703 2202 del
726 2172 836 2203 dottor
858 2172 889 2203 ιή
915 2171 1006 2211 leggi'
1032 2170 1193 2203 Gizlconlo
1229 2171 1430 2210 Mangiarm,
1457 2170 1488 2201 in
1515 2169 1714 2201 Parrocclziu
1741 2170 1775 2201 cli
1799 2169 1830 2201 S.
1859 2170 1998 2210 Filippo.

253 2161 375 2276 N
456 2236 663 2267 Testamento
689 2234 743 2265 ciel
765 2234 874 2265 nobile
899 2233 1031 2264 Zenone
1056 2233 1166 2265 Pletru
1192 2233 1245 2264 del
1261 2232 1303 2273 f11
1329 2232 1551 2272 Mansredi'no,
1578 2232 1632 2263 nel
1655 2232 1753 2271 quale
1772 2233 1914 2263 instituit
1933 2232 1996 2263 sibi

200 2240 202 2335 γ

246 2334 249 2335 ⁷
274 2334 291 2335 W
452 2298 606 2329 heredem
634 2297 866 2337 particularem
893 2297 1065 2327 dominum
1103 2295 1236 2327 fratrem
1273 2295 1484 2326 Micliaellem
1513 2295 1552 2325 de
1580 2293 1675 2325 Petra
1702 2295 1774 2325 eius
1801 2294 1926 2325 domini
1954 2297 2000 2325 te·-

184 2362 321 2393 statoris
346 2364 377 2392 et
403 2361 538 2392 domine
576 2359 718 2391 Alaxine
756 2359 796 2390 de
834 2359 966 2389 Lazaris
1004 2358 1163 2398 iugalium
1202 2358 1305 2388 filium
1345 2357 1564 2398 legiptimum,
1591 2356 1729 2388 Ordinis
1757 2356 1999 2387 Hereuiitarum

183 2425 290 2456 sancti
317 2424 496 2465 Augustini
523 2422 714 2463 professum
742 2422 772 2452 in
799 2424 965 2452 conventu
994 2423 1107 2451 sancte
1134 2420 1308 2451 Mustiolle
1335 2419 1438 2460 Papie
1465 2419 1603 2460 predicti
1638 2418 1822 2450 Ordinis...
1849 2419 1879 2449 in
1908 2419 2001 2449 libris

182 2489 314 2519 centum
341 2485 572 2527 imperialibus
598 2485 732 2525 singulo
757 2493 846 2515 anno
873 2484 995 2515 dandis
1013 2486 1043 2514 et
1062 2483 1238 2514 solvendis
1256 2491 1312 2522 pez·
1332 2482 1564 2522 infrascriptos
1591 2482 1730 2512 heredes
1750 2481 2002 2512 universales...

185 2550 261 2590 ipso
286 2548 376 2580 fratri
404 2548 574 2579 Michaelli
600 2547 690 2578 omni
717 2555 805 2578 anno
832 2548 901 2577 toto
928 2548 1077 2586 tempore
1103 2545 1176 2576 eius
1202 2544 1313 2576 fratris
1333 2544 1523 2575 Mieliaellis
1542 2545 1608 2575 vite
1623 2546 1750 2575 tantuin
1771 2546 1801 2574 et
1821 2552 1885 2574 non
1907 2543 2000 2578 ultra,

184 2613 216 2643 et
241 2612 303 2642 hoc
329 2620 388 2651 pro
414 2610 593 2647 alimentis,
620 2609 708 2640 victu
735 2611 766 2640 et
793 2609 913 2639 vestitu
948 2617 985 2639 ac
1012 2616 1071 2647 pro
1109 2607 1288 2647 disciplina
1314 2608 1345 2637 et
1370 2606 1446 2637 aliis
1472 2606 1731 2637 necessitatibus
1758 2606 1866 2646 ipsius
1891 2604 2002 2636 fratris

187 2673 377 2704 Michaelis.
