2347 3444
1946 210 2011 241 225

941 391 1281 432 CDXXXIX.

288 499 532 535 Disposizioni
556 499 824 528 testamentarie
849 500 884 528 di
909 500 1055 535 Giorgio
1080 499 1222 535 Inzaghi
1248 508 1268 527 a
1294 499 1414 527 favore
1441 499 1475 527 di
1501 499 1536 527 S.
1565 499 1686 529 Paolo.

853 613 1006 644 1480,
1038 620 1257 643 nlenten-zo,
1286 613 1360 637 14.

705 700 783 722 (Ar-cli.
801 700 881 721 Notat.
898 701 920 721 <li
937 700 1008 721 Pavin
1025 712 1048 714 —
1064 701 1112 722 Atti
1124 701 1146 721 di
1157 701 1270 722 Giovauui
1283 701 1382 722 Battista
1399 701 1505 725 Vailate).

213 866 215 920 Ῐ
261 885 383 1000 Ν
435 901 532 934 {ELLA
564 905 645 927 casa
669 897 723 928 del
746 899 908 933 testatore,
935 898 966 929 in
993 897 1193 930 ΡιιννοεεΙιία
1217 898 1252 930 cti
1276 898 1308 932 S.
1335 899 1475 930 Marino.
1506 898 1714 929 Testumento
1740 897 1774 929 (ti
1800 897 1937 937 Giorgio
1963 898 2013 929 ln-

199 1084 347 1124 ipsorum
374 1094 434 1125 pro
460 1085 609 1122 dimidia,
635 1085 770 1115 domum
799 1094 897 1116 unam
925 1088 1084 1116 muratam
1111 1088 1141 1116 et
1166 1088 1321 1126 cupatam
1348 1086 1444 1117 sitam
1473 1086 1502 1116 in
1530 1084 1634 1125 Papia
1662 1085 1692 1115 in
1720 1084 1818 1116 Porta
1838 1084 2010 1115 Palacensi

464 960 576 999 zaglzi,
601 959 654 991 nel
677 960 775 1000 quale
800 960 855 990 dat
881 962 911 991 et
937 961 1023 1000 legat
1049 961 1188 992 ecclesie
1214 962 1318 992 sancti
1346 960 1490 1001 Epifanii
1519 960 1693 1001 papiensis
1717 962 1748 991 et
1773 960 1912 991 ecclesie
1939 961 2010 991 sive

436 1055 437 1060 ,
465 1023 668 1054 monasterio
695 1024 799 1054 sancti
828 1022 920 1054 Pauli
948 1024 1012 1054 sito
1038 1025 1132 1054 extra
1157 1026 1188 1054 et
1206 1032 1310 1064 prope
1337 1032 1449 1054 muros
1480 1023 1671 1063 papienses,
1698 1022 1852 1054 videlicet
1883 1023 2012 1062 utrique

198 1147 228 1177 in
255 1145 418 1178 Parocliia
444 1147 548 1178 sancti
576 1147 709 1177 Martini
737 1146 819 1177 toris
845 1149 1006 1187 portam...
1033 1150 1063 1178 et
1089 1148 1151 1178 hoc
1176 1157 1250 1178 cum
1278 1157 1376 1178 onere
1402 1148 1466 1178 ticti
1495 1147 1585 1187 quod
1612 1156 1653 1178 ex
1679 1156 1717 1178 ea
1744 1149 1909 1187 prestatur
1946 1148 2013 1178 sin-

196 1208 275 1249 gulo
300 1217 389 1240 anno
416 1209 446 1239 in
474 1211 670 1249 perpetuum
697 1209 835 1240 ecclesie
861 1210 965 1240 sancti
994 1210 1172 1241 Michaelis
1198 1210 1338 1241 Maioris
1366 1209 1467 1250 Papie
1494 1211 1524 1240 et
1549 1210 1590 1240 ad
1619 1210 1680 1240 hoc
1707 1211 1740 1240 ut
1767 1210 1837 1249 ipse
1876 1212 2012 1240 testator

196 1271 238 1302 sit
264 1272 432 1311 particeps
466 1272 496 1302 in
523 1271 645 1303 officiis
671 1274 701 1302 et
727 1271 937 1302 orationibus
964 1272 1112 1312 ipsorum
1140 1272 1372 1312 religiosorum
1399 1272 1561 1302 dictorum
1590 1272 1878 1309 monasteriorum,
1915 1280 2009 1312 agra-

197 1342 280 1364 vans
305 1342 364 1365 eos
389 1334 431 1365 ad
459 1334 644 1374 rogandum
671 1333 880 1365 Altissimum
908 1332 1099 1365 Creatorem
1127 1337 1275 1365 nostrum
1304 1337 1337 1365 ut
1363 1335 1557 1365 misereatur
1583 1334 1610 1364 ci
1637 1336 1667 1364 et
1693 1334 1801 1364 anime
1832 1342 1901 1364 sue.

1001 1517 1195 1557 CDXL.

283 1625 444 1661 Religiosi
470 1624 683 1661 Agostiniani
706 1625 876 1662 promossi
899 1625 965 1661 agli
991 1625 1108 1654 Ordini
1137 1624 1234 1654 sacri.

806 1728 958 1760 1480,
989 1730 1244 1762 11‘10ggio,
1274 1729 1364 1754 2¹7.

752 1817 828 1841 (Arch.
846 1817 925 1839 Notat.
942 1817 964 1838 cli
981 1817 1051 1839 Pavia
1066 1828 1092 1831 —
1106 1817 1154 1839 Atti
1170 1817 1192 1839 di
1209 1818 1326 1839 Lodovico
1342 1817 1428 1844 Leggi).

430 1979 651 2070 JCCCCLXXR
678 2016 730 2046 die
757 2015 876 2052 sabati,
903 2015 1020 2056 XXVI]
1048 2015 1160 2046 madii.

209 2073 211 2109 'l
254 2003 400 2118 XXXX
430 2118 431 2128 η
548 2077 641 2110 Ordo
667 2077 841 2110 Generalis
867 2087 1036 2110 sacrorum
1062 2077 1225 2110 Ordinum
1252 2078 1505 2109 cellebratorum
1524 2080 1554 2109 et
1571 2078 1766 2108 collatorum
1787 2087 1844 2117 per
1862 2087 2014 2109 reverew

209 2137 211 2146 ’
431 2144 432 2165 3
460 2141 636 2172 dissimum
678 2141 850 2171 dominum
889 2140 1061 2171 dominum
1088 2139 1279 2172 Gabrielem
1306 2140 1345 2171 de
1372 2139 1491 2171 Abiate
1518 2140 1724 2171 decretorum
1751 2140 2008 2177 doctorem,Dei

193 2204 297 2244 gratia
322 2204 519 2244 episcopum
547 2203 778 2234 berricensein

283 2265 333 2296 Ad
360 2266 499 2306 primam
530 2268 747 2297 tonsuram...

283 2327 393 2359 Frater
419 2327 606 2359 Felicianus
632 2328 672 2359 de
698 2326 864 2359 Cremona
890 2326 1028 2359 Ordinis
1054 2328 1158 2358 sancti
1186 2327 1279 2358 Pauli

283 2389 393 2421 Frater
419 2388 609 2430 Apolonius
634 2390 674 2421 de
701 2388 885 2422 Calvisano
912 2389 1049 2421 Ordinis
1076 2390 1293 2429 suprascripti

283 2451 333 2483 Ad
360 2454 504 2492 quatuor
530 2453 675 2483 minores
701 2452 881 2483 ordines...

283 2513 394 2545 Frater
420 2514 611 2555 Apolonius
637 2515 677 2546 de
703 2513 888 2546 Calvisano
915 2514 1052 2545 Ordinis
1079 2515 1182 2545 sancti
1211 2513 1304 2545 Pauli

283 2575 394 2607 Frater
420 2576 607 2608 Felicianus
633 2577 673 2607 de
699 2575 865 2609 Cremona
891 2576 1029 2607 Ordinis
1055 2576 1274 2616 suprascripti

284 2637 334 2669 Ad
361 2638 642 2670 subdiaconatum

284 2699 394 2731 Frater
420 2700 584 2732 loliannes
609 2701 649 2732 de
677 2700 780 2741 Papia
807 2700 945 2733 Ordinis
971 2701 1074 2731 sancti
1103 2700 1281 2741 Augustini
1307 2698 1358 2739 (l)

284 2762 394 2793 Frater
419 2761 657 2803 Simplicianus
684 2763 723 2794 de
750 2763 888 2804 Bugella
914 2763 1052 2795 Ordinis
1078 2763 1297 2803 suprascripti

285 2823 395 2855 Frater
420 2823 608 2856 Germanus
634 2825 674 2856 de
700 2824 820 2857 Crema
845 2824 983 2857 Ordinis
1009 2825 1113 2856 sancti
1141 2823 1233 2855 Pauli

286 2885 336 2916 Ad
367 2886 578 2918 diaconatum

253 3044 284 3067 (l›
303 3043 370 3064 Frate
385 3043 497 3064 Giovanni
513 3044 542 3064 da
558 3044 637 3070 Pavia,
649 3045 684 3065 nel
699 3044 840 3066 documento
855 3045 891 3065 del
904 3045 916 3065 5
928 3050 1006 3065 marzo
1019 3044 1076 3069 1479,
1133 3043 1323 3065 Evidentemente
1338 3048 1443 3064 avevano
1459 3049 1515 3064 voce
1530 3043 1551 3064 in
1567 3043 1670 3069 capitolo
1680 3044 1752 3064 anclie
1765 3043 1769 3063 i
1780 3042 1882 3067 seinplici
1896 3041 2004 3062 Profe-ssi.

201 3086 223 3107 lo
239 3086 349 3108 vedremo
370 3086 404 3108 iar
426 3089 492 3113 parte
514 3088 550 3109 del
566 3088 675 3114 Capitolo
697 3089 732 3110 nel
748 3091 863 3110 convento
879 3089 899 3110 di
916 3088 938 3110 S.
955 3088 1076 3114 Agosiino,

1980 3139 2006 3160 29
