2347 3444
1951 181 2015 213 273

206 317 294 348 tonio
319 317 358 348 de
382 317 504 348 Modiis
521 316 636 357 sioritzi
658 317 785 355 undicv',
806 325 868 357 per·
888 315 996 356 affitto
1021 316 1055 347 cii
1078 324 1120 346 un
1145 323 1247 350 anno,
1275 315 1357 353 oggi
1379 314 1522 354 spir-ato,
1564 314 1598 345 cli
1633 323 1697 345 unu
1734 323 1813 345 cusu
1850 323 1908 345 con
1946 315 2016 346 bo!-

205 379 308 418 teghe,
335 380 366 410 111
391 378 493 410 Porta
518 379 550 411 S.
580 378 753 415 G1'0vamzt',
770 378 969 410 Parroccllla
994 378 1028 409 cli
1052 377 1084 410 S.
1114 376 1313 409 Geminicmo
1339 385 1357 406 0
1383 376 1417 407 cll
1441 375 1473 408 S.
1500 376 1639 407 Micllele
1664 377 1946 415 maggiore,ul111'
1969 378 2017 407 ln-

207 442 321 472 vestt'ta
346 450 406 472 con
431 443 499 472 utto
529 441 619 477 1484,
646 442 669 473 5
691 441 839 481 nmgin,
864 442 980 481 rogato
1005 440 1048 471 ιία
1074 440 1256 471 Ffuncesco
1306 438 1395 470 Slsti.

1031 623 1194 663 DXV.

293 741 321 769 11
344 741 514 769 pontefice
538 742 725 770 Innocenzo
750 742 832 770 VIII
857 741 966 770 scrive
990 741 1267 770 all’Arcidiacono
1292 740 1333 768 ed
1357 740 1388 768 al
1412 739 1546 768 Vicario
1572 739 1752 767 Veseovilc
1769 739 1802 767 di
1818 739 1922 768 Pavia
1945 749 2019 776 per-

204 793 266 822 che
291 793 520 822 rivendiehino
545 795 576 822 al
601 794 774 822 Conventa
800 794 832 822 di
857 795 890 823 S.
918 795 1019 822 Paolo
1044 793 1154 822 alcuni
1178 793 1255 822 beni
1279 792 1459 821 ereditarii.

822 916 972 946 1686,
1003 916 1322 945 ‹liee111l)t·e9
1353 916 1405 940 ὅ.

762 1013 838 1033 «Aren.
855 1013 876 1033 di
892 1012 959 1033 Stato
975 1013 996 1033 di
1014 1013 1108 1033 Milano‚
1126 1024 1150 1026 ἡ
1166 1012 1229 1033 Bolle
1245 1018 1256 1033 e
1273 1012 1338 1032 Brevi
1356 1012 1452 1038 Papali).

224 1206 225 1250 i
313 1191 360 1306 Ι
446 1179 692 1249 ἲΝΝΟΟΕΝΤΙΜΞ
717 1218 901 1258 episeopus
926 1227 1044 1249 servus
1070 1227 1241 1249 servorum
1269 1217 1486 1255 Dei‚dilectis
1512 1219 1589 1250 filiis
1608 1218 1854 1250 Archidiacono
1873 1219 2020 1250 Ecclesie

224 1253 225 1287 1
445 1273 446 1288 ³
475 1281 649 1321 papiensis
674 1282 704 1311 et
730 1280 862 1311 Vicario
893 1280 1095 1312 venerabilis
1114 1280 1223 1312 fratris
1242 1281 1344 1311 nostri
1365 1280 1523 1321 Episcopi
1544 1281 1718 1321 papiensis
1737 1281 1767 1311 in
1787 1281 2020 1321 spiritualibus

230 1378 281 1379 ff?
309 1378 390 1379 ἠῐ
473 1342 630 1383 generali,
657 1342 797 1373 salutem
824 1344 854 1373 ct
880 1343 1100 1382 apostolicam
1140 1343 1417 1374 benedictionem.
1455 1342 1735 1383 Significaverunt
1773 1343 1871 1374 nobis
1909 1343 2019 1374 dilecti

205 1404 262 1435 filii
291 1403 383 1435 Prior
408 1407 438 1435 et
463 1403 581 1435 fratres
607 1404 728 1435 domus
754 1405 859 1435 sancti
887 1403 979 1435 Pauli
1007 1407 1099 1435 extra
1127 1414 1239 1435 muros
1266 1406 1456 1445 papienses,
1483 1404 1620 1436 Ordinis
1647 1405 1887 1436 Heremitarum
1914 1406 2019 1436 sancti

206 1465 397 1506 Augustini,
425 1467 515 1506 quod
543 1466 693 1497 nonnulli
721 1467 907 1506 iniquitatis
934 1466 1002 1503 filii,
1029 1476 1115 1506 quos
1142 1476 1281 1506 prorsus
1307 1467 1470 1507 ignorant,
1496 1467 1628 1504 calices,
1658 1477 1790 1505 cruces,
1818 1471 2021 1508 paramenta,

206 1536 339 1566 census,
366 1528 504 1565 fructus,
531 1529 692 1565 redditus,
716 1531 910 1569 proventus,
937 1530 1050 1565 terras,
1078 1529 1279 1565 molendina,
1307 1530 1556 1569 possessiones,
1584 1530 1716 1567 vineas,
1743 1532 1845 1567 ortos,
1871 1540 2020 1571 campos,

207 1591 310 1630 prata,
349 1599 493 1630 pascua,
521 1599 673 1627 nemora,
700 1590 820 1627 silvas,
847 1590 999 1628 arbores,
1025 1591 1180 1621 arborum
1207 1590 1352 1628 fructus,
1380 1591 1485 1631 ligna,
1513 1594 1646 1631 postes,
1682 1592 1809 1632 pisceS,
1837 1593 2020 1633 piscarias,

206 1660 324 1692 aquas,
351 1661 512 1692 aquarum
541 1653 714 1689 decursus,
742 1653 820 1689 vini,
848 1652 948 1687 bladi,
976 1652 1141 1689 frumenti,
1168 1653 1271 1689 ordei,
1296 1662 1412 1690 avene,
1440 1653 1507 1690 lini,
1534 1653 1617 1689 lane,
1644 1662 1726 1690 cere,
1753 1655 1828 1691 olei,
1853 1656 1934 1692 auri,
1972 1665 2022 1686 ar-

208 1715 297 1753 genti
324 1715 481 1745 monetati
509 1716 538 1745 et
565 1723 630 1745 non
658 1715 815 1745 monetati
844 1715 1057 1754 quantitates,
1085 1717 1225 1750 tasseas,
1251 1716 1381 1755 ciphos,
1408 1715 1570 1753 ordearia,
1607 1716 1742 1753 discos,
1781 1726 1862 1747 vasa
1899 1726 2019 1755 aurea,

207 1778 374 1817 argentea,
400 1786 492 1813 enea,
518 1785 651 1817 cuprea,
678 1779 838 1814 stamnea,
866 1780 988 1817 petrea,
1015 1777 1134 1818 lignea,
1165 1786 1296 1817 pannos
1329 1778 1462 1814 laneos,
1489 1778 1606 1815 lineos,
1634 1779 1790 1814 sericeos,
1818 1783 1947 1817 vestes,
1975 1783 2024 1811 tu-

209 1838 312 1876 nicas,
339 1838 560 1877 foderaturas,
588 1839 774 1876 mantellos,
800 1840 944 1879 caputia,
970 1848 1083 1877 zonas,
1109 1840 1240 1877 anulos,
1267 1840 1377 1880 perlas
1402 1842 1432 1871 et
1458 1840 1522 1871 alia
1549 1841 1695 1878 monilia,
1723 1841 1836 1879 lectos,
1855 1842 2021 1881 culcitras,

210 1900 412 1937 linteamina⁷
440 1910 593 1941 mappas,
620 1902 837 1941 manutergia,
864 1902 1038 1932 domorum
1066 1902 1231 1939 utensilia,
1257 1911 1375 1942 equos,
1403 1903 1558 1940 iumenta,
1586 1903 1702 1940 boves,
1721 1906 1751 1935 et
1769 1904 1833 1935 alia
1852 1905 2020 1942 animalia,

210 1962 324 2000 libros,
351 1963 535 2003 scripturas
562 1963 715 2003 publicas
741 1966 771 1994 et
798 1964 957 2003 privatas,
983 1966 1191 2001 testamenta,
1217 1964 1393 1995 codicillos
1418 1967 1449 1995 et
1474 1965 1538 1996 alia
1565 1965 1775 2003 documenta,
1802 1967 1925 2004 debita,
1955 1976 2022 1998 cre—

210 2024 288 2062 dita,
315 2024 433 2065 legata,
460 2025 624 2065 deposita,
650 2026 729 2061 iura,
758 2026 973 2065 pecuniarum
1000 2035 1159 2062 summas,
1178 2028 1209 2056 et
1227 2026 1387 2057 nonnulla
1418 2027 1482 2058 alia
1501 2027 1638 2058 mobilia
1657 2030 1687 2058 et
1707 2028 1889 2059 immobilia
1920 2029 2018 2066 bona,

212 2085 337 2118 Prioris
363 2089 393 2118 et
421 2087 591 2118 Fratribus
618 2097 677 2127 pro
703 2088 912 2127 reparatione
938 2090 968 2118 et
994 2089 1250 2119 conservatione
1277 2089 1362 2119 dicte
1399 2089 1520 2120 domus
1558 2090 1714 2129 illiusque
1751 2090 1890 2122 ecclesie
1927 2100 2023 2122 orna-

211 2149 331 2180 mentis
356 2149 593 2180 ecclesiasticis
618 2158 655 2180 ac
681 2149 765 2180 alias
791 2159 850 2190 pro
877 2150 992 2180 divino
1018 2150 1107 2181 cultu
1134 2150 1213 2181 inibi
1241 2151 1451 2188 necessariis,
1478 2160 1535 2191 per
1561 2152 1731 2191 quondam
1752 2152 1962 2184 Franciscum
1982 2154 2022 2184 de

212 2209 431 2251 Sanctopetro
459 2211 577 2242 laicum
596 2210 648 2251 (1)
672 2214 703 2242 et
728 2212 919 2252 complures
944 2212 1028 2243 alias
1055 2221 1218 2252 personas
1244 2213 1275 2243 iri
1301 2212 1538 2244 eleemosinam
1573 2214 1626 2253 pie
1651 2217 1798 2255 erogata,
1836 2217 1956 2246 temere
1993 2218 2024 2246 et

213 2273 378 2305 malitiose
404 2273 581 2311 occultare,
607 2276 638 2305 et
663 2274 791 2305 occulte
817 2274 962 2305 detinere
989 2277 1195 2314 presumunt,
1222 2283 1286 2305 non
1314 2278 1468 2306 curantes
1493 2284 1530 2306 ea
1557 2276 1642 2316 ipsis
1680 2275 1783 2307 Priori
1810 2279 1840 2308 et
1865 2277 2024 2309 fratribus

212 2336 382 2374 exhibere,
409 2336 439 2367 in
465 2337 649 2367 animarum
677 2345 811 2367 suarum
839 2336 1032 2376 periculum,
1060 2337 1277 2377 ipsorumque
1305 2336 1428 2368 Prioris
1453 2339 1484 2368 et
1509 2337 1644 2368 fratrum
1671 2347 1708 2369 ac
1734 2339 1818 2370 de....
1837 2342 1867 2370 et
1885 2340 2024 2371 ecclesie

214 2407 278 2429 non
306 2399 473 2430 modicum
500 2399 743 2436 detrimentum,
770 2408 870 2439 super
896 2408 963 2439 quo
990 2399 1087 2430 iidem
1116 2398 1208 2429 Prior
1233 2401 1263 2430 et
1289 2399 1406 2431 fratres
1426 2399 1620 2440 Apostolice
1649 2399 1747 2432 Sedis
1765 2402 1945 2433 remedium
1966 2403 2025 2433 im-

214 2461 395 2501 plorarunt.
420 2460 585 2499 Quocirca
612 2462 803 2493 discretioni
831 2463 939 2492 vestre
955 2470 1012 2501 per
1030 2461 1216 2501 apostolica
1236 2462 1358 2502 script]
1378 2462 1576 2494 mandamus
1591 2465 1757 2502 quatenus
1775 2473 1892 2495 omnes
1911 2465 2025 2496 huius-

215 2523 304 2554 modi
331 2523 480 2555 occultos
506 2523 696 2555 detentores
722 2524 860 2554 calicum
888 2532 1001 2554 eorum
1027 2526 1058 2554 et
1083 2523 1222 2554 aliorum
1262 2524 1424 2555 bonorum
1455 2525 1689 2564 predictorum,
1715 2535 1755 2556 ex
1784 2529 1874 2566 parte
1912 2530 2024 2558 nostra

216 2585 348 2626 publice
374 2586 405 2616 in
431 2586 582 2617 ecclesiis
608 2595 718 2617 coram
746 2586 872 2626 populo
900 2595 956 2626 per
983 2595 1044 2617 vos
1071 2586 1121 2616 vel
1148 2586 1248 2617 alium
1276 2595 1333 2617 seu
1360 2587 1446 2617 alios
1473 2588 1669 2619 moneatis...
1695 2591 1937 2629 competentem
1964 2592 2026 2621 ter-

216 2648 339 2678 minum
367 2656 464 2687 quem
490 2648 539 2679 eis
565 2648 776 2688 prefixeritis,
802 2657 839 2679 ea
867 2647 970 2678 Priori
998 2650 1028 2678 et
1054 2647 1212 2679 fratribus
1239 2648 1376 2688 prefatis
1394 2657 1412 2679 a
1431 2657 1466 2680 se
1485 2649 1597 2680 debita
1627 2651 1801 2681 restituant
1819 2654 1849 2682 et
1868 2652 2024 2689 revelent,

216 2718 254 2740 ac
279 2710 319 2740 de
345 2710 429 2749 ipsis
455 2710 585 2750 plenam
612 2712 643 2741 et
668 2710 813 2741 debitam
840 2710 1138 2741 satisfactionem...
1163 2712 1193 2741 et
1212 2711 1238 2741 si
1259 2711 1291 2741 id
1318 2720 1382 2741 non
1409 2711 1676 2752 adimpleverint,
1703 2712 1786 2744 infra
1811 2713 1911 2744 alium
1937 2723 2027 2745 com-

218 2774 382 2812 petentem
408 2773 593 2811 terminum‚
620 2782 718 2813 quem
744 2774 792 2804 eis
817 2773 859 2804 ad
886 2773 948 2803 hoc
975 2773 1194 2813 peremptorie
1221 2773 1385 2804 duxeritis
1411 2774 1650 2815 prefigendum,
1676 2784 1716 2806 ex
1744 2778 1820 2807 tunc
1839 2776 1869 2806 in
1888 2785 1947 2807 eos
1971 2786 2027 2817 ge-

219 2833 362 2865 neralem
387 2835 711 2867 excomunicationis
736 2836 933 2866 sententiam
962 2834 1149 2875 proferatis,
1174 2837 1205 2866 et
1230 2844 1301 2866 eam
1328 2835 1469 2873 faciatis,
1496 2837 1550 2867 ubi
1577 2839 1607 2868 et
1633 2838 1769 2877 quando
1794 2838 1953 2878 expedire
1980 2839 2027 2869 vi—

219 2896 344 2934 deritis,
370 2904 477 2936 usque
502 2897 544 2928 ad
570 2897 835 2929 satisfactionem
861 2898 1075 2938 condignam,
1101 2897 1293 2929 solemniter
1330 2898 1504 2938 publicari.
1542 2898 1642 2936 Quod
1669 2900 1695 2931 si
1723 2909 1787 2931 non
1825 2901 1924 2932 ambo
1963 2901 2027 2932 hiis

275 3051 305 3077 (t)
320 3052 376 3074 Vedi
391 3053 405 3073 il
420 3053 560 3075 documento
575 3053 612 3075 del
629 3055 636 3075 1
653 3055 780 3076 settembre
799 3054 856 3075 1481.
