2347 3444
1971 193 2029 224 341

317 483 487 518 Religiosi
513 483 737 518 Agostiniani
763 483 942 518 promossi
970 483 1039 518 agli
1066 482 1188 511 Ordini
1215 482 1324 512 Sacri.

864 596 941 620 142
950 597 1019 625 )(5.‚
1043 596 1295 627 :lxxta-gio,
1323 596 1412 620 28.

734 694 803 715 (Ascli
831 694 902 713 Nam
929 693 949 713 lli
968 694 1036 714 Ι’.ιγι;ι
1082 706 1085 707 ⁷
1105 694 1152 714 Atti
1169 694 1190 713 di
1207 694 1249 714 (iim
1276 694 1366 713 Mxitlco
1387 693 1510 713 l‘ultouicri
1529 710 1531 713 i

301 878 411 996 O
475 897 650 923 lx’luNA'l'lt)
677 890 852 922 Generalis
878 890 1053 921 Sacrorum
1081 892 1243 921 (lrdinuiu
1261 894 1347 923 teuta
1364 901 1421 931 per
1436 891 1653 922 reverendum
1674 891 1844 922 dominum
1862 891 2040 922 loliannein

495 955 666 985 Matlieuui
694 955 733 985 de
762 954 915 987 l'rivolis,
943 955 1139 994 episcopum
1167 954 1400 989 :ilinurensenr
1427 942 1674 994 suffraganeum
1703 955 1943 994 papiensein‚...

585 1016 635 1048 Ad
663 1019 806 1057 quatuor
833 1018 977 1048 minores

318 1079 429 1110 Frater
456 1079 645 1120 Apolonius
672 1079 711 1109 de
738 1078 859 1111 Castro
886 1078 1036 1110 Gotredo
1063 1080 1201 1111 Ordinis
1236 1080 1488 1110 Heremitaium.

318 1143 370 1174 Ad
396 1142 678 1174 subdiaconatum

318 1204 428 1235 Frater
455 1203 572 1235 Petrus
598 1204 638 1234 de
665 1202 803 1236 Cavalis
829 1203 968 1235 Ordinis
994 1205 1098 1235 sancti
1130 1204 1353 1245 Augustini...

321 1266 432 1298 Frater
457 1265 669 1307 Augustinus
695 1266 735 1297 de
761 1266 908 1297 Novaria
934 1266 1073 1297 Ordinis
1100 1267 1353 1298 Herernitarum.

317 1329 428 1360 Frater
454 1329 647 1360 Ludovicus
673 1329 713 1360 de
739 1327 853 1361 Casali
880 1328 1019 1360 Ordinis
1046 1329 1298 1360 Hereinitaruin.

316 1392 367 1423 Ad
394 1392 618 1423 sacerdotium

316 1455 426 1486 Freter
452 1455 618 1487 lohannes
645 1454 881 1488 Grisostonius
907 1464 1066 1486 romanus
1091 1454 1230 1486 Ordinis
1257 1454 1510 1486 llerernitaruin.

1044 1629 1220 1670 DCVI.

315 1740 558 1778 Disposizioni
584 1740 640 1769 del
666 1740 821 1768 Comune
846 1747 907 1776 per
933 1739 966 1767 la
991 1739 1094 1767 Fiera
1119 1738 1153 1766 di
1178 1738 1212 1766 S.
1239 1737 1424 1774 Agostino.

866 1853 1004 1878 1496
1014 1867 1028 1884 ‚
1056 1852 1260 1884 agosto
1271 1866 1285 1883 9
1316 1851 1378 1876 19
1389 1865 1403 1876 2

690 1951 785 1975 (Museo
801 1950 850 1972 Civ.
867 1950 889 1971 dt
905 1950 967 1971 seor.
985 1951 1044 1976 patr.
1061 1950 1082 1970 di
1100 1949 1169 1970 Pavia
1186 1959 1210 1962 —
1226 1948 1277 1970 Am·
1291 1949 1316 1970 di
1332 1948 1435 1969 Provvis.
1452 1947 1527 1969 Pacco
1542 1948 1572 1971 4›.

243 2099 244 2117 l

243 2136 245 2210 ξ
278 2137 432 2254 M
464 2124 749 2187 {CCCCLXXXXVL
776 2149 829 2180 die
859 2149 896 2180 19
914 2148 1060 2189 augusti,
1080 2148 1111 2179 in
1132 2147 1295 2188 vesperis.

243 2223 245 2248 τ
462 2215 465 2247 ἰ
581 2211 780 2245 Convocato
807 2211 991 2249 Conscili0‚
1016 2213 1076 2243 etc.

243 2249 244 2309 i
582 2275 659 2307 Item
686 2284 759 2307 cum
785 2275 1036 2316 appropinquet
1061 2273 1182 2306 testum
1208 2273 1314 2305 sancti
1349 2272 1540 2313 Augustini,
1567 2280 1634 2311 quo
1660 2272 1810 2311 tempore
1836 2270 1945 2301 solent
1970 2269 2039 2301 fieri

226 2339 373 2370 nundine
390 2336 452 2379 (1),
477 2341 508 2370 et
533 2341 609 2370 ante
634 2338 742 2369 dictas
768 2337 937 2369 nundinas
962 2337 1071 2368 solent
1097 2336 1164 2367 fieri
1192 2335 1480 2376 proclamaciones
1506 2336 1539 2365 ut
1565 2334 1607 2365 sit
1634 2333 1716 2364 liber
1753 2340 1912 2364 accessus
1937 2334 1967 2363 et
1993 2340 2042 2363 re-

224 2409 342 2432 cessus
369 2400 640 2441 quibuscumque
666 2400 832 2441 personis,
859 2400 1011 2440 exceptis
1037 2398 1207 2430 rebelibus
1231 2400 1262 2429 et
1289 2397 1447 2434 bannitis,
1472 2398 1532 2427 etc.
1559 2397 1589 2427 et
1615 2397 1649 2427 ut
1675 2395 1761 2426 dicte
1795 2394 1942 2425 nundine
1969 2402 2041 2434 pre-

223 2463 367 2495 stantius
392 2465 422 2494 et
448 2463 584 2495 uberius
620 2465 772 2504 agantur,
810 2462 1029 2503 providerunt
1055 2463 1085 2492 et
1111 2460 1289 2501 provident
1327 2459 1418 2499 quod
1456 2459 1535 2489 fiant
1561 2457 1849 2498 proclamaciones
1874 2456 1984 2496 ample
2009 2459 2040 2487 et

224 2518 413 2557 opportune
439 2518 469 2548 et
496 2517 526 2548 in
552 2525 591 2548 ea
616 2516 723 2548 torma
749 2525 815 2557 qua
842 2516 939 2547 solite
965 2517 1043 2546 sunt
1068 2515 1149 2552 fieri,
1175 2516 1235 2545 etc.

282 2673 312 2697 (l)
327 2672 390 2694 Sulla
406 2673 461 2694 tiera
476 2673 498 2694 di
514 2673 536 2695 S.
553 2674 667 2699 Agostino
683 2673 734 2694 vedi
751 2673 796 2694 vol.
814 2673 829 2698 1,
846 2678 898 2699 pag⁴
915 2673 948 2697 38,
971 2673 1026 2693 nota
1042 2672 1080 2697 (8),
1097 2676 1108 2691 e
1151 2670 1293 2691 documento
1309 2669 1435 2691 CCLxxx.
