2347 3444
1914 214 1977 245 297

165 353 283 384 tarium
310 353 408 384 dictis
435 351 637 382 monasterio
663 359 700 382 ac
726 349 884 390 Capitulo
910 351 940 381 et
965 348 1174 385 Conventui,
1201 347 1241 378 de
1267 347 1424 378 omnibus
1450 349 1480 377 et
1506 347 1649 386 singulis
1688 347 1835 387 ipsorum
1874 348 1980 379 domi-

166 424 282 446 norum
310 414 517 451 donantium,
544 414 616 445 suis
641 415 672 444 et
698 413 831 443 nomine
858 421 926 452 quo
952 419 1065 451 supra,
1092 410 1221 441 iuribus
1247 411 1277 440 et
1303 408 1494 440 actionibus
1520 408 1666 439 realibus
1684 411 1713 439 et
1733 410 1979 449 personalibus,

167 477 304 508 utilibus
330 480 360 508 et
386 477 531 513 directis,
558 475 673 506 mixtis
698 477 728 506 et
754 475 957 515 ypotccariis
983 475 1013 504 et
1038 473 1114 504 aliis
1140 472 1411 512 quibuscumque
1437 471 1562 502 cisdcm
1591 471 1737 501 dominis
1774 471 1980 503 donantiluis

165 539 237 570 suis
262 540 292 569 et
319 539 452 569 nomine
478 547 546 578 quo
573 546 674 578 supra
701 537 944 577 spectantibus,
972 535 1215 576 pertinentibus
1240 536 1270 565 et
1296 533 1584 574 competentibus,
1610 542 1647 564 ac
1674 536 1845 573 spectare,
1884 536 1982 574 perti-

165 609 241 631 nere
266 602 297 631 et
321 602 510 639 competere
537 599 731 640 potentibus
757 602 787 630 et
814 599 907 636 visis,
934 601 963 629 et
990 607 1055 638 que
1080 600 1111 628 et
1137 606 1222 637 quas
1248 597 1311 637 ipsi
1339 596 1464 626 domini
1492 595 1668 632 donantes,
1695 596 1766 626 suis
1791 598 1821 626 et
1848 597 1980 627 nominc

165 670 233 701 quo
259 670 369 701 supra,
398 661 567 692 habebant
592 664 623 692 et
649 661 772 692 habent
797 670 834 692 ac
862 661 983 692 habere
1011 660 1220 697 videbantur,
1248 661 1421 699 poterant,
1459 659 1603 698 possunt
1628 660 1658 688 et
1685 660 1824 697 possent
1858 659 1981 697 quovis

165 723 266 754 modo
291 725 322 754 et
348 724 416 754 iure
442 732 479 754 ac
506 724 627 762 quavis
653 732 754 754 causa
781 726 811 754 et
837 723 1026 759 occasione,
1046 723 1076 752 in
1097 721 1255 762 predictis
1274 721 1430 761 superius
1449 720 1584 751 donatis
1602 723 1633 750 ct
1650 720 1791 750 traditis.
1812 720 1849 750 Et
1867 730 1980 751 eorum

164 794 266 817 causa
292 787 323 816 et
349 785 533 816 occaxione
559 787 673 816 contra
699 788 729 816 et
755 785 920 816 adversus
947 793 1178 824 quascumque
1204 786 1234 815 et
1261 791 1471 823 quecumque
1491 791 1664 822 personas,
1692 791 1743 813 res
1761 785 1791 813 et
1811 782 1898 813 bona
1918 792 1981 822 que

165 850 252 884 sunt,
279 847 410 878 fuerunt
435 849 466 877 et
491 849 585 877 erunt
611 849 641 877 et
667 857 731 886 que
757 848 798 878 ad
826 847 1056 878 defensionem
1083 850 1113 877 et
1141 847 1170 877 in
1197 855 1276 877 casu
1296 845 1472 876 evictionis
1498 848 1527 875 et
1555 844 1798 885 imbrigamenti
1820 846 1983 884 predicto-

164 918 234 940 rum
261 909 418 949 superius
445 909 645 939 donatorum
672 911 702 939 et
728 909 923 940 traditorum
945 909 975 939 in
993 909 1108 948 aliquo
1127 910 1314 939 tenerentur
1333 907 1548 947 obligateque
1566 909 1597 938 et
1622 907 1770 947 obligata
1798 907 1914 938 i'orent.
1935 906 1982 938 De

167 971 293 1011 quibus
319 971 477 1001 omnibus
502 973 533 1001 et
559 970 703 1011 singulis
729 971 885 1010 superius
911 971 1046 1002 donatis
1071 971 1178 1002 cessis
1204 973 1235 1001 et
1261 970 1390 1001 traditis
1418 970 1479 1010 ipsi
1508 969 1634 1000 domini
1662 970 1837 1005 donantes,
1857 970 1928 1001 suis
1954 972 1983 1000 ct

166 1034 299 1065 nomine
326 1042 393 1073 quo
419 1041 531 1072 supra,
558 1033 810 1072 suprascriptos
836 1033 994 1064 dominos
1022 1032 1167 1064 Priorem
1194 1036 1225 1063 et
1252 1032 1381 1063 Fratres
1406 1041 1443 1063 ac
1471 1041 1520 1063 me
1547 1032 1723 1068 notarium,
1754 1032 1887 1062 nomine
1906 1032 1982 1063 dicti

166 1095 358 1127 monasterii
384 1103 422 1126 ac
447 1095 584 1135 capituli
612 1096 642 1125 et
668 1097 856 1125 conventus
881 1096 1031 1126 eiusdem
1052 1095 1252 1135 stipulantes
1271 1098 1301 1126 et
1319 1095 1529 1134 recipientes,
1550 1095 1580 1124 in
1601 1095 1750 1134 ipsorum
1771 1094 1982 1125 dominorum

166 1158 375 1195 donantium,
402 1158 473 1189 suis
499 1160 529 1188 et
556 1158 689 1188 nomine
717 1167 783 1197 quo
811 1166 922 1197 supra,
951 1158 1069 1194 locum7
1109 1159 1159 1188 ius
1185 1161 1215 1189 et
1241 1160 1362 1189 statum
1391 1167 1447 1197 per
1473 1158 1584 1188 omnia
1623 1160 1826 1197 possuerunt
1852 1160 1881 1188 et
1908 1166 1985 1188 con-

166 1221 344 1252 stituerunt
381 1229 418 1251 ac
456 1221 585 1260 ponunt
621 1222 652 1250 et
681 1220 887 1255 constitunt,
925 1219 1140 1259 feceruntque
1166 1222 1196 1251 et
1222 1221 1467 1251 constituerunt
1493 1228 1530 1250 ac
1568 1219 1692 1250 faciunt
1718 1222 1748 1250 et
1773 1219 1981 1250 constituunt

167 1283 418 1323 suprascriptos
445 1282 603 1313 dominos
630 1281 777 1312 Priorem
804 1284 834 1312 et
862 1281 991 1313 Fratres
1016 1290 1053 1312 ac
1081 1291 1130 1313 me
1157 1283 1333 1317 notarium,
1360 1283 1493 1312 nomine
1535 1282 1612 1312 dicti
1651 1282 1843 1312 monasterii
1871 1290 1908 1312 ac
1934 1291 1987 1312 ca-

166 1344 261 1385 pituli
288 1347 319 1376 et
343 1347 532 1376 conventus
572 1344 723 1375 eiusdem
762 1344 963 1384 stipulantes
989 1353 1025 1375 ac
1053 1345 1262 1384 recipientes,
1288 1354 1325 1375 ac
1353 1354 1409 1384 per
1427 1354 1486 1375 eos
1512 1348 1541 1375 et
1569 1354 1619 1375 ine
1657 1345 1821 1375 notarium
1861 1344 1984 1375 dictum

165 1407 403 1445 monasterium
422 1415 459 1437 ac
477 1406 660 1447 capitulum
680 1408 711 1437 et
729 1408 931 1437 conventum
951 1406 1102 1437 eiusdem
1122 1410 1356 1446 procuratores
1374 1409 1405 1438 et
1423 1407 1580 1438 dominos
1600 1407 1629 1437 in
1647 1416 1712 1437 rem
1730 1407 1909 1447 propriam,
1925 1410 1985 1438 etc.

254 1521 350 1553 Nello
375 1523 481 1553 stesso
519 1521 618 1561 luogo
644 1530 660 1552 e
685 1521 753 1552 alla
775 1529 936 1561 presenza
962 1521 996 1552 (li
1020 1522 1093 1552 tatti
1117 1521 1128 1551 ι’
1151 1522 1383 1559 sunnominati,
1421 1522 1443 1552 il
1481 1520 1634 1561 Capt'tolo
1660 1522 1713 1552 clei
1737 1521 1829 1552 Frati
1852 1523 1985 1553 aorasna

166 1585 242 1616 suoi
260 1585 466 1625 procuratori
491 1584 708 1615 Venerabiles
734 1584 892 1614 dominos
918 1583 1051 1614 fratrem
1079 1583 1300 1614 llluminatum
1328 1584 1367 1614 de
1394 1582 1544 1624 Septimo
1570 1587 1601 1614 ct
1626 1583 1758 1615 tratrem
1793 1583 1985 1616 Cornelium

167 1647 208 1677 de
234 1646 349 1684 Biella,
375 1645 494 1677 fratres
531 1646 609 1677 dicti
648 1646 841 1677 monasterii
869 1646 912 1676 ibi
940 1646 1110 1686 degentes,
1138 1655 1196 1676 nec
1230 1655 1294 1676 non
1322 1648 1352 1676 et
1379 1646 1603 1677 venerabilem
1642 1646 1814 1677 dominum
1853 1646 1984 1678 fratrem

168 1707 300 1741 Sixtum
327 1709 367 1740 de
395 1708 499 1749 Papia
526 1708 746 1748 suprascripti
784 1707 923 1739 Ordinis
961 1707 1203 1739 l-leremitarum
1241 1717 1278 1738 ac
1316 1708 1488 1739 dominum
1517 1708 1728 1739 Franciscum
1757 1709 1796 1739 de
1823 1707 1989 1740 Castello-

169 1771 304 1808 barcho,
331 1771 504 1802 dominum
540 1769 709 1801 Donatum
736 1770 776 1801 de
804 1769 911 1801 Pretis
936 1772 967 1801 et
992 1770 1164 1801 dominum
1204 1770 1448 1801 Bertolameum
1487 1771 1527 1802 de
1565 1769 1729 1802 Colitis...
1755 1771 1987 1810 speclalmente

164 1841 226 1873 per
247 1834 372 1864 entrare
397 1833 428 1863 in
450 1841 609 1873 possesso
636 1840 655 1863 a
673 1840 768 1863 nome
793 1831 846 1863 a'el
870 1834 1057 1863 monastero
1083 1832 1137 1863 dei
1161 1832 1235 1863 beni
1259 1833 1315 1871 qai
1338 1841 1436 1872 sopra
1462 1832 1585 1863 donati.

960 2016 1194 2055 DXLVI.

259 2125 464 2153 Donazione
491 2125 525 2153 di
552 2125 734 2153 Bertolino
760 2125 899 2153 Ferrari
925 2125 969 2153 da
996 2125 1115 2153 Grado
1141 2134 1160 2152 a
1187 2125 1221 2153 S.
1250 2125 1373 2153 Paolo.

775 2238 935 2269 1490,
968 2239 1303 2270 settenmbre,
1334 2238 1385 2263 3..

732 2327 809 2349 (Aren.
826 2327 848 2347 di
864 2326 932 2347 Statu
948 2327 969 2347 di
986 2327 1081 2347 Milano.
1099 2338 1123 2340 —
1141 2326 1244 2351 Pergamv
1262 2327 1283 2346 di
1300 2326 1322 2347 S.
1341 2326 1428 2351 Ρῑιοκι)Δ

190 2494 191 2524 1

189 2561 192 2573 ,
282 2519 327 2634 I
422 2537 445 2564 Ν
472 2533 675 2564 monasterio
701 2534 807 2564 sancti
834 2532 940 2570 Pauli,
968 2533 1122 2563 videlicet
1141 2533 1171 2563 in
1192 2532 1264 2563 loco
1285 2532 1462 2563 infirmarie
1481 2533 1589 2572 ipsius
1608 2533 1811 2571 monasterii,
1827 2534 1880 2564 siti
1899 2536 1992 2565 extra

191 2585 193 2657 l

444 2597 475 2626 et
501 2604 605 2635 prope
632 2596 739 2627 menia
765 2595 869 2636 Papie
895 2598 925 2627 et
951 2596 1052 2636 positi
1081 2596 1110 2626 in
1139 2595 1244 2635 burgo
1274 2597 1387 2626 sancte
1414 2595 1520 2626 Marie
1547 2596 1577 2626 in
1605 2597 1763 2636 perticha,
1790 2598 1883 2636 porte
1910 2596 1994 2627 Lau-

191 2661 226 2694 1ἶ
318 2692 369 2693 π
389 2647 416 2693 J
444 2658 570 2695 densis,
596 2658 754 2698 parochie
780 2660 893 2689 sancte
920 2658 1026 2689 Nlarie
1053 2658 1082 2688 in
1110 2656 1261 2688 Perticha
1288 2657 1328 2688 de
1354 2656 1446 2689 foris.
1485 2657 1675 2689 Bertolinus
1701 2668 1740 2689 ex
1769 2658 1927 2690 Ferrariis
1953 2659 1992 2690 de

176 2717 280 2751 Gradi
319 2719 446 2759 quond.
484 2718 593 2750 lacobi
631 2720 752 2750 solitus
789 2720 939 2750 habitare
966 2720 997 2750 in
1025 2719 1098 2750 loco
1137 2719 1303 2750 Mirabelii
1343 2720 1455 2759 parchi
1484 2720 1606 2751 veteris
1632 2720 1724 2751 Ill.mi
1752 2720 1791 2752 D.
1818 2720 1857 2752 D.
1885 2722 1988 2751 nostri

176 2780 281 2812 Ducis
308 2781 505 2819 Mediolani,
542 2783 602 2812 etc.
640 2781 824 2812 donavit...
862 2784 892 2812 et
929 2782 1075 2812 donat...
1114 2782 1296 2812 venerabili
1335 2782 1406 2813 viro
1445 2782 1582 2813 domino
1619 2782 1708 2814 fratri
1749 2783 1926 2814 Francisco
1952 2784 1992 2814 de

177 2842 318 2874 Astulfis
343 2843 383 2874 de
410 2842 526 2883 Papia,
553 2842 647 2874 Prior
673 2844 864 2875 monasterii
892 2845 996 2875 sancti
1026 2843 1118 2874 Pauli
1146 2842 1285 2875 Ordinis
1310 2843 1445 2875 fratrum
1474 2844 1714 2876 Heremitarum
1749 2846 1853 2876 sancti
1881 2845 1995 2885 Augu-

177 2905 254 2936 stini
282 2905 322 2936 de
348 2905 575 2943 observantia,
601 2906 713 2937 onmia
738 2908 769 2937 et
795 2906 928 2947 singula
956 2907 1063 2947 ipsius
1079 2905 1236 2936 Bertolini
1257 2905 1345 2937 bona
1364 2907 1501 2938 mobilia
1519 2909 1550 2938 et
1569 2907 1796 2938 immobilia...
1823 2910 1992 2938 reservato

179 2967 242 3007 ipsi
269 2966 439 2998 Bertolino
466 2967 690 3007 predictorum
718 2968 866 2999 omnium
894 2968 1050 3008 superius
1077 2968 1277 2998 donatorum
1305 2967 1478 2999 usufructo
1504 2978 1564 3009 pro
1583 2971 1652 3000 toto
1670 2972 1819 3009 tempore
1839 2970 1903 3000 vite
1923 2978 1992 3000 sue.

266 3028 391 3060 Notai:
417 3028 581 3060 lohannes
607 3029 647 3060 de
673 3028 846 3062 Scanzolis
871 3039 888 3061 e
914 3030 981 3061 loh.
1009 3030 1206 3061 Franciscus
1232 3030 1272 3061 de
1299 3028 1527 3071 Gravanagho
1553 3040 1594 3062 ex
1621 3031 1794 3062 nobilibus
1809 3032 1848 3062 de
1866 3030 1993 3072 Ruyno.

1964 3152 1990 3173 3⁸
