2347 3444
320 225 385 256 238

1095 404 1367 445 CDLXIII.

410 518 459 546 La
484 515 663 546 Comunita
688 516 720 544 di
745 516 778 544 S.
806 514 964 544 Mostiola
989 515 1031 542 da
1057 513 1089 541 in
1114 513 1220 541 affitto
1245 512 1355 540 alcuni
1379 512 1455 540 beni
1480 511 1512 540 di
1537 512 1712 540 Stradella.

978 610 1135 639 1482,
1166 614 1390 638 nuru-20,
1419 607 1471 631 3.

850 690 926 713 (Arcti.
944 689 1023 709 Notat,
1049 688 1070 708 di
1088 687 1157 708 Pavia
1174 698 1198 700 —
1214 687 1261 707 Atti
1278 686 1300 707 di
1317 686 1466 707 Bartolomeo
1482 686 1611 710 Gandello).

426 877 471 991 Ι
566 896 587 921 Ν
613 891 758 921 claustro
786 888 977 919 monasterii
1005 889 1034 917 ct
1060 886 1199 917 ecclesie
1225 887 1338 917 sancte
1366 885 1538 917 Mustiolle
1563 888 1751 917 conventus
1787 888 1818 916 et
1854 884 1992 917 Ordinis
2025 884 2135 917 Sancti

589 951 799 992 Augustini...
826 948 910 982 Cum
939 950 1000 979 lioc
1026 949 1067 979 sit
1094 948 1185 988 quod
1212 948 1450 979 monasterium
1477 950 1507 978 et
1532 951 1719 979 conventus
1745 948 1915 988 predictus
1933 951 2045 979 sancte
2065 948 2139 979 Mu-

463 1050 468 1051 .
588 1013 697 1044 stiolle
725 1012 845 1043 habeat
873 1020 976 1052 prope
995 1014 1025 1042 et
1044 1013 1137 1041 extra
1165 1012 1293 1050 portam
1314 1010 1536 1050 placentinam
1552 1013 1634 1041 terre
1653 1009 1848 1042 Stradelle...
1867 1011 2016 1042 sedimen
2036 1019 2137 1041 unum

320 1077 506 1108 tabularum
534 1085 593 1107 sex
621 1075 671 1106 vel
698 1074 808 1105 circha
835 1082 935 1114 super
962 1082 1029 1112 quo
1055 1072 1176 1103 addest
1202 1072 1345 1102 torcular
1375 1081 1476 1103 unum
1519 1074 1637 1110 vetus,
1676 1073 1854 1110 miserum,
1893 1081 2012 1113 magna
2050 1072 2134 1104 indi-

320 1149 403 1180 gens
429 1139 653 1179 reparacione,
679 1147 720 1168 ex
748 1146 815 1176 quo
841 1145 957 1176 parum
986 1135 1146 1176 percipit,
1179 1137 1209 1166 et
1236 1144 1301 1165 non
1329 1134 1473 1165 habeant
1498 1136 1637 1175 agentes
1663 1144 1722 1175 pro
1749 1135 1837 1166 dicto
1864 1135 2066 1166 monasterio
2092 1134 2140 1166 fa-

320 1203 474 1233 cultatem
494 1204 523 1232 ct
543 1201 802 1241 possibilitatem
822 1200 931 1239 ipsum
951 1197 1139 1238 reparandi,
1156 1200 1282 1228 attento
1302 1197 1379 1236 quia
1400 1197 1518 1228 melius
1532 1198 1621 1228 esset
1643 1197 1692 1228 eis
1711 1206 1863 1237 reparare
1881 1199 1911 1228 et
1930 1198 2037 1238 magis
2056 1198 2140 1228 indi-

321 1267 419 1305 geant
438 1264 652 1304 reparacione
678 1263 853 1293 domorum
880 1261 957 1292 dicti
976 1262 1174 1297 conventus,
1190 1268 1255 1290 non
1275 1260 1507 1299 reperiantque
1526 1260 1582 1299 qui
1602 1258 1709 1290 facere
1728 1259 1819 1290 vellit
1838 1260 2005 1290 meliorem
2024 1259 2139 1290 condi-

321 1328 443 1358 tionem
471 1335 570 1366 quam
598 1325 831 1365 infrascriptus
857 1323 1126 1359 Bartholomeus,
1145 1323 1200 1362 qui
1221 1322 1341 1353 obtulit
1360 1322 1444 1352 velle
1464 1322 1635 1362 suscipere
1663 1322 1772 1362 ipsum
1799 1322 1949 1353 sedimen
1975 1330 2048 1353 cum
2075 1324 2141 1353 tor—

322 1389 423 1420 culari
449 1391 479 1419 et
507 1388 661 1419 licdit'icio
688 1396 788 1427 super
813 1395 852 1417 eo
878 1385 1104 1417 existentibus
1129 1385 1171 1416 ad
1197 1385 1401 1416 novennium
1428 1393 1501 1415 cum
1528 1386 1626 1424 pacto
1665 1385 1774 1424 ipsum
1803 1384 1913 1415 luendi
1944 1386 1975 1415 ct
2002 1384 2132 1415 emendi

323 1452 434 1492 precio
460 1451 662 1481 florenorum
689 1450 904 1489 nonaginta...
932 1448 1078 1479 idcircho
1104 1449 1324 1478 convocato..
1354 1446 1535 1487 capitulo...
1562 1446 1602 1477 de
1629 1447 1786 1477 mandato
1823 1446 1995 1478 reverendi
2037 1447 2141 1487 patris

324 1514 449 1545 domini
478 1513 626 1553 magistri
653 1512 764 1543 fratris
790 1510 914 1543 Galeaz
940 1511 979 1541 dc
1007 1509 1122 1550 Papia,
1150 1509 1319 1540 Primis...
1347 1509 1377 1539 in
1404 1518 1471 1549 quo
1497 1509 1678 1549 capitulo...
1706 1510 1782 1540 sunt
1809 1508 1958 1549 prefatus
1984 1509 2141 1540 dominus

325 1575 418 1607 Prior
443 1578 474 1606 ct
499 1575 679 1606 venerandi
707 1574 832 1605 domini
859 1573 978 1604 fratres
1004 1572 1121 1603 Petrus
1148 1572 1188 1603 de
1214 1570 1341 1609 Calvis,
1362 1571 1518 1603 Mechion
1538 1571 1578 1602 de
1599 1571 1734 1609 LucinO,
1753 1571 1950 1602 Laurentius
1968 1571 2008 1602 de
2027 1570 2142 1609 BieHa,

325 1638 535 1669 Tltolomeus
560 1637 600 1668 de
627 1636 810 1673 Seraticlio,
837 1635 987 1676 Angelus
1013 1635 1053 1666 de
1081 1634 1305 1672 Rusconibus,
1331 1634 1492 1665 Nicolaus
1518 1633 1558 1664 de
1585 1633 1709 1671 Trotis,
1750 1632 1886 1665 Gabriel
1924 1633 1964 1664 de
2001 1632 2140 1672 Beretis,

326 1700 478 1741 Baptista
505 1700 545 1730 de
570 1699 727 1740 Zaynis...
754 1698 863 1730 donno
890 1698 1079 1729 Investitura
1105 1706 1124 1728 a
1150 1696 1361 1728 Bartolomeo
1390 1695 1551 1728 Cattaneo
1578 1695 1664 1727 della
1687 1695 1746 1735 git)
1782 1695 1935 1727 ciescritta
1967 1695 2141 1736 proprietc‘t,

321 1772 383 1804 per
403 1763 425 1794 9
449 1763 535 1798 anni,
558 1770 620 1802 per
642 1761 773 1802 l'usfitto
799 1761 834 1792 cii
858 1760 966 1792 brente
990 1761 1012 1792 8
1035 1759 1070 1791 cli
1095 1760 1167 1791 vino
1193 1760 1274 1799 ogni
1297 1768 1384 1790 anno
1409 1756 1470 1798 (l).

1099 1917 1373 1958 CDLXIV.

417 2030 444 2058 11
471 2029 622 2057 Comune
647 2028 680 2056 di
704 2027 808 2056 Pavia
833 2027 980 2056 delibera
1011 2027 1065 2055 un'
1081 2027 1201 2056 offerta
1232 2027 1387 2062 generale
1418 2035 1477 2062 per
1507 2026 1538 2054 la
1569 2024 1824 2054 continuazione
1857 2024 1910 2053 dei
1942 2023 2086 2053 restauri
2116 2023 2148 2052 di

330 2083 364 2111 S.
390 2083 502 2111 Paolo.

986 2176 1142 2205 1482,
1174 2184 1190 2200 z
1197 2184 1210 2200 ι
1217 2176 1375 2206 1)1·ile,
1407 2175 1497 2200 300

706 2249 781 2272 (Arch.
799 2249 834 2269 del
851 2249 934 2269 Museo
951 2248 999 2269 Civ.
1017 2248 1037 2268 di
1054 2248 1126 2269 storia
1143 2249 1202 2274 patr.
1219 2248 1240 2268 dt
1257 2247 1326 2268 Pavia
1342 2258 1367 2260 —
1383 2247 1430 2268 Atti
1447 2247 1467 2267 di
1485 2247 1635 2267 Provvisione
1651 2252 1723 2272 paceo
1738 2246 1766 2270 2).

355 2570 356 2573 ’
695 2572 808 2612 Ibique
834 2572 951 2612 prefati
980 2571 1125 2609 Domini,
1152 2573 1224 2603 visa
1261 2574 1291 2602 et
1330 2571 1493 2602 intellecta
1520 2571 1788 2611 supplicatione,
1826 2570 1948 2601 ibidem
1983 2572 2155 2610 porrecta,

339 2638 430 2675 parte
458 2635 697 2665 venerabilium
725 2635 935 2665 dominorum
964 2633 1089 2665 Prioris
1114 2637 1144 2665 et
1172 2633 1319 2665 Fratrum
1346 2632 1457 2665 Sancti
1485 2632 1578 2664 Pauli
1605 2635 1699 2664 extra
1725 2641 1838 2663 muros
1857 2631 1970 2672 Papie,
1989 2632 2020 2663 in
2039 2632 2154 2663 effectu

583 2445 861 2485 CCCCLXXXH,
888 2447 940 2477 die
967 2446 1082 2477 ultimo
1108 2446 1235 2486 aprilis,
1263 2446 1293 2476 in
1320 2446 1440 2477 terciis.

693 2509 891 2542 Convocato
918 2510 1072 2547 consili0,
1098 2512 1158 2540 etc.
1184 2506 1245 2548 (2).

397 2784 426 2805 (1)
443 2782 467 2802 Λ1
483 2782 508 2802 :AE
523 2782 594 2807 aprile
613 2783 662 2802 1th
678 2788 719 2802 con
735 2784 785 2802 atto
801 2782 861 2801 dello
876 2783 954 2801 stesso
966 2781 1044 2801 notaio
1056 2781 1176 2805 (jandello,
1189 2787 1223 2801 es·-

1001 2826 1014 2846 il
1035 2826 1143 2851 capitulo
1159 2826 1181 2845 di
1197 2826 1219 2846 S.

345 2871 471 2895 Mustium,
494 2873 617 2896 compostis
633 2870 668 2890 dci
685 2870 736 2890 irati
753 2870 889 2890 Mctcnmrre
907 2870 983 2890 Luciui
1007 2870 1097 2890 vicario
1113 2876 1124 2890 c
1141 2876 1222 2895 procu-

1278 2781 1342 2806 Negti
1357 2782 1399 2802 :itti
1417 2781 1453 2806 poi
1470 2781 1506 2801 del
1522 2781 1600 2801 notaio
1617 2781 1707 2801 Matteo
1723 2781 1810 2801 Ferrari
1833 2781 1947 2801 troviamo
1969 2781 2010 2800 elie
2025 2780 2045 2801 ai
2061 2780 2087 2801 Q
2101 2785 2154 2806 gen-

345 2827 418 2848 sendo
434 2829 508 2847 morto
531 2827 544 2846 l'
555 2827 665 2847 investito
682 2826 829 2846 immolauit-0
845 2826 959 2846 Cattaneo
973 2843 976 2850 ,
1277 2826 1329 2846 uaio
1345 2826 1380 2846 tlel
1399 2826 1456 2850 1500,
1473 2826 1486 2845 il
1503 2825 1588 2846 Butrici
1605 2825 1714 2850 deposito
1729 2825 1786 2845 detti
1802 2826 1828 2845 90
1843 2825 1916 2845 fiorini
1934 2830 2016 2850 presso
2031 2830 2060 2845 un
2073 2825 2154 2845 Valen—

1277 2870 1325 2890 tino
1340 2870 1369 2890 de
1385 2870 1467 2894 Beciis,
1483 2870 1505 2890 in
1519 2872 1596 2890 attesa
1612 2870 1653 2890 elic
1669 2870 1682 2889 il
1698 2871 1812 2890 convento
1829 2871 1975 2890 mautenesse
1990 2870 2011 2890 la
2033 2874 2154 2895 promessn

347 2919 431 2941 ratorc,
449 2915 526 2936 pietro
542 2915 613 2938 Calvi,
630 2915 753 2935 Germanum
771 2914 874 2939 Bastoui,
892 2914 994 2935 Lorcnzo
1011 2915 1107 2939 ferrari,
1124 2914 1223 2935 [cannete

348 2960 478 2984 Brentano,
504 2959 591 2979 Davide
608 2959 713 2984 Arrana,
730 2958 787 2979 Crian
803 2959 903 2979 Antonio
920 2958 1035 2979 Breutano
1052 2964 1063 2979 c
1080 2959 1182 2979 Lorenzo
1198 2958 1226 2979 de

349 3004 424 3029 Rossi,
440 3004 552 3024 rinnuova
568 3003 721 3024 l'iuvestitura
737 3008 749 3023 a
766 3002 888 3023 Gunifurto
905 3002 999 3027 Butrtct,
1015 3003 1083 3023 erede
1099 3003 1134 3023 del
1146 3002 1224 3024 Catta·

348 3054 406 3073 neo,
429 3054 472 3069 con
487 3048 508 3068 la
524 3048 660 3068 condizionc
675 3048 716 3068 che
732 3047 745 3067 il
761 3050 876 3068 convento
891 3047 920 3073 gli
931 3047 1033 3068 avrcbbe
1057 3047 1142 3068 ceduto
1157 3048 1171 3068 il
1187 3048 1227 3068 do-

349 3093 418 3114 minio
434 3093 492 3114 delle
509 3094 577 3119 terre,
594 3092 687 3118 quando
698 3092 825 3113 l'investito
836 3097 919 3112 avesse
931 3093 1016 3117 pagato
1027 3092 1053 3113 90
1064 3091 1136 3113 tior-ini
1149 3092 1222 3113 d'oro.

1279 2914 1300 2934 di
1316 2914 1436 2935 cessione:
1462 2914 1540 2940 quindi
1564 2914 1655 2934 avendo
1678 2914 1758 2934 voluto
1774 2914 1787 2934 il
1804 2913 1924 2935 Convento
1946 2915 1988 2935 clie
2012 2914 2160 2935 l'acccnnata

1281 2964 1370 2979 summa
1387 2958 1449 2979 losse
1465 2958 1501 2979 dal
1517 2958 1545 2979 de
1562 2958 1628 2979 Bccis
1643 2960 1728 2984 pagata
1744 2964 1756 2979 a
1773 2964 1802 2979 un
1818 2958 1918 2979 Antonio
1938 2958 1973 2979 dei
1998 2958 2065 2980 Conti
2088 2958 2155 2980 Gam-

1280 3003 1500 3028 bauanznavvenuto
1516 3002 1581 3023 detto
1597 3004 1745 3028 pagam-ento,
1762 3003 1776 3023 il
1791 3002 1912 3024 Convento
1928 3003 2019 3024 cedctte
2034 3003 2091 3024 detti
2103 3002 2155 3024 beni

1282 3048 1303 3068 di
1320 3047 1433 3069 Stradelta
1449 3053 1515 3068 conte
1529 3047 1638 3073 appartra
1654 3047 1691 3068 dal
1706 3048 1847 3069 documento
1861 3048 1874 3068 7
1889 3047 1994 3069 tebbraio
2009 3048 2066 3069 1505.

1332 3093 1362 3117 (2)
1376 3092 1495 3114 S'intende
1511 3093 1525 3113 il
1541 3092 1659 3118 Consiglio
1675 3093 1710 3114 dei
1727 3093 1802 3114 dodici
1819 3093 1948 3114 Presidenti
1963 3093 1985 3114 di
1997 3092 2155 3114 Provvisione.
