2347 3444
317 236 360 268 20

320 369 486 401 Ascanius
508 367 624 408 Junior
653 366 723 399 Rex
751 366 928 407 Angleriae
955 368 986 398 et
1023 365 1220 403 Mediolani,
1246 374 1264 396 a
1290 374 1357 406 quo
1384 365 1493 397 Abida
1520 364 1591 398 Rex
1617 364 1796 406 Angleriae
1822 367 1854 396 et
1890 365 2088 404 Mediolani,
2113 375 2132 398 a

318 440 385 472 quo
415 429 533 462 Sisoch
573 428 643 462 Rex
671 428 848 469 Angleriae
875 431 906 460 et
943 428 1139 466 Mediolani,
1165 437 1182 459 a
1209 436 1276 468 quo
1309 427 1405 468 Julus
1442 426 1513 460 Rex
1540 426 1718 468 Angleriae
1743 429 1774 458 et
1800 427 1996 466 Mediolani,
2021 436 2040 459 a
2065 436 2134 468 quo

318 493 501 525 Pucentius
540 491 609 524 Rex
637 490 814 531 Angleriae
840 493 870 522 et
904 490 1100 527 Mediolani,
1126 499 1143 521 a
1170 499 1237 530 quo
1275 489 1424 521 Elimach
1463 488 1533 522 Rex
1562 488 1717 530 Anglerie
1742 491 1774 520 et
1800 489 1996 527 Mediolani,
2022 498 2040 521 a
2066 498 2134 530 quo

317 555 563 588 Gemebundus
601 552 670 586 Rex
698 552 875 593 Angleriae
902 555 932 584 et
959 552 1154 589 Mediolani,
1180 561 1198 583 a
1224 561 1291 592 quo
1318 551 1528 583 Albaniclius
1566 550 1637 584 Rex
1664 550 1842 592 Angleriae
1867 553 1899 583 et
1932 551 2128 589 Mediolani,

317 619 414 650 cuius
451 620 600 656 tempore
639 615 801 648 Romulus
838 615 1029 646 aedificavit
1069 614 1218 651 Romam;
1245 623 1262 645 a
1288 623 1356 654 quo
1383 613 1534 645 Astatius
1572 612 1642 646 Rex
1668 612 1848 654 Angleriae
1874 615 1904 645 et
1937 613 2133 651 Mediolani,

318 684 467 720 tempore
493 688 560 719 quo
586 678 695 708 Numa
723 676 910 716 Pompilius
949 676 1072 709 Romae
1098 677 1261 717 regnavit;
1288 685 1305 707 a
1332 685 1399 716 quo
1426 675 1693 707 Falaramundus
1720 674 1790 708 Rex
1811 674 1988 716 Angleriae
2006 677 2037 707 et
2056 675 2130 707 Me-

317 742 442 773 diolani
469 744 499 772 et
526 740 682 771 Tusciae.
709 748 726 770 a
753 748 821 778 quo
858 738 940 769 alter
977 737 1126 769 Elimacli
1166 737 1235 770 Rex
1264 738 1441 779 Angleriae
1475 741 1505 770 et
1544 738 1729 770 Mediolani
1767 740 1799 769 et
1836 737 1994 775 Tusciae,
2019 746 2037 768 a
2063 746 2131 778 quo

319 804 465 836 Recliius
493 802 561 834 Rex
590 801 766 841 Angleriae
792 803 822 831 et
849 800 1033 831 Mediolani
1061 802 1091 831 et
1117 799 1273 837 Tusciae,
1292 809 1309 831 a
1335 809 1404 840 quo
1430 800 1632 832 Bellovesus
1658 799 1728 833 Rex
1756 800 1858 831 totius
1885 799 2006 837 ltaliae,
2025 808 2043 831 a
2066 808 2134 840 quo

319 865 570 897 Bruniseendus
597 862 666 896 Rex
694 863 796 893 totius
824 862 945 898 ltaliae,
972 871 990 893 a
1016 871 1083 902 quo
1114 861 1293 893 Briennius
1331 861 1401 894 Rex
1430 861 1608 903 Angleriae
1633 864 1663 893 et
1691 861 1886 899 Mediolani,
1913 870 1931 893 a
1957 870 2025 902 quo
2051 862 2134 893 alter

319 926 572 958 Bruniscendus
611 924 680 957 Rex
719 924 821 955 totius
860 923 981 961 ltaliae,
1023 923 1079 963 qui
1118 923 1301 955 debellavit
1339 922 1501 961 Gallicos,
1538 932 1556 954 a
1593 932 1660 964 quo
1698 923 1823 964 Agates
1858 923 1928 956 Rex
1960 922 2138 964 Angleriae

319 993 348 1020 et
376 987 571 1023 Mediolani,
597 996 615 1018 a
641 996 709 1026 quo
747 985 899 1018 Rutilaus
937 984 1007 1017 Rex
1047 984 1223 1025 Angleriae
1249 987 1280 1016 et
1306 984 1503 1023 Mediolani,
1541 986 1593 1016 liic
1631 985 1768 1018 Romam
1795 985 2000 1023 debellavit;
2026 994 2044 1016 a
2071 994 2139 1025 quo

320 1049 586 1081 Falaramundus
624 1048 692 1080 Rex
733 1047 909 1088 Angleriae
947 1050 977 1078 et
1015 1047 1212 1084 Mediolani,
1239 1056 1256 1078 a
1283 1056 1351 1087 quo
1388 1046 1607 1078 Bridomarus
1645 1046 1716 1080 Rex
1743 1047 1921 1087 Angleriae
1947 1049 1978 1078 et
2004 1047 2137 1078 Medio-

320 1113 395 1149 lani,
422 1122 439 1143 a
458 1121 524 1152 quo
552 1111 673 1142 Lucius
700 1109 768 1142 Rex
801 1109 978 1150 Angleriae
1009 1112 1040 1141 et
1070 1109 1267 1147 Mediolani,
1295 1110 1391 1141 cuius
1413 1112 1562 1150 tempore
1589 1109 1737 1149 Magnus
1764 1108 1947 1150 Pompeius
1977 1112 2008 1141 et
2030 1108 2138 1150 Julius

319 1174 446 1207 Caesar
472 1183 628 1214 magnum
656 1173 847 1204 conflictum
876 1172 977 1203 iniere
1003 1172 1113 1209 simul,
1140 1174 1169 1203 et
1200 1172 1272 1203 lieic
1299 1172 1446 1203 cessavit
1473 1172 1563 1212 regni
1597 1172 1752 1203 diadema
1780 1181 1838 1212 per
1862 1172 1996 1212 aliquos
2021 1180 2139 1203 annos.

321 1237 401 1269 Post
439 1238 480 1268 de
519 1236 635 1267 eadem
663 1236 764 1266 domo
805 1234 984 1274 Angleriae
1019 1234 1165 1266 surrexit
1204 1233 1351 1266 Ubertus
1388 1233 1598 1271 Vicecomes,
1624 1234 1679 1274 qui
1707 1236 1799 1265 extra
1837 1233 1970 1265 Portam
2008 1233 2139 1265 Novam

321 1299 516 1331 Mediolani.
556 1298 610 1329 ubi
650 1307 736 1328 nunc
774 1298 836 1328 sita
863 1299 913 1328 est
939 1297 1081 1328 ecclesia
1120 1294 1232 1328 Sancti
1271 1295 1438 1337 Dionysii,
1477 1305 1633 1336 magnum
1667 1296 1845 1327 draconem
1884 1296 2040 1327 infestum
2068 1295 2140 1327 urbi

319 1362 479 1401 singulari
507 1360 687 1392 certamine
728 1360 825 1391 clava
864 1359 1025 1399 peremit;
1063 1368 1081 1390 a
1119 1368 1186 1399 quo
1223 1358 1455 1390 Maximianus
1492 1357 1562 1391 Rex
1601 1357 1778 1399 Angleriae
1816 1360 1846 1390 et
1884 1358 2080 1395 Mediolani,
2109 1359 2141 1390 et

320 1425 421 1455 nntius
449 1423 612 1463 Liguriae.
655 1422 714 1453 Hic
751 1422 877 1453 missus
903 1430 920 1452 a
947 1420 1040 1461 Papa
1077 1419 1216 1452 Gelasio
1249 1423 1364 1452 contra
1402 1419 1652 1451 Tlieodoricum
1687 1419 1810 1461 Regem
1838 1420 2015 1451 barbarum
2042 1422 2142 1460 atque

320 1487 481 1519 arianum,
523 1488 624 1516 totam
665 1484 876 1515 infestantem
916 1483 1052 1521 ltaliam,
1094 1483 1134 1514 de
1176 1483 1251 1523 ipso
1289 1483 1461 1514 victoriam
1503 1483 1657 1520 obtinuit,
1691 1484 1792 1522 atque
1830 1483 1872 1513 ab
1910 1483 2027 1514 eodem
2055 1481 2144 1513 Pon-

320 1549 406 1580 titice
434 1557 493 1588 pro
533 1556 568 1578 se
607 1547 746 1587 suisque
775 1547 895 1577 multas
921 1546 1103 1586 dignitates
1140 1546 1284 1585 adeptus
1321 1547 1380 1576 est.
1408 1544 1434 1576 Α
1476 1554 1543 1585 quo
1585 1545 1668 1576 Milo
1709 1544 1780 1578 Rex
1812 1544 1988 1586 Angleriae
2014 1547 2046 1576 et
2071 1545 2145 1577 Me-

320 1611 456 1648 diolani,
495 1619 512 1640 a
540 1619 607 1650 quo
645 1608 818 1641 Rolandus
857 1608 925 1641 Rex
965 1607 1143 1648 Angleriae
1176 1610 1207 1639 et
1245 1607 1440 1639 Mediolani.
1480 1607 1540 1639 Hic
1578 1607 1770 1639 aedificavit
1807 1607 1926 1639 Arcem
1965 1607 2144 1648 Angleriae

320 1682 394 1704 cum
426 1676 527 1713 puteo
566 1672 726 1709 mirabili,
765 1671 820 1711 qui
860 1680 967 1711 usque
1005 1671 1104 1701 hodie
1141 1670 1264 1701 dicitur
1304 1668 1430 1701 Puteus
1468 1669 1634 1707 Rolandi;
1673 1679 1691 1701 a
1728 1678 1795 1709 quo
1831 1669 1914 1700 alter
1951 1669 2034 1700 Milo
2071 1668 2143 1702 Rex

322 1735 499 1775 Angleriae
541 1737 571 1766 et
614 1734 817 1771 Mediolani,
855 1742 872 1764 a
910 1742 977 1773 quo
1019 1732 1160 1764 Alionus
1202 1732 1272 1765 Rex
1315 1731 1493 1773 Angleriae
1531 1733 1562 1763 et
1603 1732 1808 1770 Mediolani,
1850 1732 1938 1763 hunc
1979 1731 2145 1763 Alboinus

321 1798 449 1838 primus
476 1797 546 1829 Rex
574 1796 871 1837 Langobardorum
899 1797 929 1826 in
956 1796 1103 1827 adventu
1131 1804 1193 1826 suo
1228 1795 1373 1835 privavit
1411 1795 1503 1835 regio
1540 1795 1739 1826 diademate.
1766 1794 1851 1826 Nam
1877 1796 1955 1826 tunc
1981 1795 2141 1834 temporis

322 1860 553 1891 Mediolanum
583 1859 789 1890 destructum
817 1861 886 1889 erat
911 1858 953 1889 ab
980 1856 1142 1889 Odoardo
1168 1857 1258 1898 Rege
1285 1855 1484 1894 Gothorum,
1510 1866 1552 1888 ex
1580 1866 1647 1897 quo
1685 1857 1794 1888 dictus
1810 1856 1964 1893 Alionus,
1991 1857 2140 1888 nondum

321 1922 484 1962 reparatis
511 1921 688 1952 moenibus
714 1921 871 1958 civitatis,
898 1920 940 1950 ab
969 1919 1114 1951 Alboino
1140 1928 1176 1950 se
1202 1919 1385 1951 defendere
1412 1920 1572 1960 nequivit.
1600 1918 1772 1952 Remansit
1797 1921 1907 1950 autem
1934 1917 2058 1951 Comes
2077 1918 2145 1950 An-

322 1985 454 2025 gleriae,
481 1993 498 2014 a
525 1993 592 2023 quo
630 1982 826 2014 Galvaneus
864 1980 987 2014 Comes
1015 1981 1202 2023 Angleriae,
1229 1991 1246 2013 a
1273 1991 1341 2022 quo
1378 1981 1542 2013 Perideus
1580 1981 1649 2015 Rex
1684 1982 1862 2023 Angleriae
1889 1984 1920 2014 et
1945 1981 2142 2013 Mediolani.

324 2046 383 2077 Hic
411 2046 505 2086 plura
534 2045 619 2076 bella
647 2048 759 2075 comm
787 2044 956 2077 Romanos
986 2044 1126 2075 feliciter
1163 2045 1279 2085 gessit;
1306 2053 1324 2076 a
1350 2053 1418 2085 quo
1446 2044 1568 2077 Racliis
1596 2044 1666 2077 Rex
1694 2044 2004 2085 Langobardorum,
2030 2053 2048 2075 a
2074 2053 2142 2085 quo

322 2108 546 2149 Agistulplius
574 2107 643 2139 Rex
675 2107 985 2147 Langobardorum,
1012 2107 1068 2147 qui
1096 2107 1276 2138 maximam
1314 2106 1572 2138 familiaritatem
1612 2107 1728 2138 habuit
1755 2116 1830 2138 cum
1869 2105 2015 2147 pippino
2053 2105 2142 2147 Rege

325 2170 538 2207 Francorum,
556 2178 572 2200 a
589 2179 656 2209 quo
672 2168 872 2200 Desiderius
891 2169 1100 2199 novissimus
1116 2168 1185 2201 Rex
1203 2169 1513 2210 Langobardorum,
1529 2170 1584 2209 qui
1601 2169 1719 2201 claruit
1733 2168 1830 2200 Anno
1845 2168 1991 2200 Domino
2006 2166 2142 2200 DCCVI

323 2233 535 2263 victoriarum
570 2231 800 2269 felicissimus,
828 2232 912 2262 inter
937 2240 1022 2271 quas
1048 2231 1089 2262 de
1115 2229 1203 2263 CCC
1231 2231 1380 2262 millibus
1417 2230 1660 2263 Saracenorum
1699 2231 1837 2264 Romam
1864 2233 1894 2262 et
1920 2229 2076 2263 Castrum
2103 2230 2144 2262 de

325 2294 419 2330 Vico,
447 2294 477 2324 in
505 2303 572 2333 quo
609 2292 702 2333 Papa
729 2292 898 2323 Adrianus
925 2295 955 2324 et
982 2292 1052 2325 Rex
1080 2291 1223 2325 Carolus
1261 2293 1409 2334 Magnus
1435 2294 1512 2325 dicti
1540 2293 1641 2334 Regis
1667 2296 1831 2334 cognatus
1869 2294 2002 2325 obsessi
2041 2294 2143 2331 erant,

324 2356 507 2397 gloriosum
534 2355 630 2386 duxit
657 2355 873 2395 triumphum,
900 2356 1009 2395 captis
1035 2365 1076 2386 ex
1103 2356 1151 2387 eis
1177 2355 1264 2386 XXII
1296 2355 1445 2397 Regibus
1471 2365 1545 2387 cum
1572 2356 1727 2388 ducentis
1754 2356 1902 2387 millibus
1927 2357 2143 2393 armatorum,

323 2421 353 2449 et
380 2418 593 2458 septuaginta
621 2417 769 2448 millibus
796 2426 909 2448 eorum
937 2418 1061 2454 caesis:
1079 2427 1097 2449 a
1123 2427 1190 2458 quo
1217 2417 1410 2449 Bernardus
1437 2417 1562 2450 Comes
1588 2418 1776 2459 Angleriae,
1800 2427 1817 2449 a
1845 2427 1912 2458 quo
1938 2416 2052 2449 Guido
2077 2416 2145 2449 Co-

324 2490 395 2512 mes
422 2479 610 2521 Angleriac,
637 2489 654 2511 a
681 2489 749 2519 quo
775 2478 855 2511 Otto
893 2478 1018 2511 Comes
1045 2479 1234 2520 Angleriae,
1260 2490 1278 2512 a
1304 2490 1372 2521 quo
1398 2480 1623 2522 Berengarius
1661 2481 1843 2521 Imperator
1879 2481 1982 2512 totius
2019 2480 2141 2518 ltaliae,

323 2543 419 2573 cuius
446 2544 580 2573 exstant
607 2542 831 2582 pulcherrima
859 2542 1046 2582 privilegia,
1073 2543 1278 2582 quibusbam
1317 2542 1442 2583 Papiae
1481 2543 1694 2575 monasteriis
1720 2543 1869 2583 elargita,
1904 2552 1990 2583 quae
2017 2542 2084 2573 vidi
2111 2544 2143 2574 et

325 2604 399 2644 legi,
427 2613 557 2644 suoque
595 2604 715 2645 sigillis
754 2605 921 2644 impresso
960 2605 1080 2645 capite;
1107 2614 1125 2636 a
1152 2614 1220 2645 quo
1247 2605 1322 2646 Ugo
1360 2605 1542 2646 Imperator
1578 2606 1680 2637 totius
1718 2605 1840 2643 ltaliae,
1867 2614 1884 2636 a
1910 2614 1978 2645 quo
2015 2604 2137 2637 Fulcus

324 2665 448 2698 Comes
476 2666 663 2706 Angleriae,
690 2676 707 2697 a
735 2676 801 2707 quo
828 2666 936 2697 Obizo
962 2665 1086 2698 Comes
1113 2666 1303 2708 Angleriae,
1330 2668 1386 2708 qui
1412 2668 1473 2699 fuit
1499 2668 1723 2699 Marescallus
1750 2668 1846 2708 primi
1873 2666 2009 2699 Ottonis
2036 2667 2143 2708 Impe-

326 2729 455 2765 ratoris,
482 2732 511 2759 et
539 2729 777 2759 monasterium
805 2729 845 2759 de
872 2728 983 2760 Arona
1020 2728 1185 2761 fundavit.
1224 2729 1250 2760 Α
1277 2739 1345 2770 quo
1383 2729 1503 2761 Facius
1541 2728 1665 2762 Comes
1691 2729 1878 2770 Angleriae,
1905 2739 1922 2761 a
1948 2739 2016 2770 quo
2050 2729 2144 2761 l-leri-

326 2791 476 2831 prandus
503 2789 702 2821 Vicecomes
729 2800 769 2821 ex
799 2789 989 2822 Comitibus
1017 2790 1204 2831 Angleriae,
1231 2792 1287 2832 qui
1315 2792 1427 2824 dictus
1453 2794 1503 2823 est
1530 2791 1631 2823 Miles
1658 2792 1874 2829 millenarius,
1893 2801 1934 2823 eo
1959 2792 2050 2832 quod
2077 2791 2142 2823 sub

326 2861 361 2884 se
388 2853 476 2884 mille
503 2852 623 2883 milites
651 2853 797 2884 liaberet.
826 2852 885 2883 Hic
912 2853 942 2883 in
970 2853 1132 2893 singulari
1160 2855 1340 2885 certamine
1367 2853 1544 2886 Baverium
1573 2856 1727 2894 nepotem
1756 2852 1902 2885 Conradi
1930 2854 2142 2894 Imperatoris

326 2914 558 2946 Mediolanum
585 2914 774 2946 obsidentis
811 2915 946 2953 devicit,
973 2917 1004 2946 et
1030 2917 1203 2956 amputato
1240 2916 1361 2956 capite,
1385 2916 1415 2947 in
1446 2916 1597 2947 dedecus
1635 2916 1741 2956 patrui
1770 2917 1833 2954 sui,
1860 2916 1950 2947 illum
1977 2915 2142 2956 suspendi

325 2977 402 3008 fecit
429 2986 487 3017 per
512 2977 618 3017 pedes
644 2977 675 3007 in
702 2986 779 3008 arcu
806 2977 1011 3017 triumphali,
1038 2979 1093 3018 qui
1121 2980 1199 3010 tunc
1226 2980 1296 3010 erat
1321 2980 1414 3010 extra
1441 2977 1575 3009 Portam
1603 2977 1786 3011 Romanam
1813 2978 2009 3010 Mediolani.
2028 2977 2055 3009 Α
2074 2987 2142 3018 quo

326 3038 406 3070 Otto
433 3038 642 3077 Vicecomes,
664 3039 719 3080 qui
747 3048 822 3071 cum
850 3037 1060 3071 Gotliofredo
1086 3040 1127 3071 de
1154 3039 1310 3081 Buglono
1335 3040 1377 3071 ad
1404 3039 1542 3071 Terram
1569 3038 1726 3072 Sanctam
1753 3040 1993 3080 acquirendam
2020 3049 2142 3080 prope-

327 3101 421 3138 ravit,
448 3104 479 3132 et
505 3102 684 3141 quemdam
712 3100 835 3142 Regem
866 3100 1121 3141 Saracenorum,
1148 3103 1298 3143 viperam
1325 3111 1400 3134 cum
1428 3102 1560 3133 homine
1597 3102 1769 3133 excoriato
1795 3110 1899 3142 super
1931 3102 2059 3143 galeam
2085 3111 2144 3143 ge-
