2347 3444
1865 175 1896 206 11

91 304 200 336 fratris
226 304 394 336 Ambrosii
421 305 462 336 de
488 305 683 336 Mediolano
709 304 945 336 canonicorum
972 304 1122 335 eiusdem
1149 296 1350 340 monasterii,
1368 305 1490 336 ibidem
1522 306 1746 345 presencium,
1763 307 1902 338 audien-

90 366 176 398 ci'um
204 368 234 398 et
261 366 527 408 intelligentium,
553 367 710 397 omnibus
749 366 983 397 vallidioribus
1009 366 1089 404 iure,
1117 366 1216 397 modo
1242 362 1273 397 et
1299 366 1404 397 forma
1442 367 1568 406 quibus
1595 367 1712 398 melius
1739 369 1845 407 potuit
1871 373 1901 399 et

90 430 211 468 potest,
236 438 274 460 ac
301 429 342 460 ad
369 437 500 460 omnem
527 429 650 459 bonum
677 424 775 459 finem
802 430 832 459 et
859 428 1022 465 effectum,
1048 428 1104 468 qui
1133 428 1195 468 ipsi
1223 428 1354 459 sindico
1381 430 1412 459 et
1438 429 1645 468 procuratori
1681 430 1770 460 dicto
1797 431 1901 460 sindi-

88 490 177 521 cario
202 492 233 522 et
259 491 487 530 procuratorio
514 491 646 521 nomine
671 499 709 521 ac
736 490 836 521 dictis
855 490 1000 521 dominis
1027 489 1143 527 Priori,
1169 489 1338 526 fratribus,
1365 488 1523 530 Capitulo
1550 492 1580 521 et
1606 489 1795 522 Conventui
1825 501 1901 531 pro-

88 552 188 584 desse
215 553 322 593 possit
348 552 466 584 melius
492 554 523 584 et
550 553 669 590 valere,
696 553 790 590 dixit,
818 553 992 590 intimavit,
1012 552 1193 583 notificavit
1220 554 1250 583 et
1276 552 1492 583 denunciavit
1512 561 1549 583 ac
1567 553 1658 590 dicit,
1686 553 1823 591 intimat,
1843 563 1901 584 no-

87 614 189 645 tificat
214 616 246 645 et
271 615 451 646 denunciat
476 614 653 645 antedictis
690 615 835 645 dominis
873 613 995 645 Abbati
1022 616 1053 645 et
1079 612 1262 645 Canonicis
1301 615 1492 645 monasterii
1532 615 1683 654 predicti,
1712 616 1844 646 nomine
1870 619 1901 647 et

88 676 159 707 vice
185 674 332 716 Capituli
359 678 389 707 et
415 674 612 708 Conventus
638 676 789 707 eiusdem
828 677 1034 713 monasterii,
1061 676 1277 716 presentibus
1303 678 1333 707 ct
1361 676 1625 716 intelligentibus
1652 679 1681 707 ct
1708 677 1748 708 ad
1775 677 1900 708 dictum

87 739 337 775 monasterium,
363 738 452 778 quod
491 739 569 769 dicti
608 739 732 769 domini
771 738 887 769 Abbas
913 741 943 769 et
973 736 1148 775 Canoniei,
1175 739 1308 769 nomine
1346 747 1414 778 quo
1441 747 1554 778 supra,
1581 741 1611 769 et
1638 739 1668 769 in
1695 740 1900 770 execucionc

85 799 172 831 dicte
197 800 377 837 sentencie,
391 800 537 831 debeant
562 800 671 831 facere
697 809 771 831 cum
799 800 1068 831 solemnitatibus
1095 800 1295 840 opportunis
1321 800 1480 837 debitam,
1506 802 1608 831 tutam
1636 802 1666 832 et
1692 801 1899 841 solempnem

86 862 318 893 vendicionem
356 863 397 894 de
435 863 667 902 suprascripto
705 863 868 894 sedimine
906 863 1094 894 tabularum
1133 865 1287 903 quatuor,
1313 863 1354 893 de
1381 871 1448 902 quo
1476 863 1506 893 in
1533 863 1621 893 dicta
1660 863 1832 894 sentencia
1866 864 1899 894 fit

86 925 227 962 mencio,
246 924 371 955 eisdem
397 924 544 955 dominis
570 924 860 961 Priori,fratribus
887 927 916 956 et
936 923 1093 964 Capitulo
1119 933 1178 956 seu
1205 924 1259 956 alii
1287 933 1429 964 persone
1457 925 1589 955 nomine
1617 925 1765 964 ipsorum
1792 925 1900 955 domi-

86 994 202 1017 norum
229 985 365 1024 Prioris,
390 985 537 1023 fratrum,
575 986 710 1026 capituli
738 989 767 1017 et
805 990 993 1018 conventus
1031 986 1202 1027 stipulanti
1230 988 1261 1018 et
1288 986 1472 1026 recipienti,
1499 995 1559 1026 pro
1597 987 1709 1026 precio
1747 987 1898 1027 predicto

85 1047 242 1079 librarum
270 1048 593 1088 sexagintaquatuor
619 1049 842 1088 papiensium,
860 1049 943 1088 ipsis
969 1049 1062 1089 prius
1088 1049 1208 1080 solutis
1231 1051 1261 1080 et
1288 1049 1470 1079 numeratis
1497 1057 1555 1088 per
1580 1049 1703 1079 dictum
1731 1049 1896 1080 sindicuin

84 1112 115 1142 et
133 1111 382 1150 procuratorem
402 1110 492 1141 dicto
511 1111 643 1141 nomine
663 1111 689 1141 si
710 1111 793 1151 ipsis
813 1111 958 1142 dominis
978 1110 1100 1142 Abbati
1119 1113 1149 1142 et
1168 1109 1352 1142 Canonicis
1371 1119 1428 1142 eas
1448 1110 1549 1142 libras
1572 1111 1899 1151 sexagintaquatuor

83 1173 266 1213 papienses
294 1173 441 1213 recipere
471 1175 500 1204 et
530 1173 651 1204 dictam
682 1174 913 1204 vendicionem
944 1173 1053 1204 facere
1080 1182 1154 1204 cum
1196 1173 1466 1204 solemnitatibus
1496 1173 1619 1204 debitis
1660 1174 1787 1204 eisdem
1827 1174 1898 1213 pla—

83 1235 196 1266 cuerit.
223 1233 317 1271 Quas
343 1235 477 1275 quidem
504 1235 606 1266 libras
643 1236 968 1275 sexagintaquatuor
994 1236 1080 1266 idem
1108 1235 1207 1267 frater
1245 1235 1413 1266 Lucliinus
1440 1235 1529 1266 dicto
1555 1235 1736 1267 sindicario
1763 1237 1794 1266 et
1820 1245 1897 1276 pro-

82 1297 249 1328 curatorio
276 1297 408 1328 nomine
435 1297 585 1337 ipsorum
620 1297 831 1328 dominorum
869 1296 1005 1330 Prioris.
1046 1297 1194 1335 fratrum,
1236 1296 1383 1337 Capituli
1410 1299 1440 1328 et
1466 1295 1664 1329 Conventus
1702 1298 1824 1328 ibidem
1867 1298 1897 1328 in

82 1359 257 1400 presencia
283 1360 344 1390 mei
383 1360 500 1391 notarii
539 1359 741 1399 testiumque
780 1359 1079 1399 infrascriptorum,
1116 1359 1291 1391 actualiter
1327 1360 1473 1390 ostendit
1500 1360 1530 1390 in
1557 1361 1603 1390 tot
1630 1360 1729 1390 bonis
1762 1360 1895 1391 ducatis

82 1422 152 1452 auri
179 1423 210 1453 et
236 1430 294 1453 eas
319 1422 459 1459 obtulit;
485 1424 516 1453 et
534 1422 628 1453 offert
654 1422 740 1453 idem
767 1422 918 1453 sindicus
945 1423 976 1453 et
1002 1423 1196 1462 procurator
1221 1421 1310 1452 dicto
1336 1422 1518 1452 sindicario
1537 1423 1568 1452 et
1583 1422 1812 1461 procuratorio
1840 1431 1898 1452 no-

82 1484 169 1515 mine
195 1484 322 1515 eisdem
349 1484 495 1515 dominis
514 1483 637 1515 Abbati
664 1486 695 1515 et
713 1482 896 1515 Canonicis
922 1484 1000 1514 dicti
1028 1483 1219 1515 monasterii
1246 1492 1282 1514 se
1308 1483 1398 1514 dicto
1425 1484 1558 1514 nomine
1586 1486 1737 1523 paratum
1764 1483 1896 1515 solvere

81 1547 112 1577 et
137 1546 355 1577 effectualiter
388 1555 561 1577 numerare
599 1546 727 1577 eisdem
753 1546 899 1577 dominis
925 1545 1047 1577 Abbati
1074 1547 1104 1577 et
1130 1546 1314 1581 canonicis,
1342 1546 1473 1576 nomine
1499 1554 1566 1585 quo
1593 1554 1706 1585 supra,
1733 1554 1792 1585 pro
1820 1546 1892 1585 ipsa

81 1608 279 1639 vendicione
321 1608 495 1639 sediminis
534 1608 692 1639 antedicti
730 1608 841 1639 fienda
877 1607 1004 1639 eisdem
1038 1606 1162 1645 Priori,
1204 1607 1392 1644 Fratribus,
1433 1605 1591 1647 Capitulo
1632 1609 1661 1638 et
1703 1605 1893 1638 Conventui

81 1670 174 1701 iuxta
200 1670 445 1701 continenciam
472 1670 558 1701 dicte
585 1670 764 1701 sentencie.
792 1669 928 1707 Dicens,
945 1670 1073 1701 instans
1092 1678 1130 1701 ac
1156 1669 1331 1709 requirens
1350 1669 1437 1700 idem
1464 1669 1615 1700 sindicus
1642 1671 1671 1700 et
1698 1671 1894 1709 procurator

80 1732 169 1763 dicto
206 1733 339 1763 nomine
376 1733 503 1763 eisdem
542 1732 687 1763 dominis
724 1731 847 1763 Abbati
874 1734 905 1763 et
931 1730 1114 1763 Canonicis
1151 1731 1242 1762 dicto
1280 1732 1412 1762 nomine
1438 1733 1469 1762 et
1495 1731 1537 1762 ab
1571 1731 1697 1762 eisdem
1726 1732 1759 1762 ut
1785 1731 1895 1771 ipsam

78 1794 312 1826 vendicionem
338 1794 447 1826 facere
473 1795 618 1826 debeant
645 1795 752 1826 eidem
790 1794 922 1825 sindico
947 1796 979 1825 et
1005 1794 1104 1825 michi
1131 1794 1260 1824 notario
1299 1802 1441 1833 persone
1468 1793 1614 1833 publice,
1652 1793 1894 1833 stipulantibus

77 1858 108 1888 et
134 1857 373 1897 recipientibus
400 1857 533 1888 nomine
552 1858 583 1888 et
602 1857 675 1888 vice
694 1857 919 1896 predictorum
946 1856 1157 1887 dominorum
1185 1855 1321 1893 Prioris,
1347 1855 1494 1893 fratrum,
1514 1854 1660 1895 Capituli
1688 1857 1718 1886 et
1737 1853 1895 1887 Conven-

77 1921 142 1956 tus,
170 1919 314 1950 offerens
341 1909 426 1950 ide‘m
453 1920 606 1950 sindicus
633 1921 663 1950 et
690 1921 886 1959 procurator
911 1927 946 1950 se
974 1920 1125 1959 paratum
1152 1927 1226 1949 cum
1253 1918 1371 1949 effectu
1398 1918 1521 1949 dictam
1549 1917 1785 1948 vendicionem
1813 1918 1896 1949 reci—

78 1990 157 2022 pere
187 1982 320 2013 nomine
358 1982 522 2013 dictorum
560 1982 771 2012 dominorum
809 1980 945 2019 Prioris,
973 1980 1133 2018 Fratrum,
1160 1978 1306 2020 Capituli
1333 1982 1363 2011 et
1389 1978 1588 2011 Conventus
1614 1982 1644 2011 et
1671 1980 1764 2020 ipsas
1791 1980 1893 2010 libras

79 2044 404 2084 sexagintaquatuor
429 2044 646 2075 effectualiter
671 2043 814 2081 solvere,
831 2052 1004 2074 numerare
1030 2044 1060 2074 et
1086 2043 1270 2074 exbursare
1297 2042 1397 2073 dictis
1422 2042 1567 2073 dominis
1586 2041 1708 2072 Abbati
1736 2044 1766 2072 et
1784 2040 1895 2073 Cano-

80 2105 163 2137 nicis
189 2106 323 2137 nomine
347 2106 426 2137 dicti
453 2106 644 2137 monasterii
671 2108 702 2137 et
720 2104 867 2146 Capituli
894 2105 1057 2140 eiusdem,
1077 2105 1161 2145 ipsis
1187 2113 1244 2136 eas
1271 2105 1416 2144 recipere
1443 2106 1472 2135 et
1498 2104 1620 2134 dictam
1660 2104 1893 2135 vendicionem

79 2168 211 2199 nomine
237 2168 314 2199 dicti
342 2169 532 2199 monasterii
559 2174 590 2199 et
616 2168 753 2208 capituli
781 2167 890 2199 facere
918 2167 1112 2198 volentibus
1142 2167 1251 2198 eidem
1277 2166 1366 2197 fratri
1406 2166 1555 2197 Lucliino
1582 2166 1671 2196 dicto
1709 2166 1891 2196 sindicario

78 2231 109 2260 et
135 2230 364 2270 procuratorio
390 2230 534 2268 nomine,
560 2232 590 2261 et
616 2239 674 2270 per
693 2230 802 2270 ipsum
822 2230 920 2260 dictis
938 2229 1084 2260 dominis
1111 2227 1227 2266 Priori,
1254 2227 1435 2265 Fratribus,
1462 2225 1621 2267 Capitulo
1639 2228 1670 2258 et
1689 2225 1890 2258 Conventui.

167 2291 214 2323 Ac
241 2294 432 2332 protestans
458 2292 543 2323 idem
569 2292 669 2323 frater
695 2291 875 2329 Lucliinus,
901 2292 990 2322 dicto
1024 2291 1204 2322 sindicario
1231 2292 1262 2321 et
1288 2290 1518 2330 procuratorio
1545 2289 1688 2327 nomine,
1715 2289 1804 2329 quod
1833 2298 1892 2329 pei·

79 2354 188 2394 ipsum
214 2354 303 2385 dicto
329 2355 461 2385 nomine
487 2356 518 2385 et
543 2355 648 2386 eciam
675 2363 733 2394 per
758 2354 867 2385 dictos
893 2354 1049 2384 dominos
1076 2352 1224 2384 Priorem
1251 2354 1281 2384 et
1308 2352 1437 2389 fratres,
1477 2352 1609 2382 nomine
1647 2351 1726 2382 dicti
1754 2351 1892 2391 capituli

79 2417 110 2446 et
135 2418 333 2454 conventus,
359 2425 424 2447 non
451 2417 539 2447 stetit
565 2425 625 2447 nec
662 2418 727 2447 stat
764 2416 944 2456 quominus
982 2415 1036 2447 det
1062 2417 1092 2446 et
1117 2415 1228 2446 solvat
1258 2416 1288 2446 et
1325 2423 1399 2445 cum
1426 2414 1544 2445 effectu
1572 2415 1721 2445 numeret
1750 2422 1787 2444 ac
1815 2413 1893 2444 dent

79 2479 110 2509 et
135 2478 268 2510 solvant
294 2481 325 2510 et
350 2487 424 2510 cum
450 2479 569 2510 effectu
596 2480 769 2510 numerent
795 2478 922 2509 eisdem
949 2478 1095 2508 dominis
1121 2477 1244 2508 Abbati
1271 2478 1301 2508 et
1327 2475 1510 2508 Canonicis
1537 2476 1670 2507 nomine
1708 2475 1785 2506 dicti
1824 2484 1894 2506 mo-

79 2541 213 2572 nasterii
240 2541 333 2581 ipsas
360 2540 466 2572 libras
491 2541 816 2581 sexagintaquatuor
842 2540 1024 2580 papienses
1050 2548 1110 2580 pro
1136 2539 1225 2571 dicta
1252 2539 1451 2570 vendicione
1471 2538 1626 2569 habenda
1645 2537 1686 2569 de
1705 2546 1771 2578 qua
1790 2546 1891 2577 supra

79 2603 111 2633 et
135 2602 316 2642 quominus
353 2603 461 2643 ipsam
496 2603 729 2634 vendicionem
768 2602 906 2641 recipiat
931 2603 961 2632 et
988 2601 1159 2641 recipiant.
1186 2599 1342 2632 Ceterum
1369 2609 1443 2632 cum
1471 2600 1501 2631 in
1527 2600 1593 2631 alio
1619 2598 1768 2639 capitulo
1805 2599 1892 2630 dicte

77 2665 259 2703 sentencie,
285 2665 382 2697 cuius
407 2667 502 2696 tenor
527 2673 629 2705 supra
656 2665 802 2696 insertus
827 2666 888 2701 est,
916 2664 1124 2695 contineatur
1150 2663 1241 2703 quod
1258 2670 1384 2700 murus,
1410 2663 1466 2702 qui
1494 2662 1645 2693 atriuma
1661 2661 1823 2693 cimiterio
1842 2661 1892 2692 di-

79 2726 226 2764 videbat,
252 2727 419 2758 reficiatur
443 2729 474 2758 et
500 2727 587 2758 refici
625 2726 746 2758 debeat
783 2725 983 2757 comunibus
1008 2725 1171 2765 expensis
1197 2725 1345 2765 parcium
1373 2724 1610 2765 predictarum,
1636 2724 1735 2764 prout
1761 2723 1791 2754 in
1819 2723 1892 2763 ipsa

79 2789 251 2821 sentencia
276 2791 306 2820 et
331 2789 479 2829 capitulo
505 2789 546 2820 de
571 2789 697 2829 quibus
733 2797 837 2828 supra
873 2788 1037 2819 seriosius
1070 2787 1280 2825 continetur;
1307 2795 1366 2827 pro
1392 2788 1484 2817 tanto
1510 2794 1550 2817 ne
1576 2785 1702 2817 eisdem
1729 2784 1834 2816 Priori
1862 2787 1892 2816 et

80 2850 238 2882 fratribus
263 2860 301 2882 ac
327 2851 416 2883 dicto
452 2860 566 2883 eorum
603 2851 735 2883 sindico
761 2852 791 2882 et
817 2850 1036 2890 procuratori,
1062 2849 1195 2880 nomine
1229 2849 1308 2880 dicti
1335 2848 1471 2889 capituli
1499 2850 1529 2879 et
1555 2849 1754 2884 conventus,
1780 2846 1892 2886 aliqua

79 2913 264 2944 occaxione
290 2913 480 2945 refectionis
505 2915 536 2945 et
561 2913 822 2945 constructionis
848 2913 926 2944 dicti
954 2911 1036 2942 muri
1074 2911 1182 2951 possit
1219 2910 1428 2951 negligencia
1466 2909 1632 2950 imputari,
1669 2909 1756 2940 idem
1795 2908 1893 2939 frater

79 2973 248 3007 Luchinus
273 2975 363 3007 dicto
388 2975 570 3007 sindicario
596 2977 627 3007 et
653 2975 883 3016 procuratorio
909 2974 1041 3005 nomine
1067 2972 1219 3005 similiter
1242 2973 1338 3011 dixit,
1365 2973 1539 3009 intimavit,
1554 2971 1815 3003 denunciavitet
1834 2979 1893 3001 no-

78 3037 218 3069 tificavit
243 3045 281 3068 ac
305 3037 395 3075 dicit,
422 3037 560 3076 intimat,
585 3037 766 3069 denunciat
791 3039 821 3068 et
847 3037 994 3068 notificat
1019 3044 1057 3067 ac
1084 3037 1198 3066 notum
1225 3034 1303 3066 fecit
1317 3036 1347 3066 et
1362 3034 1441 3066 facit
1459 3033 1638 3066 antedictis
1657 3033 1804 3064 dominis
1823 3031 1892 3063 Ab-

776 3126 796 3135 r
