2347 3444
925 410 1188 452 CCCXXI.

227 530 255 558 11
281 530 438 566 Collegio
464 530 520 559 dei
545 530 652 559 Notai
678 530 713 559 di
738 530 851 559 Pavia
876 530 910 558 fa
935 529 1114 566 adempire
1140 529 1173 557 in
1199 529 1234 558 S.
1261 528 1431 557 Mostiola
1456 537 1501 557 un
1526 528 1642 565 legato
1667 530 1949 558 testamentario.

777 652 931 685 1467,
959 652 1239 683 febl)rznio‚
1269 652 1321 676 7.

670 750 831 771 ‹ArchiNotan
848 750 870 771 di
887 750 965 771 Pavia.
981 761 1006 764 —
1022 749 1069 771 Atti
1085 750 1107 770 di
1123 749 1272 771 Bartoiomeo
1288 749 1416 774 Baracani).

251 945 297 1061 I
377 941 408 989 ’Ν
433 958 586 990 sacristia
612 958 752 989 ecclesie
778 960 892 989 sancte
920 958 1078 990 Mostiole
1104 957 1252 998 papie...
1279 958 1488 990 Venerabilis
1515 958 1565 989 vir
1589 958 1747 989 dominus
1765 957 1866 989 frater
1892 957 1957 989 Eu-

408 1021 559 1052 stacliius
585 1020 625 1051 de
652 1020 769 1057 Nocte,
795 1019 933 1052 Ordinis
971 1020 1107 1051 fratrum
1134 1020 1239 1052 sancti
1267 1019 1457 1061 Augustini,
1491 1028 1705 1051 commorans
1731 1020 1761 1050 in
1788 1021 1956 1051 conventu

165 1120 207 1121 ἡ
379 1105 380 1122 1
408 1083 639 1123 suprascripte
664 1083 807 1114 ecclesie
834 1085 949 1114 sancte
976 1082 1303 1114 Mustolle....r1'ceve
1327 1082 1385 1114 dai
1409 1082 1536 1114 consoli
1548 1081 1602 1113 del
1618 1081 1769 1122 Collegio
1787 1082 1841 1113 dei
1857 1082 1960 1113 Notat·

140 1146 175 1178 di
198 1146 305 1178 Pavia
341 1146 428 1177 soldi
463 1145 525 1177 due
561 1145 723 1186 impermli
726 1171 775 1176 .....
814 1154 874 1185 pro
913 1154 977 1176 una
1017 1145 1119 1177 missa
1157 1145 1324 1176 celebrata
1350 1145 1381 1175 in
1408 1146 1506 1176 cantu
1544 1154 1603 1185 per
1640 1145 1751 1185 ipsum
1784 1145 1956 1175 dominum

144 1209 277 1240 fratrem
304 1208 523 1240 Eustachium
562 1208 660 1239 hodie
698 1208 798 1247 paulo
831 1210 949 1239 ante...
976 1216 992 1238 e
1017 1207 1164 1239 ‹iiclziara
1185 1216 1265 1248 pure
1290 1207 1381 1247 quod
1408 1207 1527 1247 prefati
1554 1207 1679 1238 domini
1711 1206 1882 1239 Consules
1908 1208 1958 1238 (li-

142 1271 260 1303 stribui
298 1271 447 1302 fecerunt
485 1279 585 1301 unam
623 1270 846 1301 elemoxinam
885 1270 1046 1301 hodierno
1085 1278 1180 1301 mane
1207 1269 1247 1301 ad
1274 1270 1396 1300 dictam
1430 1269 1573 1301 ecclesia
1599 1278 1637 1301 ac
1664 1270 1770 1301 eciam
1796 1269 1956 1301 celebrari

145 1333 293 1365 fecerunt
320 1334 457 1365 missam
485 1334 526 1364 de
553 1342 620 1373 qua
646 1342 747 1373 supra
766 1342 841 1364 cum
860 1342 922 1364 suo
941 1332 1053 1364 officio
1072 1334 1287 1363 mortuorum.
1308 1332 1346 1363 Et
1365 1333 1425 1363 liec
1444 1333 1557 1363 omnia
1575 1341 1635 1372 pro
1653 1333 1764 1363 anima
1783 1332 1955 1372 quondam

147 1396 271 1427 domini
299 1395 465 1427 Laurentii
492 1395 532 1427 de
558 1392 607 1434 (in
633 1393 769 1435 blanco)
793 1392 854 1435 (l).

909 1577 1196 1618 CCCXXII.

234 1696 447 1724 Investitura
472 1696 507 1724 di
532 1704 599 1724 una
625 1704 709 1724 casa
736 1696 769 1723 in
795 1695 920 1729 Pavia‚
949 1704 1120 1724 concessa
1151 1696 1195 1724 da
1228 1696 1316 1724 frate
1342 1695 1524 1724 Gualtiero
1553 1696 1650 1724 Corti
1676 1696 1909 1724 Procuratore
1925 1696 1959 1724 di

147 1749 182 1778 S.
209 1749 396 1785 Agostino.

803 1844 958 1874 1467,
989 1850 1208 1875 nnat-zu,
1229 1843 1281 1868 3.

675 1941 751 1965 (Aren.
769 1941 849 1963 Notat.
866 1941 887 1962 di
905 1941 975 1963 Pavia
992 1953 1015 1955 —
1031 1941 1078 1962 Ani
1095 1942 1117 1962 di
1134 1941 1282 1962 Bartoiomeo
1299 1940 1428 1966 Gandello).

411 2209 526 2241 rabilis
552 2210 602 2240 vir
630 2209 787 2241 dominus
812 2209 912 2241 frater
937 2208 1131 2241 Gualterius
1156 2210 1197 2241 de
1223 2208 1325 2241 Curte
1361 2209 1513 2241 sindicus
1546 2210 1577 2241 et
1602 2210 1840 2249 pmcuraton...
1878 2217 1957 2240 con-

169 2306 231 2308 *A
310 2307 354 2308 W
370 2282 382 2308 γι
410 2274 531 2304 ventus
556 2274 588 2304 et
613 2273 804 2304 monasterii
830 2273 935 2304 sancti
963 2272 1141 2313 Augustini
1167 2271 1315 2312 Papie....
1341 2271 1384 2303 dez
1409 2272 1598 2303 investitura
1622 2271 1803 2302 novennale
1828 2280 1848 2302 α
1873 2270 1957 2303 Bar-

145 2333 284 2365 tolomeo
320 2334 359 2366 de
394 2334 506 2375 Burgo
531 2334 566 2366 di
589 2343 654 2366 una
679 2343 760 2366 casa
784 2335 815 2366 in
843 2334 931 2366 detta
956 2334 1164 2371 Parroccffla,
1203 2335 1255 2365 cui
1294 2334 1429 2365 coheret
1454 2334 1496 2365 ab
1523 2342 1588 2365 una
1622 2334 1715 2374 parte
1740 2334 1843 2365 strata
1869 2332 1957 2366 Rua-

146 2395 249 2434 leche,
274 2396 317 2428 ab
342 2405 407 2428 una
444 2396 521 2428 allia
558 2399 651 2438 parte
688 2395 790 2429 Curia
816 2397 1056 2429 Merzariorum
1083 2396 1197 2437 Papie,
1224 2396 1266 2428 ab
1293 2405 1358 2428 una
1383 2396 1459 2427 allia
1486 2397 1578 2436 parte
1605 2396 1762 2427 dominus
1788 2395 1954 2427 lohannes

146 2456 312 2490 Antonius
337 2458 378 2490 de
404 2458 573 2490 Furnariis
599 2461 630 2490 et
644 2459 686 2490 ab
702 2458 779 2491 allia
795 2458 961 2490 lohannes
979 2458 1020 2490 de
1040 2457 1213 2499 Rampinis
1228 2455 1322 2498 (2)....
1344 2466 1406 2498 per
1427 2457 1448 2489 l'
1462 2457 1570 2498 affitto
1588 2457 1731 2489 annuale
1744 2457 1899 2498 difiort'ni
1918 2458 1959 2490 10

143 2519 186 2551 da
206 2521 347 2561 pagarsi
370 2521 401 2552 in
427 2521 489 2552 dne
525 2523 603 2559 rate,
631 2522 661 2552 in
689 2522 855 2562 principio
891 2521 1118 2561 quorumlibet
1155 2529 1216 2552 sex
1256 2521 1432 2558 mensium,
1458 2522 1488 2552 et
1515 2529 1574 2560 par
1600 2529 1701 2551 unum
1728 2529 1895 2560 caponum
1922 2520 1953 2551 in

144 2582 352 2622 quibuslibet
377 2583 527 2615 calendis
553 2583 765 2624 septembris.

382 2111 383 2128 l

160 2086 164 2164 ⁴
250 2133 298 2249 I
388 2151 412 2177 N
437 2154 518 2178 casa
542 2146 578 2177 di
602 2145 812 2177 Bartolomeo
838 2146 878 2177 de
903 2146 1022 2186 Burgo,
1050 2147 1081 2177 in
1107 2145 1306 2178 Parrocclzia
1324 2147 1359 2178 di
1371 2145 1404 2179 S.
1422 2145 1558 2187 Giorgio
1576 2147 1607 2178 in
1624 2146 1829 2178 Fenarolo....
1849 2146 1957 2178 Vene-

199 2749 229 2773 (1)
244 2747 367 2769 Crediamo
389 2749 430 2770 che
452 2749 486 2770 sia
508 2750 571 2770 stato
594 2755 687 2770 omesso
703 2750 717 2770 il
732 2751 813 2771 casato
829 2750 857 2770 (Ic
873 2749 1017 2773 Pcisturinisr
1127 2748 1157 2771 (2)
1173 2742 1189 2769 Ε
1207 2748 1228 2769 la
1243 2754 1306 2773 casa,
1322 2748 1344 2768 di
1360 2748 1396 2769 cui
1412 2748 1424 2769 ὲ
1440 2753 1513 2769 cenno
1529 2748 1564 2769 nel
1580 2748 1631 2769 doci
1648 2754 1669 2768 n.
1687 2748 1763 2772 ΕΧΧΙ,
1781 2748 1808 2768 cd
1825 2748 1846 2768 in
1858 2748 1950 2774 seguiio

147 2797 212 2813 come
227 2792 244 2812 si
261 2792 308 2817 pub
324 2792 444 2814 desumere
460 2793 497 2814 dal
513 2793 564 2814 doc.
580 2799 601 2814 n.
618 2793 736 2815 CCXCVII
1076 2793 1110 2813 nei
1127 2792 1259 2814 documenti
1275 2792 1311 2814 del
1327 2793 1412 2819 giugno
1428 2798 1439 2813 e
1455 2793 1525 2819 lnglio
1541 2793 1577 2813 dcl
1595 2793 1652 2814 1470.
