<?xml version="1.0" encoding="UTF-8"?>
<!DOCTYPE html PUBLIC "-//W3C//DTD XHTML 1.0 Transitional//EN"
    "http://www.w3.org/TR/xhtml1/DTD/xhtml1-transitional.dtd">
<html xmlns="http://www.w3.org/1999/xhtml" xml:lang="en" lang="en">
 <head>
  <title>
</title>
<meta http-equiv="Content-Type" content="text/html;charset=utf-8" />
  <meta name='ocr-system' content='tesseract 3.04.00' />
  <meta name='ocr-capabilities' content='ocr_page ocr_carea ocr_par ocr_line ocrx_word'/>
</head>
<body>
  <div class='ocr_page' id='page_1' title='image "./codexdiplomaticu02maiouoft_0394.png"; bbox 0 0 2347 3444; ppageno 0'>
   <div class='ocr_carea' id='block_1_1' title="bbox 318 201 382 232">
    <p class='ocr_par' dir='ltr' id='par_1_1' title="bbox 318 201 382 232">
     <span class='ocr_line' id='line_1_1' title="bbox 318 201 382 232; baseline 0 0"><span class='ocrx_word' id='word_1_1' title='bbox 318 201 382 232; x_wconf 84' lang='lat'>330</span> 
     </span>
    </p>
   </div>
   <div class='ocr_carea' id='block_1_2' title="bbox 316 336 2132 943">
    <p class='ocr_par' dir='ltr' id='par_1_2' title="bbox 316 336 2132 810">
     <span class='ocr_line' id='line_1_2' title="bbox 316 336 2131 383; baseline 0.006 -18"><span class='ocrx_word' id='word_1_2' title='bbox 316 337 346 365; x_wconf 82' lang='lat' dir='ltr'>et</span> <span class='ocrx_word' id='word_1_3' title='bbox 373 344 531 376; x_wconf 80' lang='lat' dir='ltr'>rogamus</span> <span class='ocrx_word' id='word_1_4' title='bbox 558 336 785 369; x_wconf 80' lang='lat' dir='ltr'>Reverendam</span> <span class='ocrx_word' id='word_1_5' title='bbox 814 337 1048 371; x_wconf 80' lang='lat' dir='ltr'>Paternitatem</span> <span class='ocrx_word' id='word_1_6' title='bbox 1076 344 1231 377; x_wconf 87' lang='lat' dir='ltr'>vestram,</span> <span class='ocrx_word' id='word_1_7' title='bbox 1259 344 1291 371; x_wconf 92' lang='lat' dir='ltr'>ut</span> <span class='ocrx_word' id='word_1_8' title='bbox 1317 341 1423 372; x_wconf 89' lang='lat' dir='ltr'>eidem</span> <span class='ocrx_word' id='word_1_9' title='bbox 1463 341 1501 373; x_wconf 90' lang='lat' dir='ltr'>D.</span> <span class='ocrx_word' id='word_1_10' title='bbox 1529 341 1694 383; x_wconf 87' lang='lat' dir='ltr'>Magistro</span> <span class='ocrx_word' id='word_1_11' title='bbox 1729 342 1910 375; x_wconf 86' lang='lat' dir='ltr'>Benedicto</span> <span class='ocrx_word' id='word_1_12' title='bbox 1947 345 2131 376; x_wconf 82' lang='lat' dir='ltr'>committat</span> 
     </span>
     <span class='ocr_line' id='line_1_3' title="bbox 317 398 2130 447; baseline 0.006 -20"><span class='ocrx_word' id='word_1_13' title='bbox 317 400 347 428; x_wconf 92' lang='lat' dir='ltr'>et</span> <span class='ocrx_word' id='word_1_14' title='bbox 373 398 583 439; x_wconf 89' lang='lat' dir='ltr'>subdelleget</span> <span class='ocrx_word' id='word_1_15' title='bbox 610 408 728 431; x_wconf 91' lang='lat' dir='ltr'>omnes</span> <span class='ocrx_word' id='word_1_16' title='bbox 753 402 825 432; x_wconf 90' lang='lat' dir='ltr'>eius</span> <span class='ocrx_word' id='word_1_17' title='bbox 852 402 943 433; x_wconf 86' lang='lat' dir='ltr'>vices</span> <span class='ocrx_word' id='word_1_18' title='bbox 969 411 1028 442; x_wconf 84' lang='lat' dir='ltr'>pro</span> <span class='ocrx_word' id='word_1_19' title='bbox 1055 403 1317 442; x_wconf 83' lang='lat' dir='ltr'>provixionibus</span> <span class='ocrx_word' id='word_1_20' title='bbox 1344 403 1464 434; x_wconf 89' lang='lat' dir='ltr'>fiendis</span> <span class='ocrx_word' id='word_1_21' title='bbox 1491 404 1521 435; x_wconf 93' lang='lat' dir='ltr'>in</span> <span class='ocrx_word' id='word_1_22' title='bbox 1541 404 1629 435; x_wconf 88' lang='lat' dir='ltr'>dicto</span> <span class='ocrx_word' id='word_1_23' title='bbox 1657 406 1860 436; x_wconf 88' lang='lat' dir='ltr'>monasterio</span> <span class='ocrx_word' id='word_1_24' title='bbox 1879 408 1944 437; x_wconf 90' lang='lat' dir='ltr'>tam</span> <span class='ocrx_word' id='word_1_25' title='bbox 1964 406 2004 437; x_wconf 90' lang='lat' dir='ltr'>de</span> <span class='ocrx_word' id='word_1_26' title='bbox 2022 407 2130 447; x_wconf 89' lang='lat' dir='ltr'>capite</span> 
     </span>
     <span class='ocr_line' id='line_1_4' title="bbox 317 461 2130 507; baseline 0.006 -17"><span class='ocrx_word' id='word_1_27' title='bbox 317 469 416 499; x_wconf 79' lang='lat' dir='ltr'>quam</span> <span class='ocrx_word' id='word_1_28' title='bbox 444 461 483 491; x_wconf 92' lang='lat' dir='ltr'>de</span> <span class='ocrx_word' id='word_1_29' title='bbox 511 462 678 499; x_wconf 85' lang='lat' dir='ltr'>membris,</span> <span class='ocrx_word' id='word_1_30' title='bbox 706 472 744 494; x_wconf 89' lang='lat' dir='ltr'>ne</span> <span class='ocrx_word' id='word_1_31' title='bbox 770 465 941 504; x_wconf 76' lang='lat' dir='ltr'>contingat</span> <span class='ocrx_word' id='word_1_32' title='bbox 966 473 983 495; x_wconf 80' lang='lat' dir='ltr'>a</span> <span class='ocrx_word' id='word_1_33' title='bbox 1010 465 1099 495; x_wconf 87' lang='lat' dir='ltr'>dicto</span> <span class='ocrx_word' id='word_1_34' title='bbox 1126 463 1164 495; x_wconf 90' lang='lat' dir='ltr'>D.</span> <span class='ocrx_word' id='word_1_35' title='bbox 1193 464 1393 496; x_wconf 77' lang='lat' dir='ltr'>Provinciali</span> <span class='ocrx_word' id='word_1_36' title='bbox 1428 474 1493 496; x_wconf 92' lang='lat' dir='ltr'>rem</span> <span class='ocrx_word' id='word_1_37' title='bbox 1533 467 1696 507; x_wconf 80' lang='lat' dir='ltr'>inceptam</span> <span class='ocrx_word' id='word_1_38' title='bbox 1734 468 1873 499; x_wconf 81' lang='lat' dir='ltr'>deficere</span> <span class='ocrx_word' id='word_1_39' title='bbox 1898 469 1940 499; x_wconf 90' lang='lat' dir='ltr'>ad</span> <span class='ocrx_word' id='word_1_40' title='bbox 1966 469 2130 500; x_wconf 88' lang='lat' dir='ltr'>contraria</span> 
     </span>
     <span class='ocr_line' id='line_1_5' title="bbox 318 524 2132 571; baseline 0.005 -18"><span class='ocrx_word' id='word_1_41' title='bbox 318 526 406 559; x_wconf 81' lang='lat' dir='ltr'>vota,</span> <span class='ocrx_word' id='word_1_42' title='bbox 433 524 511 564; x_wconf 81' lang='lat' dir='ltr'>quia</span> <span class='ocrx_word' id='word_1_43' title='bbox 538 528 614 556; x_wconf 90' lang='lat' dir='ltr'>tunc</span> <span class='ocrx_word' id='word_1_44' title='bbox 634 535 698 556; x_wconf 84' lang='lat' dir='ltr'>non</span> <span class='ocrx_word' id='word_1_45' title='bbox 720 526 802 557; x_wconf 86' lang='lat' dir='ltr'>bene</span> <span class='ocrx_word' id='word_1_46' title='bbox 828 530 916 557; x_wconf 84' lang='lat' dir='ltr'>esset</span> <span class='ocrx_word' id='word_1_47' title='bbox 944 530 1158 567; x_wconf 85' lang='lat' dir='ltr'>prospectum</span> <span class='ocrx_word' id='word_1_48' title='bbox 1184 530 1215 558; x_wconf 91' lang='lat' dir='ltr'>et</span> <span class='ocrx_word' id='word_1_49' title='bbox 1240 528 1430 558; x_wconf 89' lang='lat' dir='ltr'>consultum</span> <span class='ocrx_word' id='word_1_50' title='bbox 1459 529 1521 568; x_wconf 92' lang='lat' dir='ltr'>ipsi</span> <span class='ocrx_word' id='word_1_51' title='bbox 1549 529 1699 568; x_wconf 89' lang='lat' dir='ltr'>predicto</span> <span class='ocrx_word' id='word_1_52' title='bbox 1726 531 1941 568; x_wconf 80' lang='lat' dir='ltr'>monasterio,</span> <span class='ocrx_word' id='word_1_53' title='bbox 1960 531 2051 571; x_wconf 82' lang='lat' dir='ltr'>quod</span> <span class='ocrx_word' id='word_1_54' title='bbox 2071 530 2132 563; x_wconf 77' lang='lat' dir='ltr'>Re-</span> 
     </span>
     <span class='ocr_line' id='line_1_6' title="bbox 317 586 2128 630; baseline 0.004 -15"><span class='ocrx_word' id='word_1_55' title='bbox 317 586 558 617; x_wconf 85' lang='lat' dir='ltr'>verendissime</span> <span class='ocrx_word' id='word_1_56' title='bbox 586 586 776 618; x_wconf 77' lang='lat' dir='ltr'>Paternitati</span> <span class='ocrx_word' id='word_1_57' title='bbox 806 592 913 618; x_wconf 76' lang='lat' dir='ltr'>vestre</span> <span class='ocrx_word' id='word_1_58' title='bbox 950 589 1244 623; x_wconf 79' lang='lat' dir='ltr'>commendamus.</span> <span class='ocrx_word' id='word_1_59' title='bbox 1282 592 1457 629; x_wconf 77' lang='lat' dir='ltr'>sperantes</span> <span class='ocrx_word' id='word_1_60' title='bbox 1495 599 1552 630; x_wconf 90' lang='lat' dir='ltr'>per</span> <span class='ocrx_word' id='word_1_61' title='bbox 1588 591 1728 622; x_wconf 88' lang='lat' dir='ltr'>eandem</span> <span class='ocrx_word' id='word_1_62' title='bbox 1766 590 1912 623; x_wconf 90' lang='lat' dir='ltr'>futurum</span> <span class='ocrx_word' id='word_1_63' title='bbox 1940 594 1974 623; x_wconf 92' lang='lat' dir='ltr'>ut</span> <span class='ocrx_word' id='word_1_64' title='bbox 2000 591 2072 623; x_wconf 85' lang='lat' dir='ltr'>Deo</span> <span class='ocrx_word' id='word_1_65' title='bbox 2098 593 2128 623; x_wconf 90' lang='lat' dir='ltr'>in</span> 
     </span>
     <span class='ocr_line' id='line_1_7' title="bbox 316 650 2130 689; baseline 0.003 -10"><span class='ocrx_word' id='word_1_66' title='bbox 316 650 431 689; x_wconf 90' lang='lat' dir='ltr'>primis</span> <span class='ocrx_word' id='word_1_67' title='bbox 458 650 592 681; x_wconf 85' lang='lat' dir='ltr'>debitus</span> <span class='ocrx_word' id='word_1_68' title='bbox 619 651 725 681; x_wconf 72' lang='lat' dir='ltr'>bonor</span> <span class='ocrx_word' id='word_1_69' title='bbox 752 650 913 681; x_wconf 79' lang='lat' dir='ltr'>habeatur</span> <span class='ocrx_word' id='word_1_70' title='bbox 939 653 968 681; x_wconf 92' lang='lat' dir='ltr'>et</span> <span class='ocrx_word' id='word_1_71' title='bbox 996 651 1120 681; x_wconf 89' lang='lat' dir='ltr'>nostris</span> <span class='ocrx_word' id='word_1_72' title='bbox 1145 652 1267 682; x_wconf 81' lang='lat' dir='ltr'>animis</span> <span class='ocrx_word' id='word_1_73' title='bbox 1294 651 1377 682; x_wconf 90' lang='lat' dir='ltr'>bene</span> <span class='ocrx_word' id='word_1_74' title='bbox 1417 652 1623 683; x_wconf 81' lang='lat' dir='ltr'>consulatur.</span> <span class='ocrx_word' id='word_1_75' title='bbox 1657 652 1729 684; x_wconf 87' lang='lat' dir='ltr'>Nos</span> <span class='ocrx_word' id='word_1_76' title='bbox 1765 656 1874 684; x_wconf 85' lang='lat' dir='ltr'>autem</span> <span class='ocrx_word' id='word_1_77' title='bbox 1902 662 1937 685; x_wconf 90' lang='lat' dir='ltr'>se</span> <span class='ocrx_word' id='word_1_78' title='bbox 1962 663 2130 685; x_wconf 87' lang='lat' dir='ltr'>commen-</span> 
     </span>
     <span class='ocr_line' id='line_1_8' title="bbox 317 711 2131 754; baseline 0.003 -12"><span class='ocrx_word' id='word_1_79' title='bbox 317 712 436 743; x_wconf 86' lang='lat' dir='ltr'>damus</span> <span class='ocrx_word' id='word_1_80' title='bbox 462 713 672 744; x_wconf 82' lang='lat' dir='ltr'>orationibus</span> <span class='ocrx_word' id='word_1_81' title='bbox 700 712 891 745; x_wconf 74' lang='lat' dir='ltr'>Reverende</span> <span class='ocrx_word' id='word_1_82' title='bbox 919 711 1132 744; x_wconf 77' lang='lat' dir='ltr'>Paternitatis</span> <span class='ocrx_word' id='word_1_83' title='bbox 1158 713 1284 744; x_wconf 88' lang='lat' dir='ltr'>Vestre.</span> <span class='ocrx_word' id='word_1_84' title='bbox 1312 712 1426 754; x_wconf 76' lang='lat' dir='ltr'>Papie‚</span> <span class='ocrx_word' id='word_1_85' title='bbox 1452 715 1505 745; x_wconf 90' lang='lat' dir='ltr'>die</span> <span class='ocrx_word' id='word_1_86' title='bbox 1532 715 1647 745; x_wconf 90' lang='lat' dir='ltr'>ultimo</span> <span class='ocrx_word' id='word_1_87' title='bbox 1673 715 1832 751; x_wconf 80' lang='lat' dir='ltr'>octobris.</span> <span class='ocrx_word' id='word_1_88' title='bbox 1855 716 1947 748; x_wconf 79' lang='lat'>1494.</span> <span class='ocrx_word' id='word_1_89' title='bbox 1967 716 2131 748; x_wconf 83' lang='lat' dir='ltr'>lohannes</span> 
     </span>
     <span class='ocr_line' id='line_1_9' title="bbox 319 774 551 810; baseline 0 -5"><span class='ocrx_word' id='word_1_90' title='bbox 319 774 445 810; x_wconf 78' lang='lat' dir='ltr'>Petrus.</span> <span class='ocrx_word' id='word_1_91' title='bbox 473 775 551 806; x_wconf 75' lang='lat' dir='ltr'>Azo.</span> 
     </span>
    </p>

    <p class='ocr_par' dir='ltr' id='par_1_3' title="bbox 318 836 2131 943">
     <span class='ocr_line' id='line_1_10' title="bbox 406 836 2129 881; baseline 0.002 -13"><span class='ocrx_word' id='word_1_92' title='bbox 406 837 442 868; x_wconf 83' lang='grc' dir='ltr'>Α.</span> <span class='ocrx_word' id='word_1_93' title='bbox 470 837 506 868; x_wconf 92' lang='grc' dir='ltr'>Τ.</span> <span class='ocrx_word' id='word_1_94' title='bbox 536 837 730 869; x_wconf 76' lang='lat' dir='ltr'>Reverendo</span> <span class='ocrx_word' id='word_1_95' title='bbox 758 838 787 868; x_wconf 90' lang='lat' dir='ltr'>in</span> <span class='ocrx_word' id='word_1_96' title='bbox 815 836 951 869; x_wconf 79' lang='lat' dir='ltr'>Christo</span> <span class='ocrx_word' id='word_1_97' title='bbox 977 840 1007 868; x_wconf 90' lang='lat' dir='ltr'>et</span> <span class='ocrx_word' id='word_1_98' title='bbox 1034 836 1209 869; x_wconf 84' lang='lat' dir='ltr'>Sacrarum</span> <span class='ocrx_word' id='word_1_99' title='bbox 1238 838 1431 870; x_wconf 84' lang='lat' dir='ltr'>Litterarum</span> <span class='ocrx_word' id='word_1_100' title='bbox 1470 839 1598 870; x_wconf 91' lang='lat' dir='ltr'>doctori</span> <span class='ocrx_word' id='word_1_101' title='bbox 1626 839 1665 871; x_wconf 91' lang='lat' dir='ltr'>D.</span> <span class='ocrx_word' id='word_1_102' title='bbox 1692 841 1852 881; x_wconf 88' lang='lat' dir='ltr'>magistro</span> <span class='ocrx_word' id='word_1_103' title='bbox 1891 840 2051 872; x_wconf 81' lang='lat' dir='ltr'>Anselmo</span> <span class='ocrx_word' id='word_1_104' title='bbox 2088 841 2129 872; x_wconf 90' lang='lat' dir='ltr'>de</span> 
     </span>
     <span class='ocr_line' id='line_1_11' title="bbox 318 898 2131 943; baseline 0.002 -13"><span class='ocrx_word' id='word_1_105' title='bbox 318 900 546 931; x_wconf 64' lang='lat' dir='ltr'>M=›ntefalcli‹i</span> <span class='ocrx_word' id='word_1_106' title='bbox 574 900 681 930; x_wconf 80' lang='lat' dir='ltr'>tocius</span> <span class='ocrx_word' id='word_1_107' title='bbox 707 898 845 931; x_wconf 79' lang='lat' dir='ltr'>Ordinis</span> <span class='ocrx_word' id='word_1_108' title='bbox 872 899 1113 931; x_wconf 81' lang='lat' dir='ltr'>Hercmitarum</span> <span class='ocrx_word' id='word_1_109' title='bbox 1141 901 1245 931; x_wconf 82' lang='lat' dir='ltr'>sancti</span> <span class='ocrx_word' id='word_1_110' title='bbox 1274 900 1453 941; x_wconf 80' lang='lat' dir='ltr'>Augustini</span> <span class='ocrx_word' id='word_1_111' title='bbox 1482 900 1586 932; x_wconf 81' lang='lat' dir='ltr'>Priori</span> <span class='ocrx_word' id='word_1_112' title='bbox 1621 901 1776 934; x_wconf 86' lang='lat' dir='ltr'>Generali</span> <span class='ocrx_word' id='word_1_113' title='bbox 1815 905 1988 943; x_wconf 81' lang='lat' dir='ltr'>perpetuo,</span> <span class='ocrx_word' id='word_1_114' title='bbox 2015 904 2131 934; x_wconf 86' lang='lat' dir='ltr'>maiori</span> 
     </span>
    </p>
   </div>
   <div class='ocr_carea' id='block_1_3' title="bbox 315 963 612 994">
    <p class='ocr_par' dir='ltr' id='par_1_4' title="bbox 315 963 612 994">
     <span class='ocr_line' id='line_1_12' title="bbox 315 963 612 994; baseline -0.003 0"><span class='ocrx_word' id='word_1_115' title='bbox 315 973 377 994; x_wconf 73' lang='lat' dir='ltr'>sus»</span> <span class='ocrx_word' id='word_1_116' title='bbox 405 964 421 993; x_wconf 82' lang='lat' dir='ltr'>li</span> <span class='ocrx_word' id='word_1_117' title='bbox 440 963 612 993; x_wconf 70' lang='lat' dir='ltr'>›nm-ando.</span> 
     </span>
    </p>
   </div>
   <div class='ocr_carea' id='block_1_4' title="bbox 1145 1111 1295 1151">
    <p class='ocr_par' dir='ltr' id='par_1_5' title="bbox 1145 1111 1295 1151">
     <span class='ocr_line' id='line_1_13' title="bbox 1145 1111 1295 1151; baseline 0 -1"><span class='ocrx_word' id='word_1_118' title='bbox 1145 1111 1295 1151; x_wconf 79' lang='lat' dir='ltr'>DXC.</span> 
     </span>
    </p>
   </div>
   <div class='ocr_carea' id='block_1_5' title="bbox 402 1219 2130 1251">
    <p class='ocr_par' dir='ltr' id='par_1_6' title="bbox 402 1219 2130 1251">
     <span class='ocr_line' id='line_1_14' title="bbox 402 1219 2130 1251; baseline 0.003 -5"><span class='ocrx_word' id='word_1_119' title='bbox 402 1219 428 1246; x_wconf 90' lang='lat'>11</span> <span class='ocrx_word' id='word_1_120' title='bbox 455 1219 688 1247; x_wconf 83' lang='lat' dir='ltr'>Procuratore</span> <span class='ocrx_word' id='word_1_121' title='bbox 715 1219 748 1247; x_wconf 88' lang='lat' dir='ltr'>di</span> <span class='ocrx_word' id='word_1_122' title='bbox 775 1220 809 1247; x_wconf 92' lang='lat' dir='ltr'>S.</span> <span class='ocrx_word' id='word_1_123' title='bbox 853 1220 1021 1247; x_wconf 84' lang='lat' dir='ltr'>Mostiola</span> <span class='ocrx_word' id='word_1_124' title='bbox 1058 1220 1176 1248; x_wconf 80' lang='lat' dir='ltr'>riceve</span> <span class='ocrx_word' id='word_1_125' title='bbox 1213 1221 1307 1248; x_wconf 87' lang='lat' dir='ltr'>dalle</span> <span class='ocrx_word' id='word_1_126' title='bbox 1345 1221 1517 1249; x_wconf 80' lang='lat' dir='ltr'>Monache</span> <span class='ocrx_word' id='word_1_127' title='bbox 1555 1221 1588 1249; x_wconf 90' lang='lat' dir='ltr'>di</span> <span class='ocrx_word' id='word_1_128' title='bbox 1616 1221 1650 1249; x_wconf 92' lang='lat' dir='ltr'>S.</span> <span class='ocrx_word' id='word_1_129' title='bbox 1690 1222 1803 1250; x_wconf 80' lang='lat' dir='ltr'>Maria</span> <span class='ocrx_word' id='word_1_130' title='bbox 1837 1223 1929 1251; x_wconf 87' lang='lat' dir='ltr'>delle</span> <span class='ocrx_word' id='word_1_131' title='bbox 1955 1223 2080 1251; x_wconf 86' lang='lat' dir='ltr'>Caccie</span> <span class='ocrx_word' id='word_1_132' title='bbox 2107 1223 2130 1251; x_wconf 91' lang='lat' dir='ltr'>il</span> 
     </span>
    </p>
   </div>
   <div class='ocr_carea' id='block_1_6' title="bbox 314 1282 717 1310">
    <p class='ocr_par' dir='ltr' id='par_1_7' title="bbox 314 1282 717 1310">
     <span class='ocr_line' id='line_1_15' title="bbox 314 1282 717 1310; baseline 0.002 -1"><span class='ocrx_word' id='word_1_133' title='bbox 314 1282 413 1309; x_wconf 72' lang='lat' dir='ltr'>saldo</span> <span class='ocrx_word' id='word_1_134' title='bbox 440 1282 474 1309; x_wconf 87' lang='lat' dir='ltr'>di</span> <span class='ocrx_word' id='word_1_135' title='bbox 500 1291 544 1309; x_wconf 86' lang='lat' dir='ltr'>un</span> <span class='ocrx_word' id='word_1_136' title='bbox 570 1282 717 1310; x_wconf 84' lang='lat' dir='ltr'>credito.</span> 
     </span>
    </p>
   </div>
   <div class='ocr_carea' id='block_1_7' title="bbox 920 1388 1522 1419">
    <p class='ocr_par' dir='ltr' id='par_1_8' title="bbox 920 1388 1522 1419">
     <span class='ocr_line' id='line_1_16' title="bbox 920 1388 1522 1419; baseline 0.003 -7"><span class='ocrx_word' id='word_1_137' title='bbox 920 1388 1068 1418; x_wconf 70' lang='lat'>1494,</span> <span class='ocrx_word' id='word_1_138' title='bbox 1101 1396 1116 1413; x_wconf 66' lang='lat' dir='ltr'>c</span> <span class='ocrx_word' id='word_1_139' title='bbox 1123 1388 1158 1413; x_wconf 80' lang='lat' dir='ltr'>li</span> <span class='ocrx_word' id='word_1_140' title='bbox 1165 1390 1417 1419; x_wconf 69' lang='lat' dir='ltr'>ee1111)re‚</span> <span class='ocrx_word' id='word_1_141' title='bbox 1446 1389 1522 1414; x_wconf 83' lang='lat'>19.</span> 
     </span>
    </p>
   </div>
   <div class='ocr_carea' id='block_1_8' title="bbox 809 1476 1628 1502">
    <p class='ocr_par' dir='ltr' id='par_1_9' title="bbox 809 1476 1628 1502">
     <span class='ocr_line' id='line_1_17' title="bbox 809 1476 1628 1502; baseline 0.002 -6"><span class='ocrx_word' id='word_1_142' title='bbox 809 1476 886 1496; x_wconf 71' lang='lat' dir='ltr'>(Arcu.</span> <span class='ocrx_word' id='word_1_143' title='bbox 905 1476 984 1497; x_wconf 74' lang='lat' dir='ltr'>Notar.</span> <span class='ocrx_word' id='word_1_144' title='bbox 1002 1476 1023 1496; x_wconf 84' lang='lat' dir='ltr'>di</span> <span class='ocrx_word' id='word_1_145' title='bbox 1042 1476 1111 1496; x_wconf 74' lang='lat' dir='ltr'>Pavin</span> <span class='ocrx_word' id='word_1_146' title='bbox 1128 1487 1151 1489; x_wconf 86' lang='lat'>—-</span> <span class='ocrx_word' id='word_1_147' title='bbox 1169 1477 1216 1497; x_wconf 84' lang='lat' dir='ltr'>Atti</span> <span class='ocrx_word' id='word_1_148' title='bbox 1233 1477 1254 1497; x_wconf 87' lang='lat' dir='ltr'>di</span> <span class='ocrx_word' id='word_1_149' title='bbox 1272 1477 1329 1498; x_wconf 73' lang='lat' dir='ltr'>(jinn</span> <span class='ocrx_word' id='word_1_150' title='bbox 1346 1477 1457 1497; x_wconf 77' lang='lat' dir='ltr'>Gincomo</span> <span class='ocrx_word' id='word_1_151' title='bbox 1473 1477 1628 1502; x_wconf 61' lang='lat' dir='ltr'>Glaviinssgss),</span> 
     </span>
    </p>
   </div>
   <div class='ocr_carea' id='block_1_9' title="bbox 309 1647 2134 2588">
    <p class='ocr_par' dir='ltr' id='par_1_10' title="bbox 418 1647 2134 1779">
     <span class='ocr_line' id='line_1_18' title="bbox 418 1647 2134 1763; baseline 0.001 -58"><span class='ocrx_word' id='word_1_152' title='bbox 418 1647 465 1763; x_wconf 89' lang='grc' dir='ltr'>Ι</span> <span class='ocrx_word' id='word_1_153' title='bbox 558 1679 580 1705; x_wconf 86' lang='grc' dir='ltr'>Ν</span> <span class='ocrx_word' id='word_1_154' title='bbox 607 1675 714 1715; x_wconf 92' lang='lat' dir='ltr'>primo</span> <span class='ocrx_word' id='word_1_155' title='bbox 739 1675 885 1706; x_wconf 86' lang='lat' dir='ltr'>claustro</span> <span class='ocrx_word' id='word_1_156' title='bbox 923 1674 1123 1715; x_wconf 84' lang='lat' dir='ltr'>infrascripti</span> <span class='ocrx_word' id='word_1_157' title='bbox 1162 1675 1354 1706; x_wconf 90' lang='lat' dir='ltr'>monasterii</span> <span class='ocrx_word' id='word_1_158' title='bbox 1393 1677 1505 1706; x_wconf 88' lang='lat' dir='ltr'>sancte</span> <span class='ocrx_word' id='word_1_159' title='bbox 1544 1675 1715 1713; x_wconf 85' lang='lat' dir='ltr'>Mustiole‚</span> <span class='ocrx_word' id='word_1_160' title='bbox 1741 1676 1806 1706; x_wconf 88' lang='lat' dir='ltr'>sito</span> <span class='ocrx_word' id='word_1_161' title='bbox 1844 1675 1874 1706; x_wconf 90' lang='lat' dir='ltr'>in</span> <span class='ocrx_word' id='word_1_162' title='bbox 1902 1674 2001 1706; x_wconf 83' lang='lat' dir='ltr'>Porta</span> <span class='ocrx_word' id='word_1_163' title='bbox 2027 1674 2059 1707; x_wconf 87' lang='lat' dir='ltr'>S.</span> <span class='ocrx_word' id='word_1_164' title='bbox 2085 1675 2134 1707; x_wconf 94' lang='lat' dir='ltr'>lo-</span> 
     </span>
     <span class='ocr_line' id='line_1_19' title="bbox 580 1736 2131 1779; baseline 0.001 -11"><span class='ocrx_word' id='word_1_165' title='bbox 580 1738 710 1775; x_wconf 82' lang='lat' dir='ltr'>bannis,</span> <span class='ocrx_word' id='word_1_166' title='bbox 738 1737 767 1768; x_wconf 88' lang='lat' dir='ltr'>in</span> <span class='ocrx_word' id='word_1_167' title='bbox 797 1736 959 1768; x_wconf 72' lang='lat' dir='ltr'>parocbia</span> <span class='ocrx_word' id='word_1_168' title='bbox 986 1737 1090 1768; x_wconf 88' lang='lat' dir='ltr'>sancti</span> <span class='ocrx_word' id='word_1_169' title='bbox 1119 1736 1248 1777; x_wconf 82' lang='lat' dir='ltr'>Filipi...</span> <span class='ocrx_word' id='word_1_170' title='bbox 1275 1737 1484 1769; x_wconf 85' lang='lat' dir='ltr'>Venerabilis</span> <span class='ocrx_word' id='word_1_171' title='bbox 1503 1738 1552 1768; x_wconf 90' lang='lat' dir='ltr'>vir</span> <span class='ocrx_word' id='word_1_172' title='bbox 1570 1738 1728 1769; x_wconf 90' lang='lat' dir='ltr'>dominus</span> <span class='ocrx_word' id='word_1_173' title='bbox 1745 1737 1844 1769; x_wconf 89' lang='lat' dir='ltr'>frater</span> <span class='ocrx_word' id='word_1_174' title='bbox 1863 1737 2073 1779; x_wconf 79' lang='lat' dir='ltr'>Augustinus</span> <span class='ocrx_word' id='word_1_175' title='bbox 2091 1739 2131 1770; x_wconf 92' lang='lat' dir='ltr'>de</span> 
     </span>
    </p>

    <p class='ocr_par' dir='ltr' id='par_1_11' title="bbox 579 1799 2132 1840">
     <span class='ocr_line' id='line_1_20' title="bbox 579 1799 2132 1840; baseline 0.001 -9"><span class='ocrx_word' id='word_1_176' title='bbox 579 1800 608 1831; x_wconf 89' lang='lat' dir='ltr'>la</span> <span class='ocrx_word' id='word_1_177' title='bbox 647 1799 795 1831; x_wconf 82' lang='lat' dir='ltr'>Ecclesia</span> <span class='ocrx_word' id='word_1_178' title='bbox 833 1800 984 1831; x_wconf 87' lang='lat' dir='ltr'>sindicus</span> <span class='ocrx_word' id='word_1_179' title='bbox 1021 1802 1052 1831; x_wconf 92' lang='lat' dir='ltr'>et</span> <span class='ocrx_word' id='word_1_180' title='bbox 1090 1802 1318 1840; x_wconf 54' lang='lat' dir='ltr'>procurator„</span> <span class='ocrx_word' id='word_1_181' title='bbox 1356 1801 1548 1832; x_wconf 89' lang='lat' dir='ltr'>monasterii</span> <span class='ocrx_word' id='word_1_182' title='bbox 1587 1803 1700 1832; x_wconf 89' lang='lat' dir='ltr'>sancte</span> <span class='ocrx_word' id='word_1_183' title='bbox 1739 1800 1910 1837; x_wconf 83' lang='lat' dir='ltr'>Mustiole,</span> <span class='ocrx_word' id='word_1_184' title='bbox 1946 1801 2050 1832; x_wconf 77' lang='lat' dir='ltr'>riceve</span> <span class='ocrx_word' id='word_1_185' title='bbox 2075 1800 2132 1832; x_wconf 80' lang='lat' dir='ltr'>dal</span> 
     </span>
    </p>

    <p class='ocr_par' dir='ltr' id='par_1_12' title="bbox 309 1862 2130 2588">
     <span class='ocr_line' id='line_1_21' title="bbox 310 1862 2130 1903; baseline 0 -9"><span class='ocrx_word' id='word_1_186' title='bbox 310 1864 422 1895; x_wconf 75' lang='lat' dir='ltr'>notaio</span> <span class='ocrx_word' id='word_1_187' title='bbox 448 1872 467 1894; x_wconf 81' lang='grc' dir='ltr'>(ι</span> <span class='ocrx_word' id='word_1_188' title='bbox 493 1872 587 1894; x_wconf 80' lang='lat' dir='ltr'>nome</span> <span class='ocrx_word' id='word_1_189' title='bbox 614 1862 794 1894; x_wconf 79' lang='lat' dir='ltr'>Abbatisse</span> <span class='ocrx_word' id='word_1_190' title='bbox 821 1865 850 1894; x_wconf 95' lang='lat' dir='ltr'>et</span> <span class='ocrx_word' id='word_1_191' title='bbox 878 1863 1076 1894; x_wconf 82' lang='lat' dir='ltr'>Monialium</span> <span class='ocrx_word' id='word_1_192' title='bbox 1116 1864 1308 1894; x_wconf 84' lang='lat' dir='ltr'>monasterii</span> <span class='ocrx_word' id='word_1_193' title='bbox 1347 1865 1461 1895; x_wconf 91' lang='lat' dir='ltr'>sancte</span> <span class='ocrx_word' id='word_1_194' title='bbox 1500 1863 1605 1895; x_wconf 85' lang='lat' dir='ltr'>Marie</span> <span class='ocrx_word' id='word_1_195' title='bbox 1644 1864 1786 1900; x_wconf 86' lang='lat' dir='ltr'>veteris,</span> <span class='ocrx_word' id='word_1_196' title='bbox 1825 1864 2006 1903; x_wconf 90' lang='lat' dir='ltr'>nuncupati</span> <span class='ocrx_word' id='word_1_197' title='bbox 2034 1863 2074 1894; x_wconf 90' lang='lat' dir='ltr'>de</span> <span class='ocrx_word' id='word_1_198' title='bbox 2101 1863 2130 1894; x_wconf 90' lang='lat' dir='ltr'>le</span> 
     </span>
     <span class='ocr_line' id='line_1_22' title="bbox 309 1925 2128 1967; baseline 0 -10"><span class='ocrx_word' id='word_1_199' title='bbox 309 1927 433 1964; x_wconf 69' lang='lat' dir='ltr'>storiis,</span> <span class='ocrx_word' id='word_1_200' title='bbox 459 1927 509 1958; x_wconf 83' lang='lat' dir='ltr'>cui</span> <span class='ocrx_word' id='word_1_201' title='bbox 538 1927 665 1957; x_wconf 88' lang='lat' dir='ltr'>unitum</span> <span class='ocrx_word' id='word_1_202' title='bbox 691 1928 741 1957; x_wconf 92' lang='lat' dir='ltr'>est</span> <span class='ocrx_word' id='word_1_203' title='bbox 779 1926 1016 1957; x_wconf 87' lang='lat' dir='ltr'>monasterium</span> <span class='ocrx_word' id='word_1_204' title='bbox 1044 1928 1157 1957; x_wconf 86' lang='lat' dir='ltr'>sancte</span> <span class='ocrx_word' id='word_1_205' title='bbox 1184 1926 1290 1958; x_wconf 89' lang='lat' dir='ltr'>Marie</span> <span class='ocrx_word' id='word_1_206' title='bbox 1317 1926 1356 1957; x_wconf 92' lang='lat' dir='ltr'>de</span> <span class='ocrx_word' id='word_1_207' title='bbox 1384 1926 1411 1957; x_wconf 90' lang='lat' dir='ltr'>le</span> <span class='ocrx_word' id='word_1_208' title='bbox 1437 1925 1571 1964; x_wconf 86' lang='lat' dir='ltr'>Caciis,</span> <span class='ocrx_word' id='word_1_209' title='bbox 1606 1929 1834 1967; x_wconf 89' lang='lat' dir='ltr'>nuncupatum</span> <span class='ocrx_word' id='word_1_210' title='bbox 1862 1927 1966 1958; x_wconf 89' lang='lat' dir='ltr'>sancti</span> <span class='ocrx_word' id='word_1_211' title='bbox 1995 1926 2128 1957; x_wconf 87' lang='lat' dir='ltr'>Martini</span> 
     </span>
     <span class='ocr_line' id='line_1_23' title="bbox 311 1988 2130 2030; baseline -0.001 -10"><span class='ocrx_word' id='word_1_212' title='bbox 311 1990 393 2020; x_wconf 88' lang='lat' dir='ltr'>foris</span> <span class='ocrx_word' id='word_1_213' title='bbox 419 1992 571 2030; x_wconf 78' lang='lat' dir='ltr'>portam,</span> <span class='ocrx_word' id='word_1_214' title='bbox 608 1989 664 2020; x_wconf 82' lang='lat' dir='ltr'>lire</span> <span class='ocrx_word' id='word_1_215' title='bbox 687 1990 752 2026; x_wconf 78' lang='lat'>25,</span> <span class='ocrx_word' id='word_1_216' title='bbox 791 1998 849 2029; x_wconf 93' lang='lat' dir='ltr'>pro</span> <span class='ocrx_word' id='word_1_217' title='bbox 877 1989 1002 2029; x_wconf 86' lang='lat' dir='ltr'>integra</span> <span class='ocrx_word' id='word_1_218' title='bbox 1029 1988 1196 2020; x_wconf 89' lang='lat' dir='ltr'>solutione</span> <span class='ocrx_word' id='word_1_219' title='bbox 1222 1990 1253 2020; x_wconf 89' lang='lat' dir='ltr'>et</span> <span class='ocrx_word' id='word_1_220' title='bbox 1279 1988 1509 2020; x_wconf 84' lang='lat' dir='ltr'>satisfactione</span> <span class='ocrx_word' id='word_1_221' title='bbox 1541 1989 1669 2020; x_wconf 90' lang='lat' dir='ltr'>illarum</span> <span class='ocrx_word' id='word_1_222' title='bbox 1701 1989 1857 2020; x_wconf 85' lang='lat' dir='ltr'>librarum</span> <span class='ocrx_word' id='word_1_223' title='bbox 1885 1988 2130 2029; x_wconf 87' lang='lat' dir='ltr'>quinquaginta</span> 
     </span>
     <span class='ocr_line' id='line_1_24' title="bbox 312 2049 2130 2092; baseline -0.001 -9"><span class='ocrx_word' id='word_1_224' title='bbox 312 2053 426 2092; x_wconf 89' lang='lat' dir='ltr'>imper.</span> <span class='ocrx_word' id='word_1_225' title='bbox 453 2060 510 2092; x_wconf 90' lang='lat' dir='ltr'>per</span> <span class='ocrx_word' id='word_1_226' title='bbox 537 2052 644 2092; x_wconf 91' lang='lat' dir='ltr'>ipsam</span> <span class='ocrx_word' id='word_1_227' title='bbox 671 2052 841 2082; x_wconf 90' lang='lat' dir='ltr'>dominam</span> <span class='ocrx_word' id='word_1_228' title='bbox 869 2050 1086 2082; x_wconf 81' lang='lat' dir='ltr'>Abbatissam</span> <span class='ocrx_word' id='word_1_229' title='bbox 1113 2053 1144 2082; x_wconf 88' lang='lat' dir='ltr'>et</span> <span class='ocrx_word' id='word_1_230' title='bbox 1170 2051 1339 2082; x_wconf 88' lang='lat' dir='ltr'>Moniales</span> <span class='ocrx_word' id='word_1_231' title='bbox 1364 2051 1593 2082; x_wconf 90' lang='lat' dir='ltr'>debendarum</span> <span class='ocrx_word' id='word_1_232' title='bbox 1614 2052 1697 2092; x_wconf 89' lang='lat' dir='ltr'>ipsis</span> <span class='ocrx_word' id='word_1_233' title='bbox 1715 2051 1852 2082; x_wconf 89' lang='lat' dir='ltr'>domino</span> <span class='ocrx_word' id='word_1_234' title='bbox 1879 2049 1983 2081; x_wconf 83' lang='lat' dir='ltr'>Priori</span> <span class='ocrx_word' id='word_1_235' title='bbox 2010 2052 2041 2081; x_wconf 94' lang='lat' dir='ltr'>et</span> <span class='ocrx_word' id='word_1_236' title='bbox 2066 2049 2130 2081; x_wconf 89' lang='lat' dir='ltr'>fra-</span> 
     </span>
     <span class='ocr_line' id='line_1_25' title="bbox 311 2113 2128 2155; baseline -0.001 -10"><span class='ocrx_word' id='word_1_237' title='bbox 311 2115 417 2146; x_wconf 85' lang='lat' dir='ltr'>tribus</span> <span class='ocrx_word' id='word_1_238' title='bbox 444 2124 503 2155; x_wconf 90' lang='lat' dir='ltr'>pro</span> <span class='ocrx_word' id='word_1_239' title='bbox 530 2115 670 2145; x_wconf 90' lang='lat' dir='ltr'>termino</span> <span class='ocrx_word' id='word_1_240' title='bbox 696 2114 789 2145; x_wconf 90' lang='lat' dir='ltr'>finito</span> <span class='ocrx_word' id='word_1_241' title='bbox 816 2114 846 2144; x_wconf 90' lang='lat' dir='ltr'>in</span> <span class='ocrx_word' id='word_1_242' title='bbox 873 2113 959 2145; x_wconf 88' lang='lat' dir='ltr'>festo</span> <span class='ocrx_word' id='word_1_243' title='bbox 986 2114 1091 2145; x_wconf 90' lang='lat' dir='ltr'>sancti</span> <span class='ocrx_word' id='word_1_244' title='bbox 1119 2113 1253 2145; x_wconf 85' lang='lat' dir='ltr'>Martini</span> <span class='ocrx_word' id='word_1_245' title='bbox 1280 2115 1433 2154; x_wconf 87' lang='lat' dir='ltr'>proxime</span> <span class='ocrx_word' id='word_1_246' title='bbox 1459 2114 1625 2154; x_wconf 85' lang='lat' dir='ltr'>preterito,</span> <span class='ocrx_word' id='word_1_247' title='bbox 1645 2116 1675 2145; x_wconf 89' lang='lat' dir='ltr'>et</span> <span class='ocrx_word' id='word_1_248' title='bbox 1694 2122 1758 2154; x_wconf 85' lang='lat' dir='ltr'>que</span> <span class='ocrx_word' id='word_1_249' title='bbox 1785 2113 1865 2144; x_wconf 91' lang='lat' dir='ltr'>libre</span> <span class='ocrx_word' id='word_1_250' title='bbox 1884 2113 2128 2153; x_wconf 86' lang='lat' dir='ltr'>quinquaginta</span> 
     </span>
     <span class='ocr_line' id='line_1_26' title="bbox 312 2176 2127 2217; baseline -0.001 -9"><span class='ocrx_word' id='word_1_251' title='bbox 312 2178 426 2217; x_wconf 91' lang='lat' dir='ltr'>imper.</span> <span class='ocrx_word' id='word_1_252' title='bbox 453 2180 530 2208; x_wconf 91' lang='lat' dir='ltr'>sunt</span> <span class='ocrx_word' id='word_1_253' title='bbox 556 2186 616 2217; x_wconf 93' lang='lat' dir='ltr'>pro</span> <span class='ocrx_word' id='word_1_254' title='bbox 643 2179 735 2217; x_wconf 85' lang='lat' dir='ltr'>parte</span> <span class='ocrx_word' id='word_1_255' title='bbox 762 2177 947 2208; x_wconf 88' lang='lat' dir='ltr'>solucionis</span> <span class='ocrx_word' id='word_1_256' title='bbox 974 2176 1102 2208; x_wconf 90' lang='lat' dir='ltr'>illarum</span> <span class='ocrx_word' id='word_1_257' title='bbox 1142 2177 1298 2207; x_wconf 87' lang='lat' dir='ltr'>librarum</span> <span class='ocrx_word' id='word_1_258' title='bbox 1336 2179 1537 2208; x_wconf 88' lang='lat' dir='ltr'>trescentum</span> <span class='ocrx_word' id='word_1_259' title='bbox 1565 2176 1717 2207; x_wconf 91' lang='lat' dir='ltr'>undecim</span> <span class='ocrx_word' id='word_1_260' title='bbox 1745 2176 1860 2216; x_wconf 71' lang='lat' dir='ltr'>imper,</span> <span class='ocrx_word' id='word_1_261' title='bbox 1887 2176 1917 2206; x_wconf 90' lang='lat' dir='ltr'>in</span> <span class='ocrx_word' id='word_1_262' title='bbox 1945 2184 2009 2206; x_wconf 90' lang='lat' dir='ltr'>una</span> <span class='ocrx_word' id='word_1_263' title='bbox 2036 2177 2127 2216; x_wconf 90' lang='lat' dir='ltr'>parte</span> 
     </span>
     <span class='ocr_line' id='line_1_27' title="bbox 310 2236 2130 2280; baseline -0.001 -10"><span class='ocrx_word' id='word_1_264' title='bbox 310 2242 340 2270; x_wconf 86' lang='lat' dir='ltr'>et</span> <span class='ocrx_word' id='word_1_265' title='bbox 367 2240 397 2270; x_wconf 86' lang='lat' dir='ltr'>in</span> <span class='ocrx_word' id='word_1_266' title='bbox 425 2248 489 2270; x_wconf 88' lang='lat' dir='ltr'>una</span> <span class='ocrx_word' id='word_1_267' title='bbox 515 2239 579 2270; x_wconf 82' lang='lat' dir='ltr'>alia</span> <span class='ocrx_word' id='word_1_268' title='bbox 606 2242 698 2279; x_wconf 90' lang='lat' dir='ltr'>parte</span> <span class='ocrx_word' id='word_1_269' title='bbox 726 2239 882 2269; x_wconf 90' lang='lat' dir='ltr'>librarum</span> <span class='ocrx_word' id='word_1_270' title='bbox 910 2239 1124 2280; x_wconf 89' lang='lat' dir='ltr'>septuaginta</span> <span class='ocrx_word' id='word_1_271' title='bbox 1151 2239 1300 2279; x_wconf 84' lang='lat' dir='ltr'>quinque</span> <span class='ocrx_word' id='word_1_272' title='bbox 1328 2239 1442 2279; x_wconf 89' lang='lat' dir='ltr'>imper.</span> <span class='ocrx_word' id='word_1_273' title='bbox 1469 2238 1509 2269; x_wconf 91' lang='lat' dir='ltr'>de</span> <span class='ocrx_word' id='word_1_274' title='bbox 1535 2238 1660 2278; x_wconf 80' lang='lat' dir='ltr'>quibus</span> <span class='ocrx_word' id='word_1_275' title='bbox 1685 2238 1774 2269; x_wconf 86' lang='lat' dir='ltr'>aliax</span> <span class='ocrx_word' id='word_1_276' title='bbox 1801 2239 1878 2268; x_wconf 91' lang='lat' dir='ltr'>tunc</span> <span class='ocrx_word' id='word_1_277' title='bbox 1904 2237 2040 2268; x_wconf 87' lang='lat' dir='ltr'>domina</span> <span class='ocrx_word' id='word_1_278' title='bbox 2063 2236 2130 2268; x_wconf 82' lang='lat' dir='ltr'>Ab·</span> 
     </span>
     <span class='ocr_line' id='line_1_28' title="bbox 311 2298 2127 2333; baseline -0.002 -1"><span class='ocrx_word' id='word_1_279' title='bbox 311 2302 438 2333; x_wconf 84' lang='lat' dir='ltr'>batissa</span> <span class='ocrx_word' id='word_1_280' title='bbox 464 2304 494 2333; x_wconf 88' lang='lat' dir='ltr'>et</span> <span class='ocrx_word' id='word_1_281' title='bbox 522 2301 690 2333; x_wconf 84' lang='lat' dir='ltr'>Moniales</span> <span class='ocrx_word' id='word_1_282' title='bbox 716 2302 793 2333; x_wconf 90' lang='lat' dir='ltr'>dicti</span> <span class='ocrx_word' id='word_1_283' title='bbox 821 2302 1013 2333; x_wconf 87' lang='lat' dir='ltr'>monasterii</span> <span class='ocrx_word' id='word_1_284' title='bbox 1052 2304 1165 2333; x_wconf 88' lang='lat' dir='ltr'>sancte</span> <span class='ocrx_word' id='word_1_285' title='bbox 1192 2301 1298 2332; x_wconf 85' lang='lat' dir='ltr'>Marie</span> <span class='ocrx_word' id='word_1_286' title='bbox 1327 2301 1367 2331; x_wconf 88' lang='lat' dir='ltr'>de</span> <span class='ocrx_word' id='word_1_287' title='bbox 1395 2301 1422 2332; x_wconf 88' lang='lat' dir='ltr'>le</span> <span class='ocrx_word' id='word_1_288' title='bbox 1448 2299 1561 2332; x_wconf 86' lang='lat' dir='ltr'>Caciis</span> <span class='ocrx_word' id='word_1_289' title='bbox 1586 2299 1741 2331; x_wconf 80' lang='lat' dir='ltr'>confesse</span> <span class='ocrx_word' id='word_1_290' title='bbox 1770 2299 1903 2330; x_wconf 90' lang='lat' dir='ltr'>fuerunt</span> <span class='ocrx_word' id='word_1_291' title='bbox 1936 2308 1971 2330; x_wconf 91' lang='lat' dir='ltr'>se</span> <span class='ocrx_word' id='word_1_292' title='bbox 1997 2307 2032 2330; x_wconf 88' lang='lat' dir='ltr'>se</span> <span class='ocrx_word' id='word_1_293' title='bbox 2057 2298 2127 2330; x_wconf 91' lang='lat' dir='ltr'>fore</span> 
     </span>
     <span class='ocr_line' id='line_1_29' title="bbox 311 2361 2129 2404; baseline -0.002 -9"><span class='ocrx_word' id='word_1_294' title='bbox 311 2373 407 2395; x_wconf 81' lang='lat' dir='ltr'>veras</span> <span class='ocrx_word' id='word_1_295' title='bbox 433 2364 613 2395; x_wconf 87' lang='lat' dir='ltr'>debitrices</span> <span class='ocrx_word' id='word_1_296' title='bbox 640 2373 725 2394; x_wconf 91' lang='lat' dir='ltr'>nunc</span> <span class='ocrx_word' id='word_1_297' title='bbox 753 2364 923 2404; x_wconf 81' lang='lat' dir='ltr'>quondam</span> <span class='ocrx_word' id='word_1_298' title='bbox 962 2364 1088 2394; x_wconf 89' lang='lat' dir='ltr'>domini</span> <span class='ocrx_word' id='word_1_299' title='bbox 1115 2363 1226 2394; x_wconf 88' lang='lat' dir='ltr'>fratris</span> <span class='ocrx_word' id='word_1_300' title='bbox 1253 2362 1338 2394; x_wconf 82' lang='lat' dir='ltr'>Petri</span> <span class='ocrx_word' id='word_1_301' title='bbox 1366 2363 1406 2394; x_wconf 87' lang='lat' dir='ltr'>de</span> <span class='ocrx_word' id='word_1_302' title='bbox 1432 2361 1562 2399; x_wconf 86' lang='lat' dir='ltr'>Calvis‚</span> <span class='ocrx_word' id='word_1_303' title='bbox 1588 2362 1699 2393; x_wconf 85' lang='lat' dir='ltr'>fratris</span> <span class='ocrx_word' id='word_1_304' title='bbox 1726 2361 1870 2402; x_wconf 90' lang='lat' dir='ltr'>professi</span> <span class='ocrx_word' id='word_1_305' title='bbox 1909 2362 1987 2392; x_wconf 88' lang='lat' dir='ltr'>dicti</span> <span class='ocrx_word' id='word_1_306' title='bbox 2015 2369 2129 2392; x_wconf 87' lang='lat' dir='ltr'>mona-</span> 
     </span>
     <span class='ocr_line' id='line_1_30' title="bbox 311 2422 2130 2466; baseline -0.002 -9"><span class='ocrx_word' id='word_1_307' title='bbox 311 2427 422 2463; x_wconf 86' lang='lat' dir='ltr'>sterii,</span> <span class='ocrx_word' id='word_1_308' title='bbox 461 2435 518 2466; x_wconf 86' lang='lat' dir='ltr'>per</span> <span class='ocrx_word' id='word_1_309' title='bbox 544 2427 798 2457; x_wconf 86' lang='lat' dir='ltr'>instrumentum</span> <span class='ocrx_word' id='word_1_310' title='bbox 837 2428 988 2466; x_wconf 84' lang='lat' dir='ltr'>rogatum</span> <span class='ocrx_word' id='word_1_311' title='bbox 1027 2435 1084 2466; x_wconf 85' lang='lat' dir='ltr'>per</span> <span class='ocrx_word' id='word_1_312' title='bbox 1121 2425 1294 2456; x_wconf 86' lang='lat' dir='ltr'>dominum</span> <span class='ocrx_word' id='word_1_313' title='bbox 1329 2425 1395 2456; x_wconf 84' lang='lat' dir='ltr'>lob.</span> <span class='ocrx_word' id='word_1_314' title='bbox 1423 2424 1635 2456; x_wconf 82' lang='lat' dir='ltr'>Franciscum</span> <span class='ocrx_word' id='word_1_315' title='bbox 1662 2424 1702 2455; x_wconf 87' lang='lat' dir='ltr'>de</span> <span class='ocrx_word' id='word_1_316' title='bbox 1728 2423 1928 2456; x_wconf 87' lang='lat' dir='ltr'>Canevariis</span> <span class='ocrx_word' id='word_1_317' title='bbox 1953 2432 2011 2455; x_wconf 86' lang='lat' dir='ltr'>seu</span> <span class='ocrx_word' id='word_1_318' title='bbox 2038 2422 2130 2454; x_wconf 77' lang='lat' dir='ltr'>Tho-</span> 
     </span>
     <span class='ocr_line' id='line_1_31' title="bbox 311 2485 2124 2526; baseline -0.002 -7"><span class='ocrx_word' id='word_1_319' title='bbox 311 2489 452 2519; x_wconf 85' lang='lat' dir='ltr'>masium</span> <span class='ocrx_word' id='word_1_320' title='bbox 480 2489 520 2519; x_wconf 87' lang='lat' dir='ltr'>de</span> <span class='ocrx_word' id='word_1_321' title='bbox 548 2487 670 2525; x_wconf 70' lang='lat' dir='ltr'>porris,</span> <span class='ocrx_word' id='word_1_322' title='bbox 697 2497 754 2519; x_wconf 87' lang='lat' dir='ltr'>seu</span> <span class='ocrx_word' id='word_1_323' title='bbox 782 2488 882 2519; x_wconf 84' lang='lat' dir='ltr'>alium</span> <span class='ocrx_word' id='word_1_324' title='bbox 910 2488 1086 2525; x_wconf 82' lang='lat' dir='ltr'>notarium,</span> <span class='ocrx_word' id='word_1_325' title='bbox 1114 2496 1173 2519; x_wconf 84' lang='lat' dir='ltr'>nec</span> <span class='ocrx_word' id='word_1_326' title='bbox 1199 2497 1264 2518; x_wconf 91' lang='lat' dir='ltr'>non</span> <span class='ocrx_word' id='word_1_327' title='bbox 1292 2487 1427 2518; x_wconf 88' lang='lat' dir='ltr'>domina</span> <span class='ocrx_word' id='word_1_328' title='bbox 1447 2486 1629 2517; x_wconf 79' lang='lat' dir='ltr'>Abbatissa</span> <span class='ocrx_word' id='word_1_329' title='bbox 1655 2488 1687 2517; x_wconf 91' lang='lat' dir='ltr'>et</span> <span class='ocrx_word' id='word_1_330' title='bbox 1713 2486 1881 2517; x_wconf 86' lang='lat' dir='ltr'>Moniales</span> <span class='ocrx_word' id='word_1_331' title='bbox 1906 2485 2124 2526; x_wconf 87' lang='lat' dir='ltr'>suprascripti</span> 
     </span>
     <span class='ocr_line' id='line_1_32' title="bbox 311 2547 2124 2588; baseline -0.002 -7"><span class='ocrx_word' id='word_1_332' title='bbox 311 2552 502 2582; x_wconf 88' lang='lat' dir='ltr'>monasterii</span> <span class='ocrx_word' id='word_1_333' title='bbox 531 2551 570 2582; x_wconf 88' lang='lat' dir='ltr'>de</span> <span class='ocrx_word' id='word_1_334' title='bbox 598 2551 625 2582; x_wconf 90' lang='lat' dir='ltr'>le</span> <span class='ocrx_word' id='word_1_335' title='bbox 655 2549 775 2582; x_wconf 89' lang='lat' dir='ltr'>Storiis</span> <span class='ocrx_word' id='word_1_336' title='bbox 800 2550 956 2581; x_wconf 88' lang='lat' dir='ltr'>confesse</span> <span class='ocrx_word' id='word_1_337' title='bbox 981 2550 1115 2581; x_wconf 82' lang='lat' dir='ltr'>fuerunt</span> <span class='ocrx_word' id='word_1_338' title='bbox 1141 2558 1215 2581; x_wconf 89' lang='lat' dir='ltr'>sese</span> <span class='ocrx_word' id='word_1_339' title='bbox 1242 2549 1312 2580; x_wconf 87' lang='lat' dir='ltr'>fore</span> <span class='ocrx_word' id='word_1_340' title='bbox 1346 2557 1443 2580; x_wconf 87' lang='lat' dir='ltr'>veras</span> <span class='ocrx_word' id='word_1_341' title='bbox 1473 2548 1651 2579; x_wconf 84' lang='lat' dir='ltr'>debitrices</span> <span class='ocrx_word' id='word_1_342' title='bbox 1681 2548 1900 2588; x_wconf 90' lang='lat' dir='ltr'>suprascripti</span> <span class='ocrx_word' id='word_1_343' title='bbox 1932 2547 2124 2578; x_wconf 85' lang='lat' dir='ltr'>monasterii</span> 
     </span>
    </p>
   </div>
   <div class='ocr_carea' id='block_1_10' title="bbox 310 2610 816 2651">
    <p class='ocr_par' dir='ltr' id='par_1_13' title="bbox 310 2610 816 2651">
     <span class='ocr_line' id='line_1_33' title="bbox 310 2610 816 2651; baseline -0.002 -7"><span class='ocrx_word' id='word_1_344' title='bbox 310 2615 423 2644; x_wconf 83' lang='lat' dir='ltr'>sancte</span> <span class='ocrx_word' id='word_1_345' title='bbox 454 2613 648 2644; x_wconf 85' lang='lat' dir='ltr'>Mustiole...</span> <span class='ocrx_word' id='word_1_346' title='bbox 677 2616 737 2644; x_wconf 85' lang='lat' dir='ltr'>etc.</span> <span class='ocrx_word' id='word_1_347' title='bbox 755 2610 816 2651; x_wconf 88' lang='lat'>(1).</span> 
     </span>
    </p>
   </div>
   <div class='ocr_carea' id='block_1_11' title="bbox 366 2769 939 2793">
    <p class='ocr_par' dir='ltr' id='par_1_14' title="bbox 366 2769 939 2793">
     <span class='ocr_line' id='line_1_34' title="bbox 366 2769 939 2793; baseline 0 -4"><span class='ocrx_word' id='word_1_348' title='bbox 366 2770 396 2793; x_wconf 85' lang='lat' dir='ltr'>(l)</span> <span class='ocrx_word' id='word_1_349' title='bbox 412 2769 467 2790; x_wconf 77' lang='lat' dir='ltr'>Vetti</span> <span class='ocrx_word' id='word_1_350' title='bbox 484 2770 497 2789; x_wconf 89' lang='lat' dir='ltr'>il</span> <span class='ocrx_word' id='word_1_351' title='bbox 513 2769 654 2790; x_wconf 64' lang='lat' dir='ltr'>documento</span> <span class='ocrx_word' id='word_1_352' title='bbox 670 2769 705 2790; x_wconf 81' lang='lat' dir='ltr'>del</span> <span class='ocrx_word' id='word_1_353' title='bbox 721 2769 733 2789; x_wconf 80' lang='grc' dir='ltr'>ι’)</span> <span class='ocrx_word' id='word_1_354' title='bbox 748 2770 864 2790; x_wconf 66' lang='grc' dir='ltr'>(Ἰιςι-ιιιίπυ</span> <span class='ocrx_word' id='word_1_355' title='bbox 883 2770 939 2790; x_wconf 65' lang='grc'>1493,</span> 
     </span>
    </p>
   </div>
  </div>
 </body>
</html>
