2347 3444
1933 224 1991 255 261

187 355 248 386 siis
274 356 407 396 penitus
432 355 633 393 abstineant,
659 365 718 387 nec
744 356 784 387 de
809 356 858 387 eis
884 356 925 387 de
950 357 1059 387 cetero
1096 356 1297 386 mentionem
1335 354 1469 392 faciant,
1495 357 1526 386 et
1551 364 1587 386 se
1625 357 1737 386 mutua
1774 356 1932 386 charitate
1967 357 1996 387 in

187 416 323 450 Christo
350 417 421 449 lesu
449 417 594 449 Domino
620 420 735 449 nostro
761 418 911 459 diligant,
937 420 967 449 et
994 419 1108 449 mutuo
1138 418 1347 455 venerantes,
1373 418 1404 448 et
1429 425 1467 448 ea
1486 426 1550 457 que
1569 417 1721 448 decorem
1741 419 1771 448 et
1790 419 1996 448 venustatem

186 480 358 511 ambarum
387 481 528 520 partium
555 482 758 512 concernunt
784 480 968 511 alternatim
995 481 1195 517 asserentes,
1222 481 1255 510 ut
1280 487 1318 510 ea
1345 488 1409 518 que
1435 479 1602 516 edificant,
1634 479 1799 510 instruunt
1825 481 1855 509 et
1880 479 1922 510 ad
1949 488 2002 510 sa—

189 542 288 572 lutem
314 543 499 573 animarum
525 541 650 574 Christi
678 543 824 574 fidelium
851 544 1002 583 prosunt,
1029 541 1165 582 populis
1190 541 1372 582 predicent,
1391 541 1528 572 omissis
1554 543 1584 572 et
1603 541 1737 581 penitus
1755 542 1885 572 reiectis
1904 542 2000 572 vanis

188 604 434 635 assertionibus
459 606 490 635 et
514 605 799 643 altercationibus,
826 607 860 636 ut
885 604 978 637 Ordo
1003 613 1021 636 a
1048 604 1151 635 Beato
1177 603 1367 644 Augustino
1393 603 1502 641 datus,
1522 603 1578 643 qui
1606 603 1692 634 idem
1711 605 1761 634 est
1780 604 1810 634 in
1830 603 1998 639 omnibus,

190 666 263 697 licet
290 667 438 698 instituta
464 667 676 707 particularia
702 668 890 708 aliqualiter
916 667 1078 704 differant,
1105 676 1170 697 non
1198 666 1340 703 divisus,
1367 675 1432 697 non
1458 665 1632 703 factiosus,
1659 674 1724 696 non
1743 666 2001 701 contaminatus,

189 729 248 759 sed
275 729 403 767 unicus,
430 730 600 769 pacificus,
628 730 753 771 integer
777 732 807 761 et
834 730 1088 766 immaculatus,
1125 732 1223 770 prout
1248 731 1298 760 est
1323 731 1353 759 et
1378 737 1453 759 esse
1494 728 1614 765 debet,
1651 728 1749 759 etiam
1776 728 1819 758 ab
1844 727 2002 758 omnibus

188 793 372 822 censeatur.
400 790 551 822 preterea
578 794 611 822 ut
635 801 775 823 censura
801 792 1026 823 ecclesiastica
1041 793 1083 823 ab
1098 792 1255 823 omnibus
1269 791 1475 828 formidetur,
1494 792 1601 831 preter
1619 788 1813 822 Canonicos
1832 790 2001 830 regulares

188 855 219 884 et
246 853 376 885 Fratres
402 853 642 884 Heremitarum
670 854 874 892 huiusmodi,
902 863 961 885 eos
988 855 1124 895 insuper
1150 854 1205 894 qui
1232 853 1358 885 eisdem
1385 851 1568 885 Canonicis
1593 854 1624 883 et
1651 852 1822 883 Fratribus
1851 852 2002 882 dederint

191 916 221 946 in
249 916 424 955 premissis
449 916 623 953 auxilium,
650 917 846 954 consilium,
874 917 923 947 vel
951 916 1111 953 favorem,
1139 916 1271 956 publice
1297 915 1348 946 vel
1375 915 1524 953 occulte,
1566 915 1688 946 directe
1730 914 1780 945 vel
1823 914 2003 951 indirecte,

190 978 313 1017 quovis
340 978 472 1017 quesito
498 978 619 1015 colore,
647 979 840 1015 sententias,
866 987 1026 1010 censuras
1051 980 1081 1009 et
1107 986 1212 1018 penas
1238 977 1450 1017 supradictas
1477 978 1639 1008 incurrere
1666 976 1823 1007 volumus
1849 985 1888 1007 eo
1915 976 2000 1016 ipSO,

190 1040 252 1070 nisi
281 1041 460 1080 postquam
487 1040 528 1070 de
554 1040 767 1080 presentibus
794 1041 943 1071 notitiam
972 1040 1156 1078 habuerint,
1183 1048 1200 1071 a
1227 1040 1430 1080 prestatione
1456 1039 1584 1076 auxilii,
1603 1038 1734 1070 consilii
1753 1040 1784 1069 et
1802 1037 1930 1069 favoris
1949 1037 2006 1068 de-

190 1102 348 1139 stiterint;
375 1104 405 1132 et
431 1102 650 1133 nihilominus
675 1103 856 1133 eorundem
884 1101 1131 1134 Canonicorum
1158 1102 1357 1142 regularium
1385 1103 1415 1132 et
1442 1101 1589 1132 Fratrum
1618 1100 1857 1132 Heremitarum
1877 1100 2007 1131 moder-

191 1165 242 1195 nis
267 1167 297 1196 et
324 1173 383 1204 pro
409 1166 557 1204 tempore
575 1165 800 1195 existentibus
828 1164 955 1197 Rectori
982 1167 1012 1195 et
1038 1163 1192 1196 Generali
1220 1173 1257 1195 ac
1283 1173 1396 1195 eorum
1423 1163 1570 1204 capitulo
1589 1163 1733 1203 generali
1754 1163 1817 1194 sub
1836 1162 2004 1194 similibus

191 1228 286 1267 penis
313 1228 518 1267 iniungimus
545 1229 578 1258 ut
605 1230 777 1267 presentes
804 1227 914 1258 literas
942 1228 971 1257 in
998 1236 1111 1258 eorum
1139 1227 1361 1263 monasteriis,
1388 1226 1543 1257 claustris
1561 1228 1591 1257 et
1609 1225 1777 1266 capitulis,
1797 1225 1874 1256 dum
1895 1226 1999 1256 maior

190 1287 438 1321 Canonicorum
464 1291 494 1320 et
521 1289 668 1320 Fratrum
696 1289 935 1320 Heremitarum
964 1290 1186 1329 predictorum
1220 1289 1398 1319 multitudo
1435 1288 1637 1325 convenerit,
1675 1287 1788 1324 semel,
1816 1287 1878 1325 bis,
1904 1289 1951 1318 ter
1976 1289 2006 1318 et

191 1352 316 1393 pluries
341 1352 533 1383 solemniter
559 1352 729 1392 publicent
753 1354 783 1382 et
810 1352 1072 1392 interpretentur,
1099 1352 1142 1382 ita
1161 1351 1252 1391 quod
1267 1351 1309 1382 ab
1327 1351 1495 1387 omnibus,
1521 1351 1618 1381 etiam
1638 1350 1851 1391 grammatice
1871 1350 2005 1390 ignaris,

191 1414 289 1455 plane
316 1414 452 1455 intelligi
480 1414 623 1451 valeant,
650 1416 679 1444 et
707 1414 821 1445 haruin
849 1414 1013 1444 literarum
1056 1415 1300 1453 transumptum
1328 1422 1385 1444 seu
1412 1413 1543 1453 copiam
1570 1412 1611 1443 ad
1639 1412 1904 1452 unumquodque
1938 1420 2008 1442 mo-

192 1478 372 1508 nasterium
399 1476 646 1509 Canonicorum
674 1479 704 1508 et
731 1476 877 1507 Fratrum
906 1476 1145 1507 Heremitarum
1173 1475 1366 1506 huiusmodi
1393 1475 1627 1506 transmittant.
1654 1474 1754 1512 Quod
1774 1475 1800 1505 si
1820 1483 1918 1505 secus
1932 1483 2008 1515 ege-

192 1540 255 1570 rint
280 1542 310 1570 et
337 1540 504 1570 mandatis
530 1539 728 1579 apostolicis
754 1548 819 1569 non
847 1539 1025 1579 paruerint,
1053 1538 1143 1578 quod
1170 1538 1268 1575 absit,
1295 1547 1335 1568 ex
1366 1546 1452 1568 nunc
1471 1539 1568 1577 prout
1586 1546 1626 1568 ex
1658 1539 1745 1573 tunc,
1772 1537 2008 1567 excomunica-

193 1603 293 1633 tionis
320 1602 382 1632 late
409 1602 581 1639 sententie,
607 1602 829 1632 anathematis
854 1603 885 1632 et
911 1601 1155 1632 maledictionis
1188 1603 1298 1631 eterne
1333 1608 1436 1640 penas
1474 1599 1641 1640 predictas
1677 1608 1736 1630 eos
1762 1601 1792 1630 et
1818 1599 2007 1639 singulares

193 1673 357 1704 personas
382 1674 422 1695 ex
450 1665 498 1695 eis
525 1665 713 1699 incurrisse,
740 1664 873 1703 illisque
900 1663 1043 1694 irretitos
1068 1672 1153 1699 esse,
1181 1664 1282 1699 motu,
1309 1662 1503 1693 auctoritate
1529 1663 1559 1692 et
1585 1662 1723 1692 scientia
1754 1661 1923 1701 predictis,
1950 1661 2006 1691 de-

193 1727 359 1758 cernimus
384 1729 415 1757 et
440 1727 659 1763 declaramus,
686 1728 715 1757 et
743 1735 802 1766 pro
828 1726 952 1756 talibus
977 1725 1019 1756 ab
1045 1725 1203 1756 omnibus
1229 1725 1373 1764 reputari
1412 1724 1570 1755 volumus
1595 1725 1625 1754 et
1652 1723 1862 1760 mandamus,
1900 1723 2006 1754 donec

193 1792 223 1820 et
249 1798 427 1829 quousque
453 1788 559 1821 Sedes
585 1788 780 1829 Apostolica
807 1797 906 1828 super
924 1787 1197 1818 contentionibus
1224 1787 1416 1818 huiusmodi
1447 1786 1537 1817 aliud
1557 1786 1689 1817 duxerit
1708 1785 2007 1816 determinandum.

280 1851 354 1882 Non
381 1851 598 1883 obstantibus
623 1850 922 1882 constitutionibus
948 1852 1007 1881 etc.
1026 1851 1086 1880 etc.

257 1914 380 1946 Datum
408 1913 521 1951 Rome,
548 1914 638 1954 apud
665 1916 816 1945 sanctum
844 1912 987 1949 Petrum,
1013 1921 1101 1942 anno
1128 1911 1368 1943 lncarnationis
1387 1911 1553 1942 dominice
1575 1911 1667 1947 1484,
1683 1911 1800 1950 quinto
1816 1910 1894 1941 Idus
1914 1910 2006 1945 Maii,

191 1978 406 2018 pontificatus
432 1977 535 2008 nostri
562 1985 650 2008 anno
676 1976 743 2007 Xlll
762 1973 823 2015 (1).

964 2131 1234 2173 CDXCVI.

280 2243 508 2273 Convenzioni
533 2243 585 2271 del
611 2242 763 2279 Capitolo
789 2241 820 2270 di
845 2242 880 2270 S.
907 2240 1065 2269 Mostiola
1089 2249 1151 2269 con
1176 2239 1353 2276 Apollonio
1377 2240 1502 2275 Sarego
1526 2247 1586 2275 per
1610 2237 1767 2267 l'eredita
1792 2238 1844 2266 del
1869 2238 2006 2266 defunto

191 2299 275 2326 frate
301 2298 468 2326 Tolomeo
493 2297 629 2332 Sarego.

847 2390 1000 2421 1484,
1030 2389 1129 2420 gitt
1135 2395 1266 2420 g110,
1295 2388 1342 2413 6.

767 2478 844 2502 (Archi
862 2478 941 2498 Notar.
959 2477 980 2497 di
998 2476 1067 2497 r‘avia
1084 2487 1108 2489 ᾉ
1126 2476 1173 2496 Atti
1190 2475 1211 2496 di
1228 2476 1319 2496 Matteo
1335 2476 1440 2496 Ferrarii*

429 2684 459 2722 N
486 2678 688 2710 monasterio
715 2679 827 2709 sancte
855 2674 1014 2706 Mustiole
1040 2673 1187 2714 papie...
1213 2671 1455 2704 Convocato....
1481 2671 1628 2712 capitulo
1655 2671 1694 2702 de
1721 2671 1922 2702 mandato...
1949 2671 2008 2702 do-

290 2667 338 2782 I
429 2750 430 2778 ς
459 2741 537 2771 mini
564 2749 656 2771 sacre
694 2739 814 2780 pagine
852 2736 1055 2778 professoris
1093 2735 1240 2775 magistri
1280 2733 1404 2766 Galeaz
1429 2733 1469 2764 de
1497 2732 1601 2774 Papia
1636 2732 1761 2764 Prioris
1787 2733 1864 2764 dicti
1893 2742 2007 2764 mona-

219 2839 223 2840 7
429 2791 430 2838 ¹
458 2804 560 2841 sterii,
587 2803 618 2834 in
645 2812 713 2843 quo
740 2801 874 2842 quidem
911 2799 1103 2840 capitulo...
1141 2800 1217 2829 sunt
1256 2796 1423 2837 prefactus
1460 2796 1618 2827 dominus
1645 2795 1738 2826 Prior
1763 2798 1793 2826 et
1819 2804 1891 2826 cum
1919 2805 2002 2826 eo....

193 2866 402 2897 venerabiles
428 2866 554 2896 domini
579 2865 678 2896 frater
704 2863 822 2895 Petrus
848 2863 888 2894 de
914 2860 1041 2896 Calvis,
1068 2860 1166 2891 frater
1193 2859 1361 2890 Melchion
1389 2858 1429 2889 de
1456 2857 1590 2896 Lucum,
1628 2857 1726 2889 frater
1752 2857 2006 2889 Bertholameus

248 3023 277 3047 (1)
293 3022 467 3044 Pubblichiamo
482 3024 565 3048 questa
582 3022 641 3043 bolla
657 3028 702 3043 non
717 3023 768 3043 solo
784 3021 866 3047 pcrch‘e
876 3021 893 3040 si
906 3020 1014 3041 coum-tte
1026 3024 1068 3039 con
1124 3018 1144 3037 iu
1162 3017 1231 3037 Pavia
1247 3016 1304 3036 nella
1335 3016 1406 3041 prima
1423 3015 1482 3035 meta
1499 3014 1534 3035 del
1551 3015 1629 3035 secolo
1646 3015 1683 3035 XV
1700 3015 1758 3035 ebbe
1774 3015 1861 3040 origine
1877 3016 1896 3035 la
1911 3017 2001 3036 contre<

197 3068 216 3088 le
231 3067 389 3088 controversie
404 3067 511 3093 agitatesi
527 3067 548 3087 in
565 3066 634 3087 Pavia
651 3067 686 3087 nel
702 3067 779 3087 secolo
796 3065 860 3089 XVl,
883 3065 923 3085 che
940 3069 1017 3084 resero
1034 3069 1070 3083 ne-
1125 3062 1215 3086 versia,
1238 3066 1308 3081 causa
1324 3060 1383 3080 della
1400 3059 1475 3083 bolla,
1498 3059 1556 3079 acui
1574 3064 1669 3084 prescro
1685 3061 1751 3084 parte
1767 3060 1820 3079 tutti
1838 3060 1841 3079 i
1859 3060 1897 3085 piu
1915 3060 1998 3080 valenti

196 3112 297 3132 cessaria
313 3112 333 3132 la
349 3111 545 3137 ripubblicazione
561 3111 582 3132 di
598 3117 650 3132 essa
667 3111 701 3132 nel
720 3111 776 3135 1570,
794 3116 828 3131 nia
845 3110 916 3130 anche
933 3108 1015 3134 perche
1032 3108 1069 3133 qui
1127 3106 1233 3132 Religiosi
1250 3105 1285 3126 dei
1301 3105 1346 3125 duc
1361 3104 1434 3124 ordini
1450 3110 1462 3124 e
1478 3104 1571 3129 nursino
1587 3103 1600 3123 il
1617 3103 1675 3124 duca
1691 3104 1711 3123 ili
1729 3104 1823 3125 Mil-1110⁴
1842 3104 1917 3125 lnfatti
1930 3105 1943 3124 il
1955 3105 2002 3125 ΤΟ-
