2347 3444
1898 211 1940 242 95

130 338 230 370 frater
265 338 476 380 Augustinus
512 339 554 371 de
588 339 780 377 Eustacltio,
806 341 836 371 et
861 339 961 371 frater
997 339 1164 371 Eusebius
1190 339 1231 370 de
1258 339 1397 380 Ligeriis
1426 337 1520 379 (l)....
1558 340 1720 373 facientes
1758 342 1937 382 plusquam

129 400 215 432 duas
241 402 363 441 partes,
389 410 466 442 ymo
491 401 559 433 fere
585 403 689 433 totum
716 403 746 433 et
772 401 935 442 integrum
962 401 1190 442 capitulum...
1216 401 1401 432 dichiarata
1426 401 1459 433 [α
1484 402 1636 434 caducito
1654 403 1689 435 di
1701 403 1861 443 Agostino
1880 405 1943 436 Mi-

126 462 303 502 gliarini....
329 462 439 494 donno
464 463 654 494 investitura
675 465 834 504 perpetua
859 472 879 494 a
907 461 1067 496 Giocomo
1093 463 1195 500 Fauo,
1222 463 1257 495 di
1280 463 1396 495 alcone
1421 465 1500 495 terre
1525 465 1556 496 in
1582 464 1780 505 Borgonovo
1798 466 1851 497 ciel
1869 466 1939 498 Sic-

129 525 272 556 comario
297 524 332 556 di
354 523 471 561 Ρανία,
505 533 567 565 per
599 525 743 556 Ιάηηιιο
780 524 888 566 offitio
924 525 959 557 di
990 525 1046 557 lire
1070 527 1137 557 otto
1162 534 1178 557 e
1202 525 1265 557 due
1301 526 1450 566 copponi,
1489 527 1570 565 ogni
1601 526 1693 567 festa
1722 528 1757 559 cli
1784 527 1816 560 S.
1855 528 1944 560 Mar-

129 586 206 618 tino.
231 585 330 618 Nella
353 588 461 618 stesso
486 587 661 618 occasione
685 587 795 619 donno
820 588 1009 619 investimra
1036 589 1195 628 perpetua
1220 596 1240 618 α
1268 586 1463 619 Giocomino
1488 587 1615 620 Bollati
1638 588 1673 620 cii
1695 598 1760 620 uno
1788 591 1886 629 vigila
1911 590 1946 622 di

127 648 173 680 28
191 648 336 689 perliclze
360 647 446 679 neno
471 650 576 680 stesso
602 648 811 686 Siccomario,
840 650 895 681 ubi
921 650 1043 682 dicitur
1067 650 1098 680 in
1125 649 1344 681 Maleantono
1377 650 1450 681 sive
1476 649 1660 688 Valebona,
1695 652 1793 691 vigim
1819 652 1876 683 che
1902 652 1943 693 fu

128 709 270 741 lascinia
295 709 330 741 ol
355 709 521 742 Convento
547 719 607 742 con
632 713 825 742 testamento
848 711 894 743 23
917 713 1036 752 ogosto
1064 711 1150 743 1388
1172 711 1216 742 do
1241 711 1360 751 Luigia
1396 711 1525 748 Lonori,
1553 720 1573 743 α
1598 713 1704 752 rogito
1730 713 1764 744 di
1787 713 1942 752 Roglerio

128 770 318 811 Bottigella.
344 771 375 802 E
397 771 447 803 cio
468 780 529 812 per
551 771 695 803 l'annuo
720 772 828 812 offitio
854 773 888 804 di
905 772 1020 813 fiorini
1042 775 1122 805 sette
1146 773 1181 804 αἱ
1205 772 1237 806 S.
1263 773 1415 805 Martino.
1456 772 1534 806 Cosi
1571 774 1680 805 dormo
1706 775 1896 806 investiiiira
1921 785 1941 807 α

129 833 242 864 Marco
267 833 414 865 Massori
437 833 472 865 di
495 842 560 865 ιιηα
587 834 685 873 vigna
709 834 744 865 di
767 836 812 866 tre
832 835 976 875 perticlze
1001 844 1061 867 con
1086 844 1152 867 una
1176 844 1256 867 casa
1282 835 1324 867 ed
1345 844 1387 867 un
1406 835 1554 876 frutteto,
1579 836 1664 868 nello
1690 839 1796 868 stesso
1834 837 1945 869 Sicco-

128 896 240 931 morio,
267 895 299 927 in
325 894 531 935 Borgonovo,
554 904 617 936 per
638 895 779 936 I'affitto
805 896 839 928 cli
862 906 969 928 annue
994 897 1050 929 lire
1074 899 1203 937 quattro
1229 899 1259 929 et
1284 907 1471 939 cavagnam
1498 907 1597 930 unam
1624 899 1855 939 persicliorum
1883 900 1942 931 bo-

130 966 248 989 norum
274 956 309 988 al
332 956 365 989 S.
391 957 545 989 Martino.

946 1142 1132 1183 CCLII.

218 1247 444 1276 Fondazione
470 1248 563 1276 della
590 1248 818 1285 Cappellania
845 1250 935 1278 delle
962 1251 1023 1279 SS.
1051 1251 1165 1279 Maria
1191 1251 1404 1280 Maddalena
1430 1261 1447 1280 e
1465 1252 1681 1288 Margherita
1707 1253 1799 1281 nella
1826 1254 1946 1282 chiesa

130 1300 165 1328 di
192 1301 226 1329 S.
254 1301 436 1329 Mostiola.

797 1399 944 1430 1463,
964 1400 1178 1430 zugosto,
1199 1400 1273 1425 16.

573 1493 649 1517 (Arcti.
667 1494 745 1515 Notat.
762 1495 783 1515 di
801 1494 878 1515 Pavia.
896 1507 920 1509 —
936 1496 983 1516 Atti
1000 1496 1020 1516 di
1038 1496 1116 1517 Nicola
1132 1496 1168 1517 dei
1184 1496 1290 1522 Capitani
1307 1497 1328 1517 di
1345 1497 1495 1522 Villanterio)⁴

146 1675 147 1706 ¹
372 1635 545 1730 iCCCCLnJ,
572 1691 738 1723 indicione
765 1692 881 1732 prima,
907 1692 960 1723 die
986 1695 1083 1724 sexto
1109 1693 1240 1725 decimo
1267 1694 1393 1725 mensis
1418 1692 1573 1734 Augusti,
1612 1695 1691 1726 nora
1718 1704 1945 1735 vesperarum.

370 1734 373 1808 i
400 1752 653 1785 Testamentum
679 1753 802 1785 factum
830 1756 860 1785 et
886 1755 1057 1786 conditum
1085 1764 1144 1795 per
1169 1756 1337 1787 dominam
1372 1755 1588 1796 Margaritam
1615 1757 1656 1788 de
1690 1756 1944 1790 Rolandonibus

144 1805 174 1852 l.-
309 1811 371 1852 ffssl
399 1816 440 1847 de
466 1814 587 1847 Castro
613 1815 764 1847 Franclto
791 1816 1016 1857 Episcopatus
1042 1817 1219 1855 Trivixini,
1239 1818 1386 1849 relictam
1405 1819 1576 1858 quondam
1596 1819 1711 1851 ultimo
1730 1820 1804 1852 loco
1823 1821 1945 1853 nobilis

127 1877 188 1907 viri
215 1877 340 1908 domini
367 1876 500 1909 Andree
526 1878 567 1909 de
594 1876 841 1910 Confaloneriis
867 1878 907 1910 de
933 1877 1106 1910 Candia....
1134 1878 1275 1911 Ordinat
1301 1882 1331 1911 et
1357 1880 1507 1921 disponit
1532 1881 1667 1921 quod...
1687 1884 1764 1922 post
1789 1883 1861 1914 eius
1887 1883 1946 1915 de—

126 1947 260 1970 cessum
287 1948 412 1980 corpus
438 1948 535 1971 suum
573 1940 754 1980 sepeliatur
780 1940 810 1971 in
837 1941 981 1972 ecclesia
1018 1944 1134 1972 sancte
1171 1941 1355 1973 Mostiollle
1393 1941 1508 1982 Papie‚
1546 1943 1702 1975 videlicet
1729 1944 1758 1974 in
1787 1945 1938 1976 sacristia

126 2000 214 2032 dicte
240 2001 394 2039 ecclesie,
421 2003 452 2032 et
478 2002 509 2032 in
537 2001 592 2032 illo
619 2001 692 2033 loco
720 2002 774 2033 ubi
801 2002 989 2033 ordinatum
1018 2003 1114 2034 fuerit
1140 2012 1198 2043 per
1224 2004 1444 2035 reverendum
1472 2005 1667 2045 magistrum
1694 2004 1866 2036 Albeitum
1900 2007 1941 2038 de

127 2061 259 2103 Crispis
278 2060 370 2102 (2)....
398 2062 474 2094 Item
501 2064 558 2095 dat
583 2066 613 2094 ct
640 2063 727 2104 legat
764 2064 851 2095 dicte
891 2064 1035 2096 ecclesie
1074 2066 1189 2096 sancte
1215 2064 1387 2096 Mostiolle
1424 2064 1528 2105 Papie
1565 2066 1688 2106 petiam
1718 2076 1815 2097 unam
1844 2068 1939 2099 vinee

127 2126 350 2165 perticltarum
377 2128 522 2166 quatuor
547 2126 598 2157 vel
626 2126 738 2157 circha
765 2127 908 2166 positam
936 2127 966 2157 in
993 2125 1187 2167 Campanea
1207 2126 1311 2167 papie
1330 2127 1526 2158 ubidicitur
1543 2128 1584 2159 ad
1612 2126 1845 2160 Guaizollum:
1866 2130 1940 2161 item

127 2187 250 2227 petiam
278 2197 376 2219 unam
403 2189 487 2219 terre
515 2188 647 2219 vineate
674 2188 896 2227 perticltarum
925 2189 1195 2229 vigintiquinque
1222 2189 1273 2220 vel
1301 2189 1411 2220 circha
1438 2190 1582 2229 positam
1610 2190 1640 2220 in
1668 2191 1831 2221 territijn‘io
1857 2190 1939 2222 Oio-

126 2250 263 2281 venzani
291 2259 474 2290 campanee
501 2250 718 2290 papiensis...
746 2249 823 2281 Item
849 2250 994 2281 florenos
1020 2251 1308 2291 quinquaginta...
1335 2251 1375 2282 de
1402 2251 1502 2282 rebus
1530 2252 1712 2283 mobilibus
1751 2253 1858 2292 ipsius
1896 2256 1943 2284 te-

127 2312 274 2343 statricis
311 2312 538 2343 existentibus
565 2313 595 2342 in
622 2312 724 2342 domo
762 2312 869 2352 ipsius
907 2313 1087 2343 testatricis
1125 2313 1386 2353 recuperandos,
1413 2322 1473 2353 pro
1499 2316 1616 2345 ornatu
1651 2314 1862 2355 infrascripte
1888 2324 1942 2346 ca—

127 2373 213 2413 pelle
249 2374 474 2405 construende
501 2375 532 2405 in
559 2374 712 2405 sacristia
750 2374 837 2405 dicte
874 2374 1036 2405 ecclesie:
1071 2375 1123 2406 cui
1150 2375 1285 2414 quidem
1313 2375 1441 2415 capelle
1468 2375 1524 2406 dat
1550 2378 1581 2407 et
1607 2376 1693 2416 legat
1719 2377 1827 2408 dictas
1854 2377 1939 2408 duas

127 2435 234 2475 petias
260 2436 356 2467 vinee
382 2438 414 2467 et
439 2436 610 2476 predictos
636 2436 782 2467 florenos
808 2436 1053 2476 quinquaginta
1079 2437 1325 2476 expendendos
1351 2438 1382 2468 et
1408 2446 1494 2477 quos
1520 2438 1665 2478 expendi
1705 2438 1774 2470 vult
1802 2448 1861 2478 pro
1887 2449 1940 2470 or-

131 2499 207 2528 natu
245 2497 359 2529 altaris
385 2500 415 2529 et
441 2498 569 2538 capelle
595 2508 633 2529 ac
660 2507 720 2538 pro
746 2499 981 2529 construcione
1019 2499 1191 2539 sepulture
1230 2499 1260 2529 in
1288 2499 1361 2539 ipsa
1399 2500 1554 2531 sacristia
1590 2500 1785 2532 fiendarum.
1815 2501 1853 2532 Et
1879 2502 1941 2533 ltoc

128 2568 188 2599 pro
214 2560 411 2592 remissione
438 2561 622 2592 animarum
647 2560 754 2600 ipsius
780 2561 958 2591 testatricis
984 2570 1021 2592 ac
1048 2561 1152 2601 patris
1177 2563 1208 2592 et
1235 2562 1349 2592 matris
1368 2570 1503 2592 suorum
1530 2564 1561 2593 et
1586 2562 1665 2594 dicti
1692 2564 1863 2603 quondam
1883 2564 1943 2595 do-

127 2621 204 2652 mini
232 2620 363 2653 Andree
390 2623 468 2654 olim
495 2623 568 2654 eius
595 2623 711 2654 mariti.
750 2622 852 2660 Quod
891 2623 1025 2662 quidem
1063 2623 1165 2654 altare
1202 2625 1336 2654 ornetur
1360 2625 1390 2654 et
1416 2625 1630 2655 construatur
1656 2625 1748 2655 iuxta
1775 2625 1940 2657 delibera-

129 2682 258 2714 cionem
285 2685 457 2716 reverendi
485 2685 589 2725 patris
626 2677 753 2716 domini
792 2686 941 2726 magistri
968 2684 1093 2716 Alberti
1120 2685 1161 2716 de
1187 2683 1320 2725 Crispis
1324 2710 1374 2716 .....
1413 2684 1498 2717 Cum
1537 2687 1600 2718 hoc
1626 2687 1716 2727 quod
1743 2687 1822 2718 dicti
1850 2687 1944 2718 Prior

127 2747 158 2776 et
183 2745 313 2778 Fratres
338 2747 416 2778 dicti
444 2750 641 2785 conventus,
668 2757 728 2788 pro
754 2748 931 2779 animabus
957 2747 997 2778 de
1023 2747 1148 2787 quibus
1174 2756 1287 2787 supra,
1302 2750 1478 2779 teneantur
1496 2750 1526 2779 et
1552 2749 1689 2789 obligati
1717 2750 1782 2781 sint
1809 2750 1941 2791 singula

183 2902 212 2925 (l)
229 2902 269 2923 Fra
286 2903 361 2928 questi
378 2902 486 2929 Religiosi
503 2909 561 2924 sono
577 2904 605 2924 da
621 2905 701 2925 notare
722 2909 786 2925 come
809 2904 970 2929 appartenenti
993 2910 1005 2924 ιι
1062 2909 1143 2928 presso
1168 2903 1324 2929 Alessnndria,
1347 2903 1369 2924 di
1392 2904 1426 2925 cui
1443 2905 1461 2924 si
1485 2904 1576 2925 trovera
1602 2905 1622 2925 in
1645 2906 1737 2930 seguito
1760 2906 1879 2926 menzione
1904 2906 1925 2926 in

131 2945 199 2966 nobili
215 2945 314 2971 famiglie
330 2947 409 2972 pavesi
426 2947 430 2967 i
447 2947 568 2973 seguenti:
594 2947 743 2968 Bartnlumeo
769 2948 887 2972 Fazzardi,
911 2947 1009 2967 Mantre-
1065 2948 1128 2967 molti
1145 2948 1285 2968 documenti.

132 2989 185 3009 dino
201 2989 228 3010 de
244 2990 384 3016 Mombrcto‚
397 2991 515 3012 Gualtiero
531 2992 603 3017 Cotti,
616 2992 727 3012 Tomaino
739 2992 894 3015 Sannazzam,
909 2992 1008 3011 Antonio
1116 2992 1145 3016 (2)
1162 2986 1178 3012 Ε
1194 2992 1290 3012 l'ultima
1307 2992 1368 3013 volta
1385 2993 1425 3013 elle
1437 2993 1471 3013 nei
1484 2994 1555 3014 nostri
1568 2993 1699 3014 documenti
1715 2994 1836 3019 apparisce
1848 2994 1861 3013 il
1873 2999 1939 3014 nome

131 3032 216 3059 Αδῐῐιῐί,
239 3033 350 3059 Agostinn
374 3035 503 3055 Eustacclti.
521 3036 587 3056 Frate
610 3036 757 3056 Bartulomco
773 3036 945 3056 ‹l'ltlessanxlria
968 3036 1005 3060 qui
1063 3036 1083 3056 di
1101 3038 1185 3061 questo
1200 3036 1286 3060 grande
1303 3035 1426 3062 Religioso,
1443 3037 1523 3062 poiche
1539 3042 1604 3058 come
1620 3043 1685 3058 narra
1697 3037 1710 3057 il
1722 3037 1805 3057 'sorelli
1822 3038 1876 3061 (vol.
1893 3038 1939 3061 vn,

131 3077 249 3098 nominato
265 3078 276 3099 ὲ
292 3079 475 3104 probabilmente
491 3079 549 3100 irate
565 3080 713 3101 Bartolomeo
729 3081 815 3101 Ferrnri
828 3080 848 3100 di
861 3080 1007 3101 castellano
1064 3086 1115 3105 pag.
1131 3080 1152 3104 6)
1168 3080 1244 3100 l'anno
1260 3082 1372 3105 scguente
1389 3081 1438 3102 145⁴
1454 3081 1496 3106 egli
1513 3087 1585 3102 venne
1600 3087 1613 3102 a
1629 3083 1710 3102 morte.
