2347 3444
1937 201 1999 232 355

949 385 1234 427 DCXXIX.

275 496 325 523 La
351 495 537 524 Comunita
563 495 597 522 di
625 495 659 523 S.
688 495 856 523 Mostiola
882 495 999 523 riceve
1025 495 1048 522 il
1074 498 1284 531 pagamento
1310 494 1344 522 di
1370 502 1414 521 un
1441 502 1554 521 annuo
1581 493 1709 528 legato.

798 599 958 629 1409,
991 599 1268 631 ge1111z.2io,
1300 597 1377 622 1³7..

755 688 832 708 [Ascli.
850 688 929 708 Notus.
947 688 967 707 di
985 687 1063 708 Pavin.
1120 688 1163 707 Atti
1181 687 1201 707 di
1219 687 1313 712 Gmrgio
1331 686 1430 709 Porzio).

253 873 375 989 N
424 870 473 942 ft.
501 885 653 926 capitolo
679 885 732 916 clel
756 886 944 916 Monastero
970 885 1004 916 <li
1028 885 1059 917 S.
1087 885 1256 922 Mosstola,
1282 884 1428 915 calamato
1447 883 1470 915 il
1489 883 1640 923 Capitolo
1659 883 1693 914 dl
1709 884 1762 914 cui
1778 882 1886 923 sunno
1908 886 2001 922 parte

424 946 425 950 ’
453 948 476 979 il
500 947 611 979 Priore
637 948 690 979 del
716 947 892 985 Conventa,
912 947 1001 987 frate
1027 947 1133 978 Paolo
1158 947 1197 978 dc
1223 947 1319 987 Ripa,
1346 947 1387 978 ed
1410 947 1421 978 ι’
1437 946 1523 986 frati
1547 946 1737 977 Melclnot're
1771 946 1892 983 Lucilii,
1922 945 2003 977 Clzc-

208 1046 417 1048 ῩῙῙῙ
452 1010 567 1042 rubino
593 1011 635 1041 cla
664 1009 788 1045 Crenm,
819 1010 994 1041 Get-olamo
1020 1010 1062 1041 du
1089 1010 1206 1050 Pupia,
1236 1009 1429 1042 Costcmtim)
1455 1009 1497 1040 cla
1523 1009 1742 1048 Martinengo‚
1761 1008 1939 1040 Bcnedctto
1959 1008 2001 1039 du

196 1073 347 1111 Padova,
381 1073 541 1105 V1'ncenzo
578 1073 621 1104 da
661 1072 805 1109 Gcnora,
845 1073 988 1103 Lorenzo
1014 1073 1057 1104 da
1081 1073 1254 1108 Miradolo,
1292 1072 1423 1103 Albcrto
1460 1071 1498 1102 cle
1524 1071 1640 1107 Ριινία,
1670 1070 1835 1103 Οίονιιηηί
1859 1070 2001 1102 Buttistcz

183 1135 303 1172 Ρίεΐνα,
330 1135 469 1167 Mlellele
494 1135 613 1169 Pletra.
637 1135 695 1175 ριίὶ
720 1135 754 1166 cli
778 1135 840 1166 dne
861 1136 950 1175 parti
974 1135 1056 1166 delle
1082 1137 1126 1166 tre
1151 1135 1204 1166 del
1230 1134 1392 1175 Capitolo,
1418 1135 1567 1165 ricevono
1585 1134 1642 1164 dal
1658 1134 1765 1164 nobile
1792 1133 2001 1164 Batrolomeo

183 1198 294 1230 Pietra
319 1198 372 1229 del
389 1197 431 1238 fu
456 1197 592 1233 Mllcmo,
613 1197 728 1237 florini
757 1198 776 1228 7
793 1206 854 1238 per
876 1197 986 1237 legato
1013 1207 1121 1229 ‹Illltllo
1159 1197 1327 1228 ristlltmilc
1364 1196 1421 1228 ιίιιΙ
1456 1196 1606 1227 codicillo
1633 1196 1667 1227 di
1691 1196 1778 1227 dello
1797 1195 1838 1236 sn
1864 1196 2001 1231 Milano,

183 1263 299 1300 rogato
325 1260 382 1292 dal
404 1262 517 1291 notaio
544 1258 735 1299 Sz'cle1·t'(l).

963 1406 1220 1447 DCXXX.

273 1516 501 1553 Disposizioni
526 1515 784 1545 testamentarie
810 1515 842 1544 di
867 1516 992 1544 Cosma
1017 1515 1164 1544 Colesini
1188 1524 1248 1552 per
1272 1516 1305 1543 S.
1332 1515 1436 1543 Paolo
1461 1523 1478 1543 e
1504 1515 1536 1543 S.
1563 1514 1739 1550 Agostino.

796 1629 960 1661 1499,
990 1629 1272 1661 gem1aio‚
1302 1629 1392 1653 22.

751 1718 828 1742 (Arcti,
845 1718 898 1738 Not⁴
915 1718 936 1738 di
955 1718 1024 1738 pavia
1040 1729 1065 1731 —
1081 1717 1128 1738 Atti
1145 1718 1166 1738 di
1184 1718 1304 1738 Leonardo
1321 1717 1432 1741 Buscati)⁴

291 1903 335 2018 I
427 1900 457 1947 ¹N
482 1925 562 1948 casa
598 1916 652 1948 del
685 1917 806 1952 notaio,
845 1917 876 1948 in
913 1916 1112 1948 Parrocclzia
1138 1916 1173 1947 di
1196 1915 1227 1948 S.
1255 1914 1472 1947 Seconciiano.
1516 1915 1722 1946 Testmnenlo
1759 1914 1835 1945 dell'
1849 1915 2005 1955 egregius

454 1980 485 2008 et
510 1978 647 2018 sapiens
673 1979 852 2019 gramatice
879 1977 1051 2018 professor
1077 1978 1235 2008 dominus
1261 1978 1419 2018 magister
1460 1976 1608 2009 Cosmus
1644 1977 1684 2008 de
1721 1976 1878 2009 Colexini
1916 1977 2005 2007 tilius

209 2077 276 2078 ἶ
455 2044 631 2082 separatus
658 2041 784 2072 domini
812 2041 983 2082 Mathey...
1010 2041 1062 2072 col
1085 2041 1193 2081 quale,
1219 2040 1390 2072 annullato
1415 2040 1439 2072 il
1458 2040 1651 2081 precedente
1669 2042 1871 2075 testamento,
1890 2038 1941 2078 (2)
1959 2039 2005 2070 el-

187 2104 259 2145 ligit
283 2104 347 2135 sibi
375 2104 581 2144 sepulturam
608 2104 649 2135 ad
677 2104 851 2135 ecclesiam
880 2105 984 2135 sancti
1013 2103 1107 2134 Pauli
1134 2104 1230 2135 sitam
1258 2105 1350 2134 extra
1376 2105 1407 2134 et
1433 2112 1537 2143 prope
1565 2103 1672 2134 menia
1699 2103 1845 2133 civitatis
1879 2102 2003 2142 Papie,

186 2169 217 2198 et
243 2167 285 2198 ad
312 2175 411 2207 quam
438 2167 613 2198 ecclesiam
641 2167 925 2207 quandocumque
951 2167 1151 2207 contingerit
1177 2167 1286 2206 ipsum
1314 2166 1486 2197 dominum
1513 2168 1704 2197 testatorem
1732 2165 1775 2196 ab
1802 2166 1864 2196 hoc
1890 2165 2004 2196 seculo

187 2229 350 2260 decedere
375 2232 406 2260 et
431 2230 503 2260 eius
528 2230 673 2260 animam
700 2238 718 2260 a
743 2238 883 2269 corpore
910 2229 1088 2269 segregari,
1117 2229 1219 2259 vult...
1245 2229 1318 2259 eius
1343 2229 1488 2259 cadaver
1514 2228 1637 2268 portari
1664 2230 1694 2259 et
1714 2228 1794 2258 illud
1814 2227 1911 2258 simul
1930 2236 2004 2258 cum

187 2300 300 2332 capsa,
329 2292 359 2322 in
386 2300 451 2332 qua
478 2292 625 2332 positum
652 2291 750 2322 fuerit
775 2292 899 2322 dictum
926 2292 999 2322 eius
1024 2291 1178 2328 cadaver,
1206 2292 1236 2321 in
1265 2291 1337 2331 ipsa
1364 2291 1516 2329 eeclesia,
1553 2293 1646 2321 extra
1676 2292 1706 2321 et
1731 2292 1806 2321 ante
1843 2290 2005 2330 capellam

188 2354 293 2385 saneti
321 2353 500 2394 Augustini
527 2355 624 2385 sitam
653 2354 683 2385 in
711 2354 798 2385 dicta
824 2354 965 2385 ecclesia
992 2354 1125 2393 sepeliri
1153 2353 1285 2384 debere.

278 2415 400 2447 Item...
438 2416 589 2447 voluit...
628 2416 719 2456 quod
758 2417 788 2446 in
826 2416 1036 2447 funeralibus
1072 2415 1248 2447 cadaveris
1283 2416 1391 2455 ipsius
1417 2415 1542 2445 domini
1570 2415 1739 2446 testatoris
1764 2414 1879 2454 aliquo
1906 2414 2007 2444 modo

190 2478 316 2509 nullum
342 2478 399 2509 fiat
425 2479 678 2509 invitamentum
706 2487 765 2509 nec
790 2478 903 2518 aliqua
929 2479 1093 2509 asociatio
1120 2479 1184 2508 tam
1213 2486 1431 2518 perscnarum
1471 2478 1638 2518 laycarum
1669 2486 1768 2517 quam
1807 2476 2010 2507 ecclesiasti-

189 2548 313 2578 carum,
340 2542 551 2580 preterquam
578 2541 716 2571 rectoris
741 2541 882 2572 ecclesie
909 2540 1112 2580 parochialis
1140 2540 1248 2580 ipsius
1273 2540 1398 2570 domini
1425 2540 1596 2571 testatoris
1622 2542 1652 2570 et
1670 2539 1847 2570 duodecim
1877 2538 2007 2578 presbi-

190 2604 333 2633 terorum
360 2611 397 2633 ac
423 2602 637 2633 dominorum
664 2601 790 2633 Prioris
815 2605 845 2633 et
872 2602 1020 2633 Fratrum
1048 2603 1152 2633 sancti
1180 2601 1274 2633 Pauli
1313 2602 1452 2642 predicti
1490 2611 1527 2633 ac
1565 2602 1776 2632 dominorum
1816 2600 1941 2631 Prioris
1977 2602 2007 2631 et

191 2663 341 2695 Fratrum
368 2665 559 2696 monasterii
586 2668 617 2696 et
642 2667 830 2696 conventus
856 2665 961 2696 sancti
989 2664 1168 2705 Augustini
1196 2663 1300 2704 Papie
1318 2672 1355 2695 ac
1373 2664 1471 2694 etiam
1499 2666 1709 2704 preterquam
1730 2664 1934 2694 notariorum
1954 2672 2010 2693 ve-

191 2726 328 2757 nerandi
355 2725 499 2767 Collegii
525 2727 740 2758 Notariorum
767 2728 914 2758 civitatis
941 2726 1066 2767 papie,
1104 2727 1160 2766 qui
1200 2727 1318 2757 notarii
1357 2727 1488 2757 invitari
1527 2726 1670 2758 debeant
1707 2727 1749 2757 ad
1786 2726 2007 2757 asociandum

191 2789 315 2820 dictum
342 2790 415 2820 eius
440 2789 595 2827 cadaver,
622 2790 810 2830 volensque
835 2790 933 2821 etiam
961 2790 1052 2829 quod
1079 2789 1202 2820 dictum
1230 2789 1302 2820 eius
1328 2789 1472 2820 cadaver
1498 2789 1655 2820 induatur
1680 2798 1744 2820 una
1770 2798 1852 2829 capa
1871 2788 2009 2819 Ordinis

249 2947 279 2970 (l)
295 2945 333 2967 Pel
350 2947 491 2967 testamento
513 2947 535 2967 di
557 2947 645 2968 Milano
667 2947 718 2967 vedi
735 2947 755 2967 la
771 2948 826 2967 nota
841 2946 862 2967 al
878 2946 1020 2967 documento
1035 2946 1071 2966 del
1128 2946 1196 2972 quale
1219 2946 1301 2966 stende
1326 2951 1382 2971 pure
1398 2946 1418 2966 la
1435 2946 1537 2966 ricevuta
1554 2952 1594 2971 per
1610 2947 1632 2966 lo
1647 2948 1725 2966 stesso
1749 2947 1888 2971 paganicum
1911 2944 1970 2965 tutto
1986 2945 2006 2965 :il

200 2990 222 3010 17
237 2992 321 3015 agosto
339 2990 395 3010 14824
412 2990 438 3011 Αἰ
453 2991 466 3012 5
480 2991 574 3011 ottobre
596 2991 631 3012 del
654 2991 704 3012 1499
719 2991 732 3011 il
748 2992 889 3016 pagamento
905 2990 926 3010 di
943 2991 1027 3016 questo
1043 2990 1073 3010 le·
1129 2991 1282 3012 l‘rocuratore
1299 2991 1357 3012 frate
1373 2991 1487 3016 Agostino
1503 2991 1562 3011 della
1578 2991 1661 3012 Cliiesa
1677 2991 1697 3011 ai
1717 2991 1739 3010 16
1754 2991 1882 3011 settembre
1899 2990 1933 3009 del
1949 2990 2004 3010 1500,

197 3035 253 3060 gato
268 3034 280 3055 ὲ
295 3034 355 3055 tatto
370 3034 499 3066 dai-piena
514 3040 527 3055 a
543 3034 602 3056 frate
617 3035 730 3056 Giovanni
746 3035 847 3056 Antonio
863 3034 968 3060 Quartini
992 3034 1076 3055 Prucu-
1184 3036 1213 3060 (2)
1230 3036 1285 3057 Vedi
1302 3036 1315 3056 il
1331 3036 1472 3057 documento
1488 3036 1524 3057 del
1543 3036 1566 3056 10
1580 3036 1696 3056 diccmbre
1714 3035 1771 3056 1487.

198 3080 276 3100 ratore
291 3078 314 3099 di
329 3078 352 3100 S.
369 3078 480 3100 Mostiola
502 3084 545 3100 con
567 3081 618 3100 atto
641 3081 723 3105 rogato
739 3079 767 3100 da
784 3079 895 3101 Riccardo
911 3079 1046 3106 Rovescala,
1062 3081 1075 3101 il
