2347 3444
1907 210 1968 242 135

159 344 280 385 quavis
320 343 517 375 auctoritate
558 343 702 374 scienter
742 342 794 374 vel
836 343 1027 383 ignoranter
1066 341 1273 381 contingeret
1313 341 1514 381 attemptari.
1553 339 1638 373 Cum
1681 342 1792 382 itaque
1819 345 1969 383 postmo-

159 407 238 438 dum
276 406 427 438 Ecclesia
465 406 569 437 sancti
609 404 702 437 Pauli
729 405 770 437 de
809 404 998 436 Vernabula
1035 405 1130 435 extra
1166 412 1280 434 muros
1321 404 1516 444 papienses,
1558 403 1730 436 Prioratus
1771 407 1974 445 nuncupata,

161 478 219 509 per
244 469 380 500 liberam
418 468 676 509 resignationem
713 467 824 499 dilecti
850 467 907 498 filii
935 466 1091 498 Iohannis
1123 464 1284 506 Stephani
1310 466 1352 497 de
1379 465 1569 507 Buttigellis
1606 466 1732 498 Notarii
1772 468 1874 498 nostri
1913 477 1971 508 per

161 540 235 563 eum
261 531 302 562 de
330 531 394 568 illa,
421 540 520 571 quam
547 533 625 562 tunc
651 530 881 567 obtinebat,in
898 530 1054 561 manibus
1069 529 1192 560 nostris
1210 526 1260 568 (1)
1286 530 1407 569 sponte
1426 528 1546 560 factam
1566 531 1597 560 et
1616 538 1674 569 per
1700 538 1761 561 nos
1787 530 1970 561 admissam

162 594 252 634 apud
279 592 400 625 Sedem
439 594 558 633 ipsam,
596 593 768 624 vacaverit
794 595 825 624 et
852 595 949 624 vacet
974 592 1015 623 ad
1043 599 1195 632 presens,
1233 591 1414 631 nullusque
1440 591 1481 622 de
1508 591 1562 622 illa
1589 593 1699 632 preter
1725 601 1786 623 nos
1813 593 1874 623 hae
1900 592 1972 623 vice

163 656 344 696 disponere
382 655 527 695 potuerit
564 655 636 686 sive
674 655 793 694 possit,
831 654 1057 686 reservatione
1093 655 1125 685 et
1154 654 1289 685 decreto
1314 653 1562 685 obsistentibus
1588 654 1803 694 supradictis,
1834 656 1864 685 et
1890 654 1976 685 sicut

162 718 288 749 exibita
316 718 414 749 nobis
440 726 543 757 super
568 717 630 748 hoc
646 726 706 757 pro
721 719 813 757 parte
841 716 960 748 Vicarii
987 718 1018 748 et
1044 716 1192 747 Fratrum
1208 715 1433 756 predictorum
1450 716 1566 756 petitio
1585 716 1789 753 continebat,
1805 716 1891 747 idem
1907 716 1976 747 No-

164 781 267 812 tarius
293 780 336 811 ob
363 780 566 821 singularem
604 779 795 811 devotionis
832 779 997 815 affectum,
1037 788 1135 819 quem
1162 778 1203 810 ad
1229 787 1288 810 eos
1314 780 1344 810 et
1370 779 1493 809 dictum
1528 777 1688 810 Ordinem
1727 779 1833 810 sancti
1861 778 1976 819 Augu-

163 843 238 874 stini
266 843 349 883 gerit
366 839 427 881 (2),
453 841 629 873 ecclesiam
658 842 765 881 ipsam
793 842 823 872 in
850 841 985 872 domum
1013 841 1149 872 fratrum
1177 840 1418 872 Heremitarum
1445 840 1596 872 eiusdem
1624 839 1762 872 Ordinis
1781 841 1887 872 sancti
1908 839 1976 871 Αιι-

165 905 289 945 gustini
316 904 397 944 erigi
424 904 604 941 desideret,
631 912 690 944 pro
717 906 810 944 parte
837 903 957 935 Vicarii
984 905 1015 935 et
1040 903 1176 935 fratrum
1203 903 1430 943 predictorum
1470 903 1643 943 presertim
1682 903 1848 943 provintie
1882 902 1978 933 Lom-

166 967 292 1004 bardie,
318 966 505 998 secundum
533 975 655 997 morem
695 964 833 997 Ordinis
870 966 1039 1003 antedicti,
1067 966 1164 997 nobis
1190 965 1251 997 fuit
1284 966 1452 997 humiliter
1488 965 1715 1006 supplicatum
1743 967 1777 996 ut
1802 965 1977 996 ecclesiam

165 1029 284 1069 ipsam,
310 1038 374 1069 que
400 1028 441 1060 ad
468 1029 680 1059 collationem
709 1027 851 1059 Abbatis
877 1031 908 1060 et
935 1029 1132 1060 Monasterii
1159 1030 1275 1059 sancte
1302 1026 1472 1060 Christine
1505 1026 1644 1059 Ordinis
1670 1028 1776 1059 sancti
1804 1027 1975 1058 Benedicti

165 1091 434 1122 Mediolanensis
461 1090 617 1122 Diocesis
644 1091 808 1130 pertinere
833 1091 1031 1127 dinoscitur,
1057 1093 1089 1122 et
1115 1091 1279 1122 interdum
1306 1100 1365 1130 per
1390 1090 1571 1128 seculares,
1597 1090 1804 1130 quandoque
1823 1100 1901 1121 vero
1921 1099 1979 1129 per

165 1153 355 1185 Monaehos
381 1153 459 1185 dicti
488 1153 685 1185 Nlonasterii
712 1153 753 1184 ad
781 1155 895 1184 nutum
935 1154 1043 1193 ipsius
1080 1153 1213 1185 abbatis
1250 1153 1450 1184 amovibiles
1477 1153 1544 1193 regi
1572 1153 1797 1191 consueverit,
1832 1152 1921 1183 illius
1947 1153 1974 1183 si

164 1224 230 1256 qua
256 1216 298 1247 sit
323 1216 549 1255 dependentia
583 1215 634 1247 vel
673 1216 883 1247 subiectione
921 1216 1118 1255 suppressis
1156 1216 1289 1256 penitus
1327 1217 1357 1246 et
1395 1215 1562 1252 extinctis,
1590 1215 1621 1246 in
1656 1215 1791 1246 domum
1819 1213 1977 1246 Conven-

166 1278 288 1309 tualem
314 1278 392 1309 dicti
419 1277 557 1310 Ordinis
584 1278 720 1309 fratrum
756 1278 997 1309 Heremitarum
1036 1279 1252 1309 observantie
1291 1278 1482 1309 huiusmodi
1521 1286 1579 1318 per
1615 1276 1763 1309 Priorem
1804 1277 1979 1309 annualem

165 1342 196 1372 et
220 1340 353 1380 aliquos
379 1349 419 1372 ex
447 1341 531 1380 ipsis
557 1340 715 1371 fratribus
742 1341 772 1371 in
799 1349 837 1372 ea
865 1339 1039 1371 Altissimo
1066 1341 1251 1371 servituros
1290 1340 1382 1371 iuxta
1423 1348 1537 1371 eorum
1573 1340 1665 1377 ritus,
1692 1348 1802 1371 mores
1828 1342 1858 1370 et
1885 1348 1981 1380 regu-

167 1403 246 1434 laria
284 1403 435 1434 instituta
472 1403 636 1442 perpetuo
674 1402 794 1433 futuris
832 1402 1041 1442 temporibus
1066 1402 1257 1439 tenendam,
1284 1401 1465 1442 regendam
1502 1403 1533 1432 et
1559 1401 1812 1441 gubernandam
1839 1401 1976 1441 erigere,

166 1474 307 1505 eamque
334 1465 382 1496 sic
409 1467 564 1501 erectam,
591 1465 681 1495 dicto
707 1463 824 1495 Ordini
852 1464 988 1495 fratrum
1017 1464 1259 1495 Heremitarum
1278 1466 1441 1504 perpetuo
1460 1464 1658 1501 concedere,
1676 1463 1802 1494 donare
1821 1465 1852 1494 et
1870 1462 1980 1503 appli-

169 1536 256 1564 care,
282 1536 320 1558 ae
347 1527 431 1558 alias
458 1536 559 1566 super
585 1526 648 1557 hiis
675 1528 839 1566 oportune
867 1526 1045 1566 providere
1072 1526 1112 1557 de
1140 1526 1344 1567 benignitate
1372 1526 1559 1566 apostolica
1585 1526 1809 1566 dignaremur.

256 1589 327 1620 Nos
354 1589 462 1629 igitur,
489 1589 544 1628 qui
571 1589 676 1619 divini
706 1588 817 1620 cultus
843 1590 873 1619 et
900 1588 1071 1629 religionis
1098 1588 1376 1629 propagationem
1403 1588 1545 1619 intensis
1563 1588 1743 1619 desideriis
1769 1587 1978 1623 affectamus,

170 1651 361 1682 huiusmodi
388 1651 695 1691 supplicationibus
722 1651 881 1687 inclinati,
907 1651 1101 1682 discretioni
1129 1652 1183 1682 tue
1210 1659 1269 1690 per
1293 1650 1482 1690 apostolica
1508 1650 1632 1690 scripta
1666 1650 1865 1681 mandamus
1898 1658 1982 1689 qua—

166 1716 274 1751 tenus,
301 1714 327 1745 si
354 1715 404 1744 est
430 1713 484 1749 ita,
510 1713 700 1750 ecclesiam,
737 1713 834 1744 cuius
872 1712 1010 1749 fruetus,
1048 1713 1201 1744 redditus
1226 1714 1257 1743 et
1283 1714 1469 1753 proventus
1506 1714 1582 1743 octo
1607 1712 1809 1743 florenorum
1837 1712 1907 1743 auri
1934 1711 1975 1742 de

166 1774 307 1807 Camera
344 1775 530 1806 seeundum
568 1784 743 1806 comunem
781 1775 1033 1806 extimationem
1071 1774 1218 1806 valorem
1256 1784 1415 1812 annuum,
1443 1776 1477 1806 ut
1502 1775 1674 1812 asseritur,
1702 1783 1767 1805 non
1794 1774 1974 1809 excedunt,

166 1837 358 1868 huiusmodi
385 1837 609 1877 dependentia
636 1837 686 1868 vel
713 1837 934 1874 subiectione,
960 1837 986 1868 si
1014 1845 1078 1877 que
1104 1837 1180 1875 sint,
1214 1837 1297 1868 alias
1326 1838 1435 1868 tamen
1465 1837 1595 1876 absque
1625 1836 1769 1868 alicuius
1796 1836 1977 1876 preiuditio

165 1899 362 1939 suppressis
388 1900 418 1930 et
443 1899 612 1936 extinctis,
639 1899 669 1929 in
696 1899 831 1930 domum
859 1899 937 1930 dicti
965 1898 1102 1930 Ordinis
1129 1899 1265 1930 fratrum
1286 1899 1529 1930 Heremitarum
1549 1908 1607 1938 per
1625 1898 1772 1930 Priorem
1792 1898 1970 1929 annualem

164 1963 195 1992 et
220 1961 353 2001 aliquos
379 1961 496 1992 fratres
522 1961 601 1992 dieti
628 1959 766 1992 Ordinis
793 1961 823 1992 in
850 1970 898 1998 ea,
926 1961 1018 1992 iuxta
1045 1961 1194 2001 ipsorum
1223 1962 1373 1992 instituta
1416 1961 1580 2001 regularia
1608 1961 1787 2001 regendam
1807 1962 1837 1992 et
1856 1961 1979 2001 guber-

162 2023 318 2060 nandam,
345 2022 462 2055 Ordini
489 2023 625 2054 fratrum
665 2022 907 2054 Heremitarum
945 2023 1159 2054 observantie
1197 2023 1400 2061 huiusmodi,
1427 2024 1470 2054 ita
1497 2025 1531 2054 ut
1557 2023 1679 2054 ibidem
1713 2022 1857 2053 Domum
1885 2021 1975 2054 Con-

163 2086 353 2118 ventualem
380 2095 454 2117 curn
482 2095 658 2125 campana,
685 2086 876 2125 campanili,
903 2085 1060 2123 claustro,
1087 2086 1293 2122 dormitorio,
1321 2085 1509 2123 refectorio,
1535 2085 1627 2123 ortis,
1653 2085 1815 2116 ortaliciis
1841 2086 1872 2116 et
1897 2084 1973 2115 aliis

163 2148 365 2180 necessariis
401 2147 556 2185 officinis,
593 2148 736 2179 alicuius
773 2148 910 2179 alterius
949 2148 1079 2179 licentia
1117 2156 1219 2187 super
1244 2148 1306 2179 hoc
1333 2148 1467 2178 minime
1493 2147 1664 2187 requisita,
1690 2147 1816 2187 erigere
1843 2147 1975 2187 possint

164 2219 238 2242 cum
264 2210 422 2241 omnibus
448 2210 578 2241 iuribus
604 2212 634 2241 et
660 2210 871 2250 pertinentiis
897 2210 979 2247 suis,
1006 2210 1191 2241 concedere
1217 2212 1248 2241 et
1273 2212 1438 2250 perpetuo
1474 2209 1645 2250 applicare
1683 2211 1796 2240 nostra
1833 2209 1978 2240 auctori-

165 2274 230 2303 tate
256 2280 426 2312 procures.

252 2333 326 2365 Non
352 2334 568 2365 obstantibus
593 2333 701 2365 felicis
728 2334 970 2365 recordationis
997 2333 1160 2364 Bonifacii
1188 2332 1279 2373 Pape
1305 2332 1425 2365 Octavi
1453 2333 1707 2373 predecessoris
1727 2333 1842 2369 nostri,
1861 2333 1974 2373 prohi-

165 2396 274 2427 bentis
300 2405 340 2427 ne
365 2395 483 2427 fratres
510 2395 675 2427 Ordinum
703 2396 970 2427 Mendicantium
998 2396 1028 2426 in
1055 2396 1168 2435 aliqua
1194 2396 1340 2433 civitate,
1368 2397 1477 2426 castro
1504 2395 1555 2426 vel
1584 2395 1673 2433 villa,
1699 2395 1771 2426 sive
1797 2395 1862 2426 alio
1889 2395 1974 2431 loco,

163 2458 283 2489 domos
309 2458 360 2489 vel
387 2458 459 2490 loca
485 2467 698 2498 quecumque
725 2458 765 2489 ad
794 2458 1023 2495 habitandum,
1050 2458 1091 2488 de
1118 2466 1207 2488 novo
1234 2457 1380 2497 recipere
1399 2459 1455 2488 aut
1474 2459 1606 2497 recepta
1626 2459 1752 2488 mutare
1771 2459 1976 2497 presumant,

165 2521 294 2560 absque
323 2519 517 2560 Apostolice
533 2519 631 2552 Sedis
650 2521 780 2552 licentia
800 2520 944 2560 spetiali,
963 2520 1105 2551 faciente
1124 2519 1256 2559 plenam
1275 2521 1305 2550 et
1323 2528 1521 2559 expressam
1541 2528 1578 2550 ac
1597 2519 1638 2550 de
1658 2519 1762 2550 verbo
1780 2519 1821 2550 ad
1838 2519 1975 2550 verbum

164 2583 205 2613 de
231 2582 427 2614 inhibitione
454 2583 645 2614 huiusmodi
673 2583 886 2619 mentionem,
912 2585 943 2613 et
968 2582 1042 2613 aliis
1069 2581 1368 2613 constitutionibus
1404 2581 1603 2621 apostolicis
1633 2582 1810 2612 contrariis
1836 2581 1978 2621 quibus—

163 2653 316 2684 cumque.
343 2644 414 2676 Nos
439 2645 526 2676 enim
553 2644 657 2676 Priori
685 2647 715 2676 et
742 2644 924 2681 Fratribus,
951 2644 1006 2684 qui
1046 2644 1076 2674 in
1108 2644 1181 2683 ipsa
1219 2643 1320 2674 domo
1359 2653 1418 2683 pro
1455 2645 1604 2683 tempore
1631 2644 1860 2681 morabuntur,
1886 2644 1976 2683 quod

164 2707 321 2738 omnibus
346 2709 377 2739 et
402 2707 546 2748 singulis
573 2707 772 2748 privilegiis,
798 2707 1083 2747 exemptionibus,
1111 2705 1249 2737 indultis
1274 2707 1305 2737 et
1331 2706 1457 2746 gratiis,
1483 2705 1558 2737 aliis
1583 2706 1742 2737 domibus
1768 2708 1798 2737 et
1816 2705 1975 2737 fratribus

220 2873 249 2897 (l)
265 2872 307 2898 Qui
324 2873 449 2894 dobbiamo
465 2874 600 2894 ricliiarnare
616 2874 629 2895 il
645 2874 696 2894 doc⁴
714 2879 734 2894 n.
751 2873 868 2899 CCXClll,
880 2873 916 2893 ual
933 2872 1001 2898 quale
1017 2872 1044 2892 ri·
1099 2871 1182 2892 nunzia
1198 2877 1275 2892 essere
1291 2872 1352 2892 stata
1368 2871 1426 2892 farta
1442 2871 1500 2892 nelle
1515 2877 1557 2892 sue
1574 2871 1641 2892 mani.

168 2918 229 2938 sulla
244 2918 285 2938 che
301 2918 314 2938 il
330 2923 415 2944 pavese
431 2918 543 2939 Giovanni
559 2918 655 2939 Stefano
671 2918 795 2944 Bottigella
807 2917 971 2939 Protonotario
982 2917 1043 2942 Apo·
1150 2916 1180 2940 (2)
1195 2916 1283 2940 Questa
1299 2916 1443 2937 circostanza
1459 2916 1471 2936 ὲ
1487 2916 1560 2941 degna
1577 2916 1598 2937 di
1615 2918 1669 2937 nota
1693 2916 1776 2942 perche
1799 2916 1911 2936 diniostra
1934 2916 1975 2936 che

168 2961 251 2982 stolico
266 2967 338 2983 aveva
354 2961 384 2983 tin
400 2962 436 2983 dal
454 2963 504 2983 1⁴60
519 2963 591 2983 eletto
607 2963 611 2983 i
627 2962 678 2983 suoi
696 2962 842 2983 procuratori
859 2968 898 2987 per
915 2962 1043 2982 riminziare
1099 2961 1119 2981 la
1136 2960 1238 2981 rinunzia
1254 2960 1290 2981 del
1306 2960 1328 2981 S.
1346 2960 1417 2981 Paulo
1433 2960 1455 2981 fu
1471 2960 1529 2981 latta
1545 2961 1582 2981 dal
1599 2961 1722 2987 Bottigella
1734 2966 1746 2981 a
1758 2961 1836 2981 lavore
1853 2960 1911 2985 degli
1924 2960 1975 2981 Ere-

169 3005 226 3026 nclle
242 3006 300 3026 mani
317 3005 352 3026 del
369 3006 486 3027 Pontefice
502 3007 516 3027 il
533 3006 639 3027 Priorato
655 3007 676 3027 di
692 3006 714 3027 S.
733 3006 812 3027 Paolo.
829 3005 924 3027 Sembra
936 3005 991 3031 peris
1003 3006 1043 3026 che
1099 3005 1187 3031 mitani,
1203 3011 1214 3026 e
1230 3005 1271 3026 che
1294 3005 1372 3030 percio
1388 3005 1401 3025 il
1418 3011 1484 3026 nome
1500 3005 1522 3025 di
1538 3005 1652 3026 Giovanni
1675 3005 1771 3026 Stetano
1797 3005 1921 3030 Bottigella
1937 3006 1972 3025 sta

169 3050 214 3070 tale
229 3050 331 3071 rinunzia
353 3056 398 3071 non
420 3051 454 3071 sia
476 3052 593 3072 avvenuta
615 3051 637 3072 di
659 3050 719 3072 fatto
735 3057 760 3072 se
776 3057 820 3071 non
845 3051 907 3076 dopo
923 3050 1040 3071 l'ottobre
1097 3050 1249 3075 degnamentc
1265 3055 1277 3070 a
1294 3049 1341 3070 lato
1357 3049 1378 3070 di
1395 3049 1472 3075 quello
1488 3049 1524 3070 del
1540 3055 1584 3070 suo
1599 3050 1703 3075 glorioso
1718 3051 1829 3070 antenato
1850 3049 1907 3069 irate
1933 3048 1975 3069 Bo-

169 3094 205 3114 del
223 3094 280 3119 1464,
302 3094 395 3120 quando
416 3094 439 3115 fu
462 3095 533 3116 eletto
559 3095 630 3116 Paolo
653 3095 678 3121 ll,
694 3095 707 3116 il
724 3095 793 3121 quale
815 3095 893 3121 percio
913 3095 962 3115 dice
978 3095 998 3115 la
1015 3094 1042 3114 ri·
1097 3093 1180 3114 nitacio
1196 3093 1329 3119 Bottigella,
1344 3099 1399 3114 vero
1415 3095 1552 3114 ornamento
1567 3093 1589 3114 di
1606 3093 1628 3114 S.
1646 3093 1723 3114 Pietro
1739 3094 1760 3114 in
1776 3093 1823 3114 Cicl
1840 3093 1920 3113 d'oro.
