2347 3444
314 241 352 272 16

400 373 433 404 1η
459 373 596 405 destrali
622 376 732 404 autem
770 373 863 404 radio
897 375 974 404 sunt
999 372 1084 404 aliae
1111 374 1178 404 tres
1203 372 1330 410 stellae,
1356 372 1484 404 scilicet
1503 372 1649 414 Justitia,
1677 371 1856 408 Fortitudo,
1888 372 2126 413 Temperantia.

303 436 436 477 Justitia
466 438 587 473 autem,
615 438 647 467 ut
673 435 718 467 ait
744 434 934 472 Psalmista,
960 437 1009 466 est
1044 435 1207 466 aeclinare
1232 443 1252 466 a
1277 435 1365 466 malo
1402 437 1433 466 et
1450 434 1565 475 facere
1602 434 1731 466 bonum.
1758 432 1858 472 Quod
1896 437 2007 466 autem
2045 434 2123 467 Dux

308 501 422 530 noster
445 507 463 529 a
490 498 577 530 malo
603 498 820 530 declinaverit
838 500 868 529 et
887 497 999 528 fecerit
1027 497 1162 533 bonum,
1189 497 1315 537 patebit
1341 497 1581 535 discurrendo;
1620 505 1695 528 nam
1723 497 1795 537 ipse
1820 497 2015 528 attendebat
2041 497 2122 528 illud

309 560 550 597 Ecclesiastici,
577 559 667 591 XVI:
694 559 787 591 Deus
821 559 969 591 homines
1004 559 1181 590 secandum
1220 567 1318 599 opera
1343 567 1404 590 saa
1441 559 1573 594 iudicat,
1601 560 1631 590 et
1657 558 1737 589 illud
1765 557 2004 599 Apocalypsis,
2031 558 2125 590 XIV:

309 622 418 663 Opera
443 623 527 654 enlm
552 622 679 653 illorum
704 623 884 661 sequantur
905 621 988 652 illos.
1016 620 1054 652 Et
1081 630 1157 652 vere
1193 621 1292 652 huius
1319 619 1424 652 Ducis
1451 621 1554 652 nostri
1581 629 1683 661 opera
1710 622 1824 652 secuta
1851 623 1928 652 sunt
1954 630 2040 659 eum,
2066 621 2122 662 qui

307 685 471 716 neminem
499 685 620 716 iniuste
648 692 706 724 per
731 684 913 724 potentiam
940 683 1129 723 oppressit;
1156 683 1211 723 qui
1239 682 1311 714 sine
1339 691 1558 723 personarum
1596 683 1792 723 acceptione
1830 683 1913 715 inter
1950 683 2056 714 virum
2094 685 2127 715 et

307 747 497 787 proximum
524 755 621 777 suum
649 746 734 777 iuste
761 745 940 782 iudicavit;
966 745 1022 785 qui
1050 744 1189 785 pupillis
1215 747 1246 776 et
1273 744 1386 776 viduis
1411 744 1570 776 defensor
1595 745 1741 783 exstitit;
1767 745 1823 785 qui
1851 745 2002 776 cohibuit
2027 744 2123 784 furta,

307 809 469 841 adulteria
507 808 648 849 punivit,
676 807 810 847 iniquos
848 816 912 838 non
951 806 1123 844 exaltavit,
1157 806 1348 847 impudicos
1375 809 1405 838 et
1433 807 1612 838 histriones
1649 816 1713 838 non
1754 807 1910 845 nutrivit;
1938 807 2059 847 impios
2084 807 2126 839 de

308 875 404 908 terra,
431 871 626 911 parricidas,
653 872 683 901 et
710 878 812 910 prave
847 869 1000 900 viventes
1027 870 1139 900 vivere
1165 869 1346 909 prohibuit.
1374 868 1544 901 Ecclesias
1581 869 1739 907 defendit,
1778 878 1946 910 pauperes
1983 869 2127 901 eleemo-

307 934 401 973 synis
427 933 518 970 aluit,
554 933 662 963 iustos
687 940 790 972 super
814 932 865 962 sui
892 931 1031 962 dominii
1059 931 1192 972 negotia
1223 931 1406 968 constituit,
1440 939 1540 963 senes
1566 934 1596 962 et
1621 931 1794 972 sapientes
1820 934 1850 963 et
1876 931 2009 963 sobrios
2046 940 2127 963 con-

307 995 453 1026 siliarios
479 995 579 1026 habet
605 996 635 1026 et
662 994 788 1025 habuit.
816 993 1023 1025 lracundiam
1050 993 1190 1031 distulit,
1224 994 1364 1033 patriam
1392 993 1476 1024 iuste
1494 995 1524 1024 et
1543 993 1670 1025 fortiter
1687 996 1802 1025 contra
1827 993 2043 1025 adversarios
2069 994 2127 1026 de-

306 1057 421 1095 fendit,
455 1066 514 1097 per
538 1057 650 1088 omnia
677 1057 707 1087 ln
735 1055 806 1088 Deo
833 1056 981 1087 confidit.
1001 1055 1033 1086 ln
1050 1056 1333 1096 prosperitatibus
1348 1065 1413 1086 non
1430 1064 1466 1087 se
1481 1055 1637 1093 elevavit,
1660 1058 1781 1087 cuncta
1799 1056 1943 1088 adversa
1960 1056 2124 1096 patienter

306 1119 469 1151 toleravit.
497 1119 610 1150 Fidem
637 1117 847 1151 Catholicam
875 1118 1032 1149 servavit.
1061 1117 1163 1149 Filios
1200 1126 1282 1149 suos
1320 1118 1421 1158 impie
1458 1126 1557 1158 agere
1583 1127 1648 1149 non
1687 1119 1848 1158 permisit.
1886 1116 1996 1150 Certis
2036 1118 2127 1150 horis

305 1182 447 1213 orationi
475 1182 601 1213 institit.
629 1180 714 1212 Ante
740 1181 840 1212 horas
865 1189 1033 1221 congruas
1071 1180 1183 1211 cibum
1211 1189 1276 1211 non
1314 1180 1484 1221 gustavit,·
1511 1180 1693 1220 multisque
1729 1180 1804 1212 aliis
1841 1181 1939 1212 iustis
1964 1180 2126 1220 operibus

306 1244 437 1284 plenus,
463 1244 574 1275 dicere
612 1244 719 1284 potuit
746 1243 826 1274 illud
854 1242 979 1274 Psalmi
1006 1241 1115 1274 XVII:
1142 1242 1235 1274 Deus
1256 1243 1443 1283 praecinxit
1466 1250 1516 1273 me
1543 1243 1665 1279 virtute,
1691 1244 1723 1274 et
1742 1243 1855 1283 posuit
1879 1242 2125 1274 immaculatam

308 1307 392 1337 viam
417 1314 540 1337 meam:
569 1306 625 1345 qni
644 1305 782 1346 perfecit
801 1305 904 1345 pedes
928 1313 1020 1336 meos
1045 1307 1214 1344 tamquam
1240 1313 1414 1341 cervorum,
1442 1306 1473 1336 et
1496 1313 1595 1345 super
1617 1304 1749 1336 excelsa
1774 1306 1896 1336 statuet
1919 1313 1979 1336 me.
2007 1302 2068 1337 Cui
2095 1306 2127 1336 et

306 1377 368 1400 nos
394 1368 598 1408 respondere
625 1376 810 1408 possumus
836 1367 916 1398 illud
944 1366 1068 1399 Psalmi
1095 1365 1245 1399 CXVIII:
1272 1367 1454 1408 Magnifice
1481 1366 1570 1405 Dux,
1589 1367 1725 1408 JustItia
1743 1369 1808 1403 tua,
1827 1368 2001 1399 insatiam
2019 1369 2123 1399 aeter-

305 1440 390 1467 num,
417 1433 448 1462 et
472 1430 525 1462 lex
550 1432 606 1462 tua
640 1431 767 1462 veri'tas.

394 1491 553 1533 Sequitur
578 1493 728 1524 secunda
754 1492 851 1524 stella
890 1493 988 1524 huius
1015 1492 1108 1530 radii,
1135 1501 1222 1532 quae
1248 1494 1299 1523 est
1324 1491 1494 1523 Fortitudo
1520 1492 1593 1523 eius
1618 1492 1718 1523 animi
1756 1494 1857 1532 atque
1895 1492 2056 1533 potentia,
2081 1493 2123 1525 de

306 1564 372 1595 qua
399 1555 555 1586 scribitur
581 1554 820 1592 Ecclesiastici,
846 1554 964 1586 XLIII:
992 1554 1063 1595 lpse
1089 1554 1241 1586 terribilis
1265 1554 1429 1586 Dominus
1454 1556 1485 1586 et
1508 1563 1652 1594 magnus
1679 1554 1888 1591 veliementer,
1916 1556 1947 1586 et
1969 1554 2129 1587 mirabilis

299 1618 448 1658 potentia
473 1618 587 1658 ipsius,
612 1617 740 1649 scilicet
773 1617 884 1648 animi.
912 1617 951 1648 Et
977 1626 1054 1649 vere
1080 1616 1252 1648 mirabilis.
1279 1616 1364 1648 Nam
1391 1617 1470 1648 dum
1498 1617 1550 1648 hic
1577 1616 1654 1648 Dux
1683 1617 1829 1658 Inclytus
1855 1619 1968 1649 noster
1993 1626 2126 1649 monar-

303 1680 398 1711 chiae
424 1679 538 1711 fraena
563 1680 712 1721 regebat,
738 1680 850 1711 omnia
877 1682 996 1720 pacato
1022 1681 1053 1711 et
1072 1679 1252 1720 tranquillo
1278 1681 1367 1710 statu
1386 1679 1576 1720 viguerunt,
1595 1679 1782 1711 secundum
1808 1679 1899 1720 quod
1927 1679 2124 1712 mortalibus

303 1742 457 1774 accidere
484 1744 605 1782 potest,
624 1742 775 1774 eamdem
802 1741 921 1774 facIem
949 1750 1081 1782 semper
1108 1741 1274 1782 placidam
1293 1743 1325 1772 et
1343 1741 1579 1773 inconcussam
1607 1750 1765 1773 servans:
1793 1744 1895 1782 utque
1914 1742 1958 1774 ait
1983 1742 2122 1774 illustris

304 1804 505 1836 Franciscus
532 1803 688 1836 Petrarca
715 1805 745 1835 in
773 1804 943 1836 Bucolicis
969 1804 1051 1837 suis.
1079 1803 1204 1845 Ecloga
1231 1803 1276 1834 Il:

730 1928 851 1961 Omnia
876 1937 1017 1968 namque
1042 1928 1147 1960 oculis
1171 1937 1264 1964 unas,
1291 1936 1349 1959 nec
1371 1927 1531 1968 fallimur,
1559 1927 1612 1960 ille

771 1990 964 2031 Laetificare
989 2000 1068 2022 suos
1092 1993 1123 2022 et
1139 1990 1346 2032 saecundare
1371 1990 1508 2022 solebat.

771 2053 832 2084 lllo
857 2053 941 2085 silva
959 2052 1029 2093 suit
1051 2061 1180 2093 semper
1201 2052 1262 2084 snb
1287 2052 1438 2093 Principe
1463 2054 1542 2084 tuta.

774 2115 849 2147 Pax
873 2116 978 2147 inerat
993 2115 1106 2156 fronti,
1134 2117 1166 2146 et
1184 2115 1354 2156 purgabat
1376 2114 1489 2146 nubila
1516 2114 1621 2146 verbo.

393 2240 431 2271 Et
458 2240 533 2271 ideo
560 2240 619 2271 tuit
646 2240 737 2271 velut
762 2240 845 2271 alter
865 2239 974 2281 Julius
1000 2238 1136 2278 Caesar,
1162 2240 1204 2271 de
1229 2249 1297 2280 quo
1323 2240 1490 2277 scribitur,
1516 2239 1607 2280 quod
1633 2239 1901 2279 patientissimus
1926 2239 1986 2270 fuit
2012 2239 2043 2270 in
2069 2247 2126 2270 su-

304 2303 461 2334 stinentia
499 2303 788 2340 contumeliarum,
816 2303 846 2333 in
886 2303 1083 2334 remissione
1122 2302 1328 2339 iniuriarum,
1354 2304 1384 2333 et
1411 2303 1441 2333 in
1469 2302 1699 2333 moderatione
1737 2310 1931 2341 poenarum.
1958 2299 2013 2333 Sic
2043 2299 2122 2332 Dux

304 2366 418 2395 noster
443 2364 564 2395 multas
590 2364 811 2396 contumelias
837 2365 879 2396 ab
905 2365 1046 2396 aemulls
1073 2365 1231 2396 sustinuit
1258 2373 1322 2395 non
1349 2364 1458 2395 solum
1486 2364 1610 2402 verbis,
1628 2363 1688 2395 sed
1715 2365 1745 2394 et
1763 2363 1898 2403 scriptis
1925 2371 1984 2403 per
2008 2371 2125 2394 omnes

304 2427 417 2457 mundi
445 2426 574 2467 plagas,
603 2430 635 2458 ut
663 2427 778 2457 horror
804 2427 845 2458 sit
872 2436 936 2458 non
964 2427 1074 2458 solum
1101 2427 1223 2464 dicere,
1250 2427 1310 2458 sed
1337 2429 1368 2458 et
1394 2426 1551 2467 cogitare.
1572 2425 1699 2457 Multas
1725 2425 1864 2456 iniurias
1890 2425 1988 2456 etiam
2028 2425 2124 2456 remi-

304 2489 345 2519 sit
371 2489 483 2519 animo
510 2488 645 2525 volenti,
672 2498 839 2529 quaerens
865 2498 938 2520 cum
966 2490 1124 2520 omnibus
1151 2497 1280 2529 pacem,
1307 2498 1372 2519 non
1391 2498 1433 2520 ex
1459 2488 1559 2519 animi
1587 2487 1872 2528 pusillanimitate,
1891 2487 1951 2518 sed
1977 2496 2019 2518 ex
2042 2495 2125 2527 qua-

305 2551 381 2581 dam
420 2552 540 2582 mentis
579 2552 796 2582 humanitate.
834 2551 1030 2583 Moderator
1063 2552 1161 2582 etiam
1200 2551 1260 2582 fuit
1287 2551 1317 2582 In
1356 2551 1493 2591 poenis;
1532 2559 1607 2582 nam
1646 2559 1754 2590 neque
1789 2549 1987 2590 sanguinem
2028 2549 2124 2587 fudit,

307 2622 414 2652 neque
442 2614 640 2653 sanguinem
669 2622 826 2653 umquam
854 2614 951 2645 iussit
977 2615 1019 2645 ab
1038 2614 1152 2654 aliquo
1178 2613 1271 2644 fundi
1298 2622 1339 2645 ex
1367 2614 1515 2644 vindicta
1541 2615 1598 2644 aut
1623 2612 1723 2644 animi
1751 2612 2014 2652 perturbatione,
2056 2620 2122 2643 non

305 2675 413 2705 solum
442 2675 471 2705 in
500 2676 582 2711 suis,
609 2685 724 2706 verum
751 2677 849 2707 etiam
877 2677 907 2706 ln
935 2677 1071 2709 exteriS,
1098 2676 1189 2716 quod
1218 2676 1248 2706 in
1279 2676 1491 2715 correptione
1518 2677 1655 2715 paterna
1681 2683 1758 2715 erga
1784 2674 1872 2705 tilios
1899 2674 1955 2704 vix
1983 2674 2123 2706 inveniri

306 2739 427 2776 potest.
454 2735 587 2768 Sciebat
613 2738 700 2768 enim
735 2738 896 2777 scriptum
935 2747 1010 2769 csse
1038 2738 1118 2768 illud
1141 2737 1268 2778 jacobi,
1295 2738 1418 2778 primo:
1444 2737 1497 2768 Ira
1525 2737 1582 2768 viri
1605 2737 1762 2768 Iustitiam
1787 2736 1853 2767 Dei
1875 2738 2124 2776 nonoperatur,·

306 2802 406 2838 atque
433 2799 512 2829 illud
541 2798 759 2830 PsaImIstae:
787 2799 975 2833 Irascimini.
1003 2802 1034 2831 et
1057 2800 1157 2831 nolite
1179 2808 1325 2840 peccare.
1353 2799 1426 2830 Fuit
1452 2808 1531 2839 ergo
1558 2799 1589 2829 in
1615 2799 1771 2830 adversis
1808 2807 1960 2835 serenus,
1987 2799 2018 2829 in
2045 2807 2122 2839 pro-

307 2861 416 2900 speris
453 2863 582 2894 cautus,
609 2863 640 2892 et
668 2861 802 2891 humilis
839 2861 1024 2892 occultator
1050 2862 1219 2899 virtutum,
1246 2862 1331 2893 sicut
1358 2861 1513 2892 vitiorum
1552 2863 1582 2892 et
1620 2869 1726 2891 vanae
1752 2860 1878 2901 glorIae
1904 2862 2123 2900 contemptor,

308 2923 432 2954 nullius
458 2923 669 2963 prudentiam
696 2923 900 2963 despiciens,
932 2927 964 2955 ut
992 2925 1107 2955 merito
1144 2925 1233 2956 dicat
1261 2924 1341 2955 illud
1380 2923 1503 2955 Psalmi
1532 2921 1670 2955 CXVII:
1698 2923 1867 2954 Fortitiia'o
1892 2931 1965 2954 mea
1995 2924 2027 2954 et
2049 2923 2124 2954 laus

307 2994 380 3016 mea
405 2985 588 3016 Dominus:
614 2987 644 3016 et
661 2985 777 3025 sactus
802 2988 850 3016 est
874 2985 955 3017 miln'
978 2986 1008 3017 in
1034 2986 1183 3017 salutem.

396 3045 555 3087 Sequitur
580 3047 674 3078 tertIa
701 3047 798 3078 stella
826 3048 925 3078 liuius
953 3048 1045 3082 radii,
1072 3057 1158 3088 quae
1184 3051 1233 3080 est
1265 3048 1502 3088 Temperantia.
1528 3047 1612 3078 Nam
1637 3047 1688 3078 hic
1715 3046 1792 3078 Dux
1820 3049 1934 3078 noster
1958 3049 2124 3087 tempera-

308 3110 460 3141 tissimus
486 3109 562 3140 fuit:
589 3110 700 3140 onmia
727 3110 813 3140 enim
841 3110 1011 3150 superflua
1039 3110 1305 3147 circumciderat,
1324 3113 1355 3141 et
1382 3110 1412 3141 in
1439 3111 1566 3141 arctum
1593 3110 1850 3141 constrinxerat.
1877 3107 1910 3141 Si
1937 3109 2024 3140 enlm
2050 3109 2124 3140 eius
