2347 3444
1921 233 1984 263 363

168 367 298 397 tonium
325 366 365 396 de
391 365 462 403 Ast,
490 365 648 396 birretum
676 365 868 405 magistrale
895 365 1074 396 rotondum
1095 365 1289 405 impositum
1309 366 1369 402 est,
1389 365 1543 402 servatis,
1563 365 1593 395 in
1614 366 1799 405 premissis,
1826 366 1986 396 omnibus

169 428 288 459 ritibus
313 430 344 459 et
369 427 666 468 solempnitatibus
693 428 723 458 111
751 427 875 458 talibus
901 428 1024 459 debitis
1049 429 1080 458 et
1105 427 1287 459 consuetis.
1315 426 1346 457 ln
1376 427 1473 458 cuius
1492 427 1535 458 rei
1556 428 1782 458 testimonium
1814 432 1987 468 presentes

169 490 236 521 fieri
264 489 403 521 fecimus
431 490 461 520 in
488 489 628 520 formam
656 489 781 529 publici
809 490 998 521 documenti
1028 500 1078 530 pez
1112 490 1302 520 iaindictum
1330 488 1438 520 Sirum
1467 488 1650 520 piscarium
1687 491 1849 520 notarium
1879 492 1988 531 publi-

167 560 241 583 cum
269 552 460 583 iamdictum
487 554 517 582 et
545 551 793 592 infrascriptum
821 554 850 583 et
877 553 964 593 sigili
993 552 1145 592 prelibati
1163 552 1577 583 reverendissimidomini
1594 552 1720 582 domini
1737 551 1930 584 Cardinalis
1956 560 1985 584 et

168 613 459 645 Administratoris
484 614 694 654 appensione
721 615 917 645 communiri
944 615 985 645 ad
1013 615 1171 645 maiorem
1191 615 1394 645 evidentiam
1415 614 1667 654 premissorum.
1687 613 1808 645 Datum
1829 618 1858 646 et
1877 621 1984 647 actum

169 675 283 717 Papie,
310 677 340 707 in
367 677 442 708 aula
469 685 590 717 magna
617 676 731 716 palatii
758 677 977 717 episcopalis,
1004 678 1068 708 sub
1093 686 1181 708 anno
1212 677 1407 708 Nativitatis
1445 676 1579 708 Domini
1617 680 1768 708 currente
1806 679 1984 709 millesimo

168 739 449 779 quingentesimo,
477 739 644 769 indicione
670 739 781 776 tercia,
808 739 860 770 die
888 739 987 773 lovis,
1015 740 1269 779 quartodecimo
1296 740 1421 770 mensis
1448 740 1535 777 maii,
1563 740 1643 770 liora
1671 749 1987 781 vespe1·a1·um‚pre-

169 801 322 833 sentibus
348 800 483 833 Simone
509 804 540 832 et
566 801 685 832 Nicola
711 800 871 832 fratribus
897 802 937 832 dc
964 801 1122 833 Garaldis
1150 803 1225 833 111115
1252 802 1422 842 quondam
1451 802 1599 843 magistri
1621 801 1718 839 Petri,
1745 803 1913 834 ambobus
1941 804 1987 834 bi—

167 864 252 895 delis
278 863 493 904 generalibus
519 863 604 894 dicte
636 863 885 901 Universitatis‚
911 866 942 894 et
968 863 1114 895 Iohanne
1152 863 1250 895 Petro
1277 865 1317 895 de
1344 864 1540 905 Aliprandis
1576 864 1697 896 elerico
1732 865 1987 903 mediolanensi,

171 926 246 957 inde
273 926 428 957 testibus.

981 1048 1175 1088 DCXL.

254 1165 281 1193 11
308 1165 471 1201 capitolo
496 1165 531 1193 di
558 1165 593 1194 S.
622 1165 733 1193 Paolo
759 1165 876 1193 riceve
901 1175 945 1193 un
972 1166 1089 1201 legato
1114 1167 1397 1195 testamentario.

780 1288 916 1312 1500
928 1303 941 1319 ‚
973 1294 1076 1313 1111)
1083 1289 1212 1319 gaio
1223 1304 1236 1320 ‚
1267 1289 1341 1313 29
1352 1304 1365 1314 .

733 1385 800 1405 ,Ascli⁴
819 1385 899 1405 Notat,
916 1385 938 1405 di
955 1384 1033 1405 Pavia.
1052 1396 1073 1399 -—
1092 1385 1139 1406 Atti
1156 1385 1177 1405 di
1194 1386 1286 1406 Matteo
1303 1386 1389 1406 Ferrari
1409 1403 1412 1406 .

273 1564 322 1680 I
413 1596 437 1622 Ν
463 1592 616 1623 sacristia
642 1594 673 1623 et
698 1590 858 1632 Capitulo
884 1592 1024 1623 ecclesie
1050 1601 1087 1623 ac
1114 1592 1308 1623 monasterii
1335 1593 1440 1623 sancti
1469 1591 1562 1623 Pauli
1597 1592 1736 1624 Ordinis
1763 1592 1988 1625 Observantie

405 1684 407 1691 k
435 1654 541 1685 sancti
569 1652 749 1694 Augustini
776 1654 830 1684 siti
856 1655 951 1684 extra
977 1656 1008 1685 et
1033 1663 1138 1694 prope
1165 1653 1298 1686 Portam
1326 1658 1440 1686 sancte
1467 1655 1573 1686 Marie
1601 1656 1631 1686 in
1659 1655 1811 1687 Perticlia
1839 1655 1987 1697 Papie....

190 1750 230 1752 M
385 1752 398 1753 W
432 1718 621 1747 convocato
646 1716 839 1757 capitulo...
866 1716 944 1747 dicti
971 1717 1164 1748 monasterii
1192 1718 1297 1748 sancti
1325 1716 1465 1748 Pauli...
1484 1717 1524 1748 de
1555 1718 1758 1748 mandato...
1784 1719 1987 1750 venerabilis

166 1777 294 1809 domini
335 1778 447 1810 fratris
474 1778 654 1819 Augustini
682 1779 722 1810 de
749 1778 861 1819 Burgo
888 1779 994 1810 sancti
1022 1779 1158 1810 Martini
1186 1778 1312 1810 Prioris
1351 1780 1428 1810 dicti
1464 1780 1669 1817 monasterii,
1696 1780 1726 1810 in
1754 1789 1821 1819 (1110
1848 1781 1984 1820 quidem

166 1838 372 1880 Capitulo....
399 1844 476 1872 sunt
502 1841 652 1881 prefatus
678 1841 837 1872 dominus
864 1840 958 1872 Prior
983 1844 1014 1872 et
1039 1850 1113 1872 cum
1151 1850 1235 1872 eo....
1274 1842 1485 1873 venerabiles
1522 1842 1648 1873 domini
1687 1842 1786 1873 frater
1820 1842 1985 1874 lohannes

168 1900 287 1934 Petrus
313 1903 353 1934 de
380 1902 485 1944 Papia
511 1904 658 1935 vicarius
695 1904 773 1935 dicti
810 1907 1010 1941 conventus,
1047 1903 1147 1935 frater
1184 1904 1376 1935 Bernardus
1402 1905 1442 1935 de
1470 1903 1586 1945 Papia,
1613 1904 1712 1935 frater
1738 1905 1921 1936 leronimus
1948 1906 1988 1936 de

169 1963 284 2004 Papia,
311 1964 411 1996 frater
436 1965 602 1997 lohannes
640 1965 851 2007 Augustinus
877 1967 918 1997 de
944 1965 1073 2003 Cumis,
1110 1965 1210 1997 frater
1248 1966 1407 1998 Urbanus
1433 1967 1473 1997 de
1500 1965 1664 2003 picardia,
1698 1966 1796 1997 frater
1823 1966 1988 1998 lohannes

166 2026 334 2058 Antonius
360 2028 400 2059 (13
426 2027 578 2065 sezadio,
606 2028 706 2060 frater
731 2028 826 2061 Sirus
852 2029 892 2060 de
918 2029 1079 2067 Novaria,
1104 2029 1204 2059 frater
1231 2027 1476 2069 Petruspaulus
1502 2029 1541 2059 de
1569 2028 1684 2069 Papia,
1722 2029 1820 2060 frater
1848 2029 1988 2061 Pontius

171 2089 211 2120 de
237 2089 433 2121 Monticella
459 2092 489 2122 et
514 2090 614 2122 frater
641 2089 818 2123 Secundus
845 2091 885 2122 de
910 2090 1140 2130 Crema(l)....
1166 2091 1328 2122 facientes
1355 2091 1431 2131 plus
1458 2100 1558 2131 quam
1585 2091 1671 2122 duas
1690 2094 1801 2131 partes
1820 2100 1860 2122 ex
1881 2092 1987 2123 tribus

171 2151 318 2183 Fratrum
346 2152 624 2192 professorum...
650 2154 800 2184 ricevono
826 2153 880 2184 clei
897 2153 1025 2193 fratelli
1048 2153 1146 2193 Litigi
1169 2162 1185 2184 e
1213 2152 1380 2185 Gi'ovanni
1404 2153 1532 2193 Astolfi,
1560 2153 1645 2184 (licei
1661 2153 1783 2193 florini,
1804 2154 1844 2184 de
1863 2154 1988 2194 quibus

171 2215 235 2254 ipsi
262 2214 381 2246 fratres
406 2215 446 2246 de
472 2215 613 2247 Astulfis
638 2215 772 2247 fuerunt
797 2218 829 2247 et
854 2218 931 2247 sunt
968 2216 1139 2247 debitores
1177 2215 1254 2246 dicti
1293 2216 1486 2246 monasterii
1524 2218 1555 2246 et
1592 2214 1791 2247 Conventus
1822 2216 1987 2247 mediante

171 2285 316 2317 persona
342 2278 546 2309 venerabilis
572 2278 699 2309 domini
725 2278 838 2309 fratris
865 2278 1032 2309 Francisci
1060 2278 1100 2309 de
1129 2277 1268 2309 Astulfis
1293 2277 1405 2308 fratris
1432 2277 1578 2317 professi
1607 2278 1637 2308 in
1665 2278 1755 2309 dicto
1782 2279 1988 2309 monasterio

171 2340 277 2370 sancti
305 2338 399 2370 Pauli
424 2342 455 2371 et
480 2339 593 2372 fratris
630 2341 794 2372 dictorum
832 2340 969 2371 fratrum
997 2340 1036 2371 de
1064 2339 1215 2377 Astulfis‚
1254 2340 1373 2371 virtute
1412 2340 1633 2371 institutionis
1658 2342 1688 2370 et
1715 2340 1813 2380 legati
1847 2340 1932 2371 facte
1958 2344 1988 2372 61

170 2401 248 2433 facti
274 2402 364 2433 dicto
389 2402 527 2433 domino
552 2402 643 2434 fratri
671 2403 874 2434 Francisclio
900 2412 958 2443 per
983 2412 1070 2433 nunc
1104 2403 1274 2442 quondam
1312 2402 1484 2433 dominum
1520 2402 1732 2433 Franciscum
1771 2402 1811 2433 de
1849 2401 1989 2433 Astulfis

171 2464 251 2495 olim
271 2466 397 2504 patrem
417 2465 614 2505 ipsorum...
641 2465 672 2495 in
699 2465 772 2496 eius
791 2465 908 2496 ultimo
927 2466 1127 2496 testamento
1154 2467 1271 2506 rogato
1294 2465 1386 2502 1497,
1406 2465 1513 2505 primo
1541 2463 1694 2505 Augusti,
1714 2465 1812 2495 11116111
1833 2466 1973 2496 notario.

232 2641 262 2664 tl)
277 2639 303 2660 Αἰ
321 2640 345 2660 15
359 2640 486 2661 settembre
502 2640 537 2661 del
556 2641 606 2661 1500
620 2641 642 2661 in
659 2646 687 2661 un
703 2642 754 2661 atto
770 2642 852 2666 rogato
868 2640 896 2660 da
917 2640 1011 2661 Daniele
1027 2640 1055 2661 de
1110 2641 1182 2661 anche
1198 2640 1234 2661 dni
1251 2640 1303 2660 frati
1320 2640 1373 2661 Vito
1390 2640 1417 2660 da
1434 2640 1516 2665 Coruo,
1532 2640 1615 2661 Mauro
1638 2640 1666 2661 da
1690 2640 1776 2661 'l‘orino
1799 2646 1810 2661 e
1833 2640 1933 2661 Antonio
1957 2640 1984 2660 116

180 2684 268 2709 Valide,
285 2684 298 2704 il
315 2683 423 2710 eapitoio
438 2685 497 2705 oltre
513 2685 553 2705 6116
570 2685 598 2705 da
614 2685 690 2710 questi
702 2684 819 2710 Religiosi,
832 2685 913 2705 risnlta
928 2686 1053 2710 composto
1109 2684 1193 2705 Cronia.
