2347 3444
291 218 355 249 214

292 352 458 382 indicione
484 352 610 391 quinta,
637 351 688 382 die
715 350 804 382 XXV
832 351 957 381 mensis
987 349 1201 385 novembris,
1239 347 1442 378 reverendus
1479 355 1571 377 sacre
1598 346 1718 386 pagine
1745 345 1916 386 professor
1952 345 2110 376 dominus

291 414 447 454 magister
474 412 727 444 Bertholameus
753 413 793 443 de
821 411 986 445 Fazardis,
1013 410 1140 441 ordinis
1167 409 1314 440 Fratrum
1342 408 1581 439 Heremitarum
1608 408 1712 438 sancti
1740 406 1916 447 Augustini
1936 410 1965 438 et
1985 415 2109 438 moram

289 478 366 506 tunc
392 478 421 506 et
449 484 534 506 nunc
561 475 695 505 trahens
723 475 752 504 in
779 476 946 504 conventu
986 472 1134 512 predicto
1172 471 1277 501 sancti
1317 469 1495 509 Augustini
1535 468 1648 509 Papie,
1687 472 1855 509 tamquam
1890 471 2052 509 patronus
2077 471 2108 500 et

290 537 478 568 advocatus
504 536 642 577 Capelle
681 540 870 566 sanctorum
911 534 1056 573 Virginis
1083 533 1189 563 Marie
1215 535 1245 562 et
1272 531 1401 563 Thome
1427 532 1584 572 apostoli,
1610 534 1798 562 constructe
1825 532 1855 562 in
1885 532 2025 563 ecclesia
2052 540 2110 563 seu

289 600 436 631 clanstro
463 600 538 630 dicti
567 598 765 630 Conventus
793 606 848 637 per
875 596 1044 636 quondam
1073 594 1287 635 Saglimbene
1314 594 1354 625 de
1381 593 1537 624 Fazardis
1564 594 1705 634 primum
1732 596 1910 624 erectorem
1937 596 1967 625 et
1993 593 2112 625 funda-

290 665 393 692 torem
421 662 506 692 dicte
532 661 658 700 capelle
677 658 737 696 (1),
766 662 841 699 post
879 657 1048 697 quandam
1088 657 1313 687 venditionem
1341 656 1416 691 sibi,
1444 656 1577 687 nomine
1614 656 1699 687 dicte
1733 654 1881 696 Capelle,
1907 655 2026 687 factam
2054 665 2110 696 per

290 723 535 763 infrascriptum
576 722 752 753 iohannem
793 720 1004 751 Franciscum
1032 719 1072 750 de
1098 718 1234 759 Gargiis
1260 719 1300 749 de
1328 718 1549 758 infrascriptis
1580 718 1841 759 proprietatibus
1875 719 1996 759 positis
2001 744 2051 750 .....
2078 721 2111 750 ut

291 785 384 818 infra.
413 785 619 815 investiverit
647 783 825 813 Iohannem
865 781 1077 812 Franciscum
1117 781 1157 812 de
1195 779 1331 821 Gargiis
1357 781 1462 811 civem
1501 783 1531 811 et
1569 781 1733 811 notarium
1772 781 1979 821 papiensem,
2006 781 2109 812 filium

289 848 459 887 quondam
499 846 707 886 spectabillis
745 845 853 885 legum
892 844 1040 874 doctoris
1077 843 1203 874 domini
1242 842 1363 883 lacopi,
1402 843 1606 874 nominative
1633 843 1672 874 de
1700 844 1786 883 petia
1824 852 1888 874 una
1916 844 2010 874 vinee
2036 852 2110 874 cum

290 911 389 949 opiis,
418 909 614 949 perticarum
642 908 754 938 decem
782 909 867 943 octo,
896 906 1005 946 posita
1032 909 1061 936 et
1089 906 1214 936 iacente
1242 906 1272 936 in
1299 905 1462 936 territorio
1490 904 1592 936 Trodi
1620 904 1812 946 Campanee
1839 904 1952 946 Papie,
1980 906 2034 936 ubi
2062 905 2112 936 di-

288 972 370 1002 citur
396 971 436 1001 atl
464 969 717 1001 Scriventum....
746 968 821 999 Item
850 968 889 998 de
917 976 981 998 una
1007 968 1071 998 alia
1110 968 1196 1007 petia
1236 968 1331 998 vinee
1368 967 1503 998 altinate
1541 976 1614 998 cuin
1642 968 1741 1008 opiis,
1768 969 1830 999 sita
1850 969 1880 998 in
1908 968 1996 999 dicto
2023 968 2114 999 terri-

289 1035 372 1064 torio
399 1037 427 1063 et
453 1035 613 1069 contrata,
641 1032 862 1072 perticharum
890 1031 1066 1061 duodecim
1073 1056 1122 1061 .....
1150 1029 1226 1061 Item
1254 1030 1294 1061 de
1322 1031 1455 1070 perticis
1482 1030 1594 1061 decem
1622 1033 1703 1061 terre
1718 1031 1814 1068 culte,
1840 1040 1880 1061 ex
1908 1034 1938 1061 et
1964 1031 2004 1061 de
2024 1031 2111 1071 petia

291 1105 353 1126 nnn
392 1099 474 1126 terre
511 1095 597 1125 culte
636 1094 857 1134 pertIcharum
896 1094 1186 1133 quinquaginta...
1213 1093 1276 1123 sita
1304 1093 1334 1123 in
1361 1093 1450 1123 dicto
1488 1093 1650 1124 territorio
1689 1093 1803 1131 Trodi,
1841 1093 2043 1124 ubidicitur
2068 1093 2110 1124 ad

287 1156 452 1197 Campum
481 1157 520 1187 de
547 1155 656 1187 Domo
662 1181 712 1186 .....
740 1165 799 1195 pro
825 1164 935 1186 annua
974 1155 1037 1186 ficti
1077 1155 1282 1195 prestatione
1318 1154 1520 1185 florenorum
1559 1155 1736 1186 duodecim
1743 1181 1792 1186 .....
1827 1155 1858 1186 in
1886 1155 1971 1186 festo
1998 1158 2111 1187 sancte

286 1218 473 1252 Cathelline
500 1218 679 1250 cuiuslibet
705 1218 793 1255 anni,
821 1218 1061 1249 solvendorum
1088 1218 1177 1248 omni
1205 1226 1294 1248 anno
1321 1218 1352 1248 in
1379 1217 1469 1248 dicto
1494 1218 1646 1254 termino,
1672 1218 1761 1248 dicto
1787 1218 1924 1248 domino
1951 1218 2111 1259 magistro

293 1281 526 1312 sscrtholameo
553 1283 694 1321 patrono
720 1283 750 1311 et
777 1281 807 1310 in
835 1280 960 1310 divinis
986 1280 1143 1310 servienti
1171 1279 1256 1310 dicte
1282 1278 1420 1319 Capelle
1447 1279 1586 1310 durante
1612 1280 1684 1311 eius
1711 1280 1778 1311 vita
1804 1282 1834 1311 et
1863 1280 2003 1320 proinde
2022 1280 2110 1312 dicto

286 1344 478 1379 conventui,
504 1352 577 1374 curn
604 1343 702 1374 certis
729 1343 836 1382 pactis
861 1344 892 1373 et
917 1342 1201 1373 conventionibus
1228 1342 1259 1372 in
1295 1342 1367 1382 ipsa
1406 1342 1602 1373 investitura
1639 1342 1815 1379 contentis,
1841 1345 1871 1373 et
1897 1343 1979 1374 inter
2004 1345 2111 1374 cetera

287 1415 361 1437 cum
389 1408 485 1446 pacto
512 1414 676 1445 expresso
714 1405 805 1445 quod
844 1405 965 1435 totiens
1003 1405 1159 1444 quotiens
1185 1406 1216 1435 et
1249 1404 1532 1444 quandocumque
1570 1404 1679 1435 dictus
1717 1404 1881 1436 lohannes
1915 1404 2112 1437 Franciscus

288 1468 338 1499 vel
366 1469 438 1499 eius
465 1476 680 1498 successores
706 1467 901 1497 dederint...
927 1466 1013 1497 dicte
1039 1465 1177 1506 Capelle
1183 1492 1232 1497 .....
1272 1475 1372 1497 unum
1400 1475 1457 1497 seu
1485 1466 1552 1496 duo
1591 1466 1678 1497 bona
1717 1467 1790 1497 ficta
1824 1469 1984 1507 perpetua
2010 1468 2110 1498 annui

288 1530 439 1561 redditus
464 1530 665 1560 florenorum
693 1529 915 1560 duodecim...
941 1531 972 1560 et
999 1538 1063 1559 non
1091 1529 1156 1559 sint
1183 1529 1281 1569 longe
1308 1528 1472 1559 distantes
1497 1537 1514 1559 a
1540 1529 1674 1559 civitate
1712 1527 1815 1569 Papie
1849 1529 1932 1560 ultra
1959 1529 2111 1561 milliaria

288 1594 363 1623 octo
390 1594 420 1623 et
446 1601 511 1622 non
538 1592 603 1622 sint
630 1591 713 1622 ultra
740 1590 880 1629 Padum,
907 1600 965 1622 nec
992 1591 1057 1622 sint
1083 1591 1262 1631 supposita
1300 1590 1532 1621 innundationi
1570 1599 1732 1630 aquarum
1760 1590 1842 1622 Padi
1870 1591 1920 1622 vel
1948 1591 2054 1622 Ticini
2061 1617 2111 1623 .....

291 1655 381 1694 quod
409 1657 485 1685 tunc
511 1656 541 1685 et
567 1664 606 1685 eo
632 1662 712 1685 casu
740 1654 849 1685 dictus
876 1653 1034 1684 dominus
1072 1653 1229 1693 magister
1266 1652 1365 1684 frater
1402 1653 1668 1691 Bertholameus‚
1695 1654 1815 1693 suique
1841 1662 2056 1686 successores
2060 1680 2110 1685 .....

291 1726 350 1757 pro
377 1717 463 1747 dicta
490 1715 640 1756 Capella,
668 1718 897 1760 teneanturet
924 1715 1067 1747 debeant
1072 1741 1122 1746 .....
1149 1715 1257 1746 facere
1282 1715 1449 1746 cambium
1476 1717 1507 1746 et
1533 1716 1815 1756 permutacionem
1849 1725 1922 1747 cum
1950 1716 2038 1748 dicto
2065 1716 2112 1748 lo-

291 1780 399 1810 hanne
427 1778 604 1809 Francisco
609 1803 659 1809 .....
687 1777 750 1809 Pro
777 1780 868 1809 tanto
896 1787 981 1809 nunc
1008 1778 1117 1809 dictus
1144 1777 1308 1809 Iohannes
1328 1777 1525 1809 Franciscus
1530 1804 1580 1809 .....
1606 1779 1794 1819 assignavit
1820 1780 1850 1810 et
1875 1779 2026 1820 assignat
2045 1788 2117 1820 pre-

292 1840 361 1872 fato
387 1841 525 1871 domino
552 1841 712 1881 magistro
738 1839 828 1871 fratri
856 1839 1065 1871 Bertolameo
1092 1840 1132 1871 de
1159 1839 1316 1871 Fazardis
1334 1842 1476 1880 patrono
1502 1842 1533 1871 et
1558 1840 1724 1871 advocato
1743 1841 1829 1872 dicte
1847 1839 1984 1881 Capelle
2003 1844 2116 1872 sancte

295 1903 400 1934 Marie
426 1905 455 1933 et
482 1902 586 1933 sancti
615 1902 744 1933 Thome
770 1904 800 1933 et
827 1903 890 1942 ipsi
918 1900 1056 1942 Capelle
1084 1903 1114 1933 in
1141 1902 1267 1933 divinis
1293 1903 1461 1940 servienti,
1488 1911 1547 1934 nec
1574 1912 1639 1933 non
1666 1905 1696 1934 et
1723 1903 1972 1935 venerabilibus
1990 1906 2021 1934 et
2046 1903 2119 1935 reli-

294 1966 401 2006 giosis
428 1965 508 1996 viris
534 1968 564 1995 et
591 1965 737 1996 dominis
775 1965 935 2005 magistro
974 1964 1110 1995 Iohanni
1149 1964 1270 1996 Iacobo
1297 1965 1337 1995 de
1363 1963 1554 2005 Campixiis
1581 1965 1716 2003 vicario,
1743 1965 1902 2006 magistro
1929 1965 2119 2007 Augustino

295 2027 334 2058 de
363 2027 541 2065 Ranchate,
579 2036 671 2058 sacre
709 2027 877 2067 theologie
915 2026 1177 2067 professoribus,
1215 2026 1304 2058 fratri
1344 2026 1578 2058 Bertholameo
1616 2027 1655 2058 de
1693 2025 1889 2059 Castellatio
1916 2028 2119 2066 bachalario,

294 2089 383 2120 fratri
412 2089 547 2120 Didimo
574 2089 614 2120 de
642 2088 773 2130 Brayda
800 2090 980 2130 subpriori,
1006 2089 1095 2120 fratri
1124 2089 1261 2120 Iohanni
1288 2089 1328 2121 de
1355 2089 1497 2120 Bavaria
1534 2090 1672 2127 cursori,
1710 2089 1799 2121 fratri
1839 2089 1935 2121 Petro
1962 2090 2002 2121 de
2029 2090 2120 2122 Tho-

294 2152 371 2182 loxa
397 2152 534 2189 cursori,
561 2151 650 2182 fratri
679 2151 815 2182 Iohanni
842 2152 882 2182 de
908 2151 1030 2189 Trizio,
1057 2151 1146 2183 fratri
1174 2151 1384 2193 Archangelo
1410 2152 1450 2183 de
1477 2152 1684 2190 Mediolano,
1710 2151 1799 2183 fratri
1827 2152 1973 2184 Antonio
1989 2153 2029 2184 de
2045 2152 2119 2184 Pla-

292 2215 409 2250 centia,
447 2213 536 2245 fratri
575 2213 764 2254 Augustino
792 2214 832 2245 de
859 2213 1027 2251 pinarolo,
1065 2213 1154 2245 fratri
1194 2214 1367 2245 Leonardo
1393 2214 1433 2245 de
1460 2213 1594 2252 Svevia,
1628 2214 1717 2246 fratri
1745 2213 1888 2255 Gaspari
1916 2215 1956 2246 de
1982 2214 2116 2253 Svevia,

295 2276 382 2307 fratri
412 2276 583 2307 Honorato
609 2277 649 2307 de
676 2277 843 2317 provintia
870 2275 1050 2314 Provintie,
1066 2276 1156 2308 fratri
1176 2276 1382 2308 Bernardino
1408 2277 1448 2308 de
1475 2276 1590 2317 Papia,
1617 2276 1706 2309 fratri
1734 2277 1870 2308 Iohanni
1897 2278 1937 2309 de
1963 2276 2116 2318 Schapis‚

295 2338 383 2369 fratri
412 2338 550 2369 Marcho
577 2338 617 2369 de
644 2338 827 2375 Vincentia,
865 2338 955 2370 fratri
994 2339 1175 2370 Mansueto
1213 2339 1252 2370 de
1291 2338 1472 2377 Sabaudia‚
1498 2338 1587 2370 fratri
1627 2338 1763 2370 Iohanni
1802 2339 1908 2370 Marie
1934 2340 1974 2371 de
2002 2338 2117 2380 Papia,

297 2400 386 2431 fratri
416 2400 551 2431 Iohanni
579 2400 619 2431 de
647 2399 762 2440 Papia,
800 2400 889 2432 fratri
929 2401 1076 2432 Eusebio
1103 2401 1143 2432 de
1170 2400 1316 2441 Legeriis
1353 2401 1484 2432 sindico
1509 2403 1540 2432 et
1566 2402 1770 2441 procuratori
1809 2401 1886 2432 dicti
1920 2404 2117 2440 conventus,

300 2462 389 2492 fratri
417 2461 598 2493 Oratiadeo
626 2463 665 2493 de
692 2461 841 2500 Silvano,
879 2462 969 2494 fratri
1008 2462 1137 2503 Angelo
1163 2463 1203 2494 de
1230 2462 1379 2504 Bugella,
1417 2463 1506 2494 fratri
1546 2463 1692 2494 Martino
1719 2463 1758 2494 de
1785 2463 1934 2504 Bugella,
1960 2463 2118 2495 omnibus

296 2523 454 2555 fratribus
481 2523 644 2563 professis
671 2525 747 2555 dicti
775 2527 973 2562 conventus,
999 2524 1195 2556 fatientibus
1222 2525 1297 2565 plus
1324 2534 1423 2565 quam
1451 2526 1536 2556 duas
1562 2528 1673 2566 partes
1699 2526 1801 2556 totius
1826 2525 1961 2565 capituli
1968 2551 2018 2557 .....
2038 2525 2118 2557 illud

298 2586 407 2616 fictum
436 2588 630 2626 perpetuum
637 2612 686 2617 .....
713 2587 914 2618 florenorum
942 2587 1119 2618 duodecim
1125 2613 1175 2618 .....
1203 2588 1294 2628 quod
1321 2588 1409 2619 omni
1437 2597 1525 2619 anno
1552 2588 1582 2618 in
1609 2587 1695 2619 festo
1714 2589 1818 2619 sancti
1839 2588 1972 2619 Martini
1979 2614 2028 2619 .....
2048 2589 2121 2620 red-

298 2648 385 2678 ditur
390 2673 439 2678 .....
467 2657 523 2687 per
550 2647 740 2679 Federicum
768 2652 797 2679 et
825 2648 1004 2680 Iohannem
1032 2649 1187 2680 Iacobum
1213 2652 1244 2681 et
1270 2649 1388 2681 fratres
1413 2651 1454 2681 de
1481 2650 1682 2690 Inzigneriis,
1698 2650 1784 2682 filios
1803 2651 1973 2690 quondam
1993 2651 2118 2682 domini

300 2709 501 2740 Manfredini
508 2735 558 2740 .....
585 2710 624 2740 de
652 2711 785 2750 perticis
812 2711 992 2751 vigintisex
1032 2712 1127 2742 vinee
1161 2712 1306 2749 altinate,
1333 2721 1373 2743 ex
1402 2713 1489 2752 petia
1518 2721 1581 2743 una
1608 2713 1703 2743 vinee
1729 2713 1864 2744 altinate
1898 2714 2118 2753 perticharum

299 2772 502 2811 octuaginta,
529 2772 591 2803 sita
619 2772 649 2802 in
677 2773 840 2803 territorio
868 2772 952 2814 Pray
979 2782 1161 2814 campanee
1188 2773 1301 2814 Papie,
1327 2776 1387 2805 etc.

358 2929 387 2951 (l)
403 2928 459 2949 Vedi
476 2929 489 2948 il
505 2928 646 2948 documento
662 2928 698 2949 del
714 2929 735 2948 21
753 2929 826 2953 aprile
844 2929 901 2953 1479,
913 2929 973 2950 dove
984 2932 1067 2955 questa
1079 2930 1183 2955 cappella
1239 2930 1342 2951 chiostro
1358 2930 1379 2950 di
1395 2930 1418 2951 Sv
1435 2931 1548 2956 Agostino
1564 2936 1575 2951 e
1591 2932 1632 2952 che
1648 2931 1666 2952 ci
1683 2931 1694 2952 ὲ
1710 2933 1771 2952 stata
1783 2934 1921 2953 conservata
1933 2932 1969 2953 dal
1981 2932 2047 2953 Bossi
2059 2933 2117 2953 nella

305 2972 316 2992 'e
333 2972 396 2992 detta
413 2972 602 2997 seuipliccmeute
618 2972 638 2992 di
656 2972 677 2992 S.
696 2972 776 2992 Maria.
795 2972 836 2993 Dru
853 2975 933 2993 nostro
945 2973 1085 2994 documento
1097 2974 1114 2994 si
1127 2974 1184 2994 vede
1240 2979 1282 2994 sua
1298 2975 1398 2995 raccolta
1415 2975 1565 2995 manusc-rina
1582 2975 1603 2995 di
1619 2975 1715 3000 epigrafi
1732 2976 1819 3001 pavcsil
1857 2976 1983 2997 Ribiioteca
2004 2977 2119 2998 Universi-

305 3017 346 3037 che
362 3022 414 3037 essa
431 3016 466 3041 gii:
492 3017 593 3037 esisteva
610 3017 644 3037 nel
664 3017 719 3037 1472,
739 3017 752 3037 ΙΙ
769 3017 899 3038 Saiimbene
916 3017 1041 3042 Fazzardi,
1064 3017 1186 3038 fundatore
1242 3019 1300 3039 faria
1316 3019 1337 3039 di
1355 3018 1441 3042 I’nviaj.
1459 3019 1516 3040 Essa
1533 3019 1612 3040 dicevn
1629 3020 1690 3041 cosi:
1707 3021 1841 3046 Sepulcrum
1857 3021 1945 3042 nobilis
1961 3022 2004 3042 viri
2019 3021 2119 3047 Sagani-

306 3061 364 3081 dclla
381 3061 535 3086 cappellania,
551 3066 589 3081 era
607 3063 682 3082 morto
697 3062 717 3082 ai
733 3062 755 3082 21
774 3061 878 3082 febbraio
897 3061 960 3087 1467,
982 3067 1048 3082 come
1072 3062 1090 3082 si
1116 3062 1186 3083 rileva
1242 3063 1296 3084 beni
1311 3063 1340 3084 de
1355 3064 1471 3085 Fazordis
1486 3064 1525 3090 qm*
1540 3064 1598 3085 obiit
1614 3064 1815 3091 MCCCCLXVIJ.
1832 3066 1870 3086 dic
1885 3066 1942 3091 XX]
1953 3066 2078 3092 februarii,

305 3105 367 3126 dalla
383 3110 424 3126 sua
441 3105 547 3131 epigrafe
563 3106 707 3131 sepolcrale‚
732 3108 834 3131 apposta
849 3106 894 3127 alla
909 3106 988 3126 tomba
1004 3112 1047 3126 sua
1063 3107 1098 3127 nel
1114 3107 1189 3132 primo
