2347 3444
316 223 380 254 224

315 357 420 387 sancti
449 354 541 387 Pauli
568 360 660 388 extra
689 366 801 388 muros
828 357 941 398 Papie,
968 356 1105 389 Ordinis
1143 357 1278 388 fratrum
1318 357 1557 388 Heremitarum
1596 359 1701 389 sancti
1740 357 1917 399 Augustini
1952 359 1992 389 de
2018 359 2134 390 obser—

315 419 443 453 vancia,
470 419 723 450 instrumentum
751 429 851 450 unum
879 420 1077 450 donacionis
1104 420 1185 450 inter
1212 420 1310 449 vivos
1335 419 1422 450 aliax
1451 419 1534 450 facte
1573 428 1629 459 per
1663 420 1833 451 dominum
1862 420 2039 451 Iohannem
2068 420 2133 451 An-

315 481 440 511 tonium
468 481 508 512 de
535 481 754 513 Taclionibus
781 482 882 512 filium
910 482 1080 521 quondam
1107 481 1232 511 domini
1262 480 1391 517 Peroni,
1417 481 1523 511 civem
1550 484 1580 512 et
1607 482 1770 512 notarium
1810 482 2017 521 papiensem,
2043 482 2132 513 dicto

314 542 514 583 Augustino,
542 545 745 575 nominative
772 545 812 575 de
838 545 935 575 certis
973 543 1179 574 notabilibus
1218 543 1316 573 bonis
1355 543 1477 573 ibidem
1517 543 1705 583 descriptis,
1743 552 1816 574 cum
1843 544 1941 575 certis
1967 545 2074 584 pactis
2099 547 2129 576 et

313 606 613 640 convencionibus,
639 609 669 637 et
696 607 777 637 inter
803 610 909 636 cetera
935 614 1008 636 cum
1037 608 1133 644 pacto
1160 604 1251 644 quod
1278 605 1387 635 dictus
1415 604 1579 636 lohannes
1606 604 1816 645 Augustinus
1853 607 2016 636 teneretur
2054 606 2131 637 dare

315 671 391 707 post
417 668 592 699 decessum
621 669 728 708 ipsius
754 668 878 698 domini
908 667 1064 698 lobannis
1091 666 1237 703 Antonii,
1264 666 1388 697 fabrice
1414 666 1500 697 dicte
1537 667 1676 698 ecclesie
1713 668 1818 698 sancti
1858 667 1950 698 Pauli
1985 668 2132 699 florenos

313 734 443 760 centum
450 755 499 760 .....
528 730 610 760 infra
638 734 702 761 tres
727 738 835 760 annos
873 733 948 760 tunc
983 729 1135 769 proxime
1173 728 1314 765 futuros,
1352 731 1449 768 prout
1475 729 1515 759 de
1543 729 1615 769 ipsa
1643 729 1829 760 donacione
1855 732 1986 760 constat
2013 730 2133 761 instru-

314 794 423 822 mento
451 792 585 831 publico
612 795 728 831 rogato
754 800 842 822 anno
870 789 1157 831 MCCCCLXXIJ,
1185 791 1352 821 indicione
1379 791 1505 830 quinta,
1532 791 1585 821 die
1611 790 1693 832 XIIIJ
1713 791 1862 822 octobris
1881 800 1938 831 per
1957 792 2129 822 dominum

315 853 521 884 Leonardum
549 855 588 884 de
616 854 700 893 Lege
728 854 891 884 notarium
919 854 1125 893 papiensem.
1153 852 1403 893 Subiunxitque
1430 853 1515 884 idem
1543 856 1737 893 procurator
1762 856 1793 884 et
1819 854 2013 885 sindicus...
2040 854 2131 894 quod

313 916 422 946 dictus
449 916 606 946 dominus
633 915 798 946 lohannes
835 915 1002 946 Antonius
1039 915 1185 946 decessit
1223 916 1285 946 iam
1319 915 1417 946 annis
1443 918 1586 955 quatuor
1611 918 1642 946 et
1669 915 1822 956 pluribus
1848 916 2000 956 proxime
2027 918 2132 956 prete-

313 978 393 1012 ritis,
420 983 449 1008 et
476 979 566 1017 quod
594 987 797 1018 quamquam
824 987 842 1009 a
870 978 968 1009 vobis
1006 978 1094 1009 dicto
1133 978 1266 1008 nomine
1304 978 1539 1017 requisiverint
1576 978 1783 1009 solucionem
1811 978 2003 1009 huiusmodi
2031 987 2130 1018 pecu—

312 1040 450 1075 niarum,
477 1048 541 1079 qua
569 1040 746 1080 plurimum
774 1040 922 1080 indigent
949 1049 1009 1080 pro
1035 1041 1106 1071 suis
1132 1040 1402 1077 necessitatibus,
1427 1042 1572 1071 attamen
1600 1040 1694 1080 ipsos
1730 1040 1877 1071 florenos
1909 1043 2039 1071 centum
2067 1040 2133 1071 sol-

311 1110 386 1132 vere
413 1103 593 1133 recusastis
630 1111 687 1133 seu
727 1102 935 1142 neglexistis,
974 1102 1284 1142 presentialiterque
1322 1103 1484 1133 recusatis
1510 1104 1540 1133 et
1567 1102 1746 1143 negligitis,
1773 1102 1803 1133 in
1831 1103 2013 1133 maximum
2041 1102 2133 1133 dam—

311 1173 412 1204 pnum
439 1166 468 1195 et
495 1164 714 1204 preiudicium
743 1165 892 1204 ipsorum
920 1164 1046 1195 domini
1075 1163 1200 1195 Prioris
1225 1167 1255 1195 et
1283 1164 1430 1195 Fratrum
1437 1189 1486 1195 .....
1513 1166 1543 1195 et
1569 1165 1678 1195 anime
1716 1167 1824 1195 vestre
1863 1173 1928 1195 non
1963 1164 2130 1196 modicum

311 1227 504 1266 periculum.
531 1225 638 1266 Super
664 1227 788 1266 quibus
814 1227 973 1257 omnibus
999 1227 1092 1267 petiit
1118 1227 1227 1258 dictus
1253 1227 1405 1257 sindicus
1430 1229 1461 1257 et
1487 1228 1682 1266 procurator
1708 1226 1796 1257 dicto
1823 1227 1956 1257 nomine
1975 1226 2015 1257 de
2033 1235 2133 1267 opor-

310 1292 390 1320 tuno
417 1290 497 1319 iuris
524 1289 670 1320 remedio
697 1289 760 1320 sibi
796 1289 963 1329 provideri
971 1314 1020 1320 .....
1058 1288 1248 1326 Quocirclia
1286 1289 1357 1320 Nos
1394 1289 1604 1320 attendentes
1642 1289 1899 1329 requisicionem
1938 1289 2130 1320 huiusmodi

310 1350 378 1381 fore
406 1351 525 1382 iustam
563 1354 593 1382 et
629 1360 813 1382 consonam
841 1351 977 1388 racioni,
1015 1351 1056 1382 ad
1095 1351 1353 1391 requisicionem
1380 1353 1411 1382 et
1437 1351 1634 1382 instanciam
1669 1351 1745 1382 dicti
1773 1351 1892 1382 sindici
1920 1353 1950 1382 et
1976 1360 2133 1391 procura-

308 1413 389 1443 toris
394 1438 444 1443 .....
471 1413 576 1444 salvis
602 1413 689 1444 alliis
716 1413 844 1444 iuribus
870 1416 899 1443 et
927 1413 1119 1444 actionibus
1146 1413 1223 1444 dicti
1252 1413 1456 1450 monasterii,
1477 1415 1589 1443 tenore
1605 1413 1808 1452 presentium
1828 1415 1857 1443 et
1878 1413 1908 1443 in
1929 1413 1980 1443 liis
1999 1413 2133 1453 scriptis

310 1484 371 1506 vos
397 1476 548 1512 citamus,
574 1476 778 1515 requisimus
803 1478 833 1506 et
860 1484 1035 1506 monemus
1062 1476 1178 1515 primo,
1205 1475 1365 1513 secundO,
1403 1475 1503 1506 tercio
1529 1477 1560 1506 et
1587 1475 1842 1515 perliemptorie‚
1880 1475 1998 1506 dantes
2031 1476 2131 1507 vobis

309 1538 546 1568 nichilominus
573 1538 602 1568 in
631 1538 749 1568 virtute
776 1540 889 1569 sancte
915 1538 1111 1568 obediencie
1137 1540 1167 1568 et
1193 1537 1256 1568 sub
1271 1537 1631 1568 excommunicationis
1659 1546 1744 1577 pena
1770 1537 1954 1568 districtius
1982 1537 2012 1568 in
2039 1546 2131 1568 man-

308 1600 405 1637 datis,
432 1603 599 1640 quatenus
626 1600 709 1631 intra
736 1602 802 1631 tres
828 1600 900 1631 dies
927 1602 1004 1640 post
1030 1600 1312 1640 presentationem
1340 1600 1544 1640 presentium
1572 1599 1671 1630 vobis
1698 1608 1774 1630 vere
1801 1599 1851 1630 vel
1880 1600 1960 1631 iuris
1979 1608 2130 1640 presum-

309 1663 428 1703 pcione
455 1663 598 1694 fiendam
626 1663 815 1694 immediate
842 1666 1056 1703 sequuturos,
1095 1671 1236 1702 quorum
1274 1662 1371 1693 trium
1409 1650 1536 1693 dierum
1575 1671 1675 1692 unum
1703 1671 1763 1702 pro
1789 1662 1907 1702 primO,
1941 1670 2042 1693 unum
2069 1671 2128 1702 pro

307 1725 456 1756 secundo
482 1727 512 1756 et
538 1725 701 1765 reliquum
729 1734 807 1755 vero
833 1725 969 1756 tercium
996 1725 1082 1756 diem
1111 1734 1170 1764 pro
1203 1724 1304 1755 tercio
1332 1724 1448 1755 ultimo
1474 1726 1504 1755 et
1531 1724 1779 1764 perlieinptorio
1797 1724 1938 1755 termino
1963 1732 2000 1755 ac
2027 1724 2132 1755 moni-

307 1788 402 1818 cione
427 1788 588 1818 canonica
615 1787 714 1818 vobis
741 1786 950 1827 preft'igimus
976 1789 1006 1818 et
1031 1787 1258 1827 assignamus,
1286 1786 1450 1817 studeatis
1476 1788 1507 1817 et
1533 1785 1685 1817 debeatis
1711 1786 1840 1817 realiter
1865 1788 1895 1816 et
1920 1795 1994 1816 cum
2013 1786 2128 1817 effectu

307 1850 396 1880 dicto
423 1850 553 1880 sindico
579 1852 609 1880 et
637 1850 842 1889 procuratori
848 1875 898 1880 .....
937 1849 1083 1880 solvisse
1121 1849 1230 1880 dictos
1266 1849 1414 1879 florenos
1451 1850 1582 1879 centum
1588 1874 1638 1879 .....
1676 1851 1732 1879 aut
1759 1856 1821 1879 vos
1847 1848 2029 1888 superinde
2055 1857 2128 1879 cum

307 1912 382 1951 ipso
409 1914 622 1951 procuratore
647 1914 677 1942 et
703 1911 834 1942 sindico
839 1937 889 1942 .....
915 1911 1134 1942 amicabiliter
1167 1911 1379 1942 convenisse.
1407 1910 1565 1950 Alioquin
1593 1910 1619 1941 si
1647 1910 1764 1940 norum
1803 1909 2034 1940 mandatorum
2073 1918 2131 1941 no-

306 1977 460 2010 strorum,
487 1974 552 2004 imo
579 1974 691 2005 verius
717 1973 992 2014 apostolicorum,
1018 1975 1228 2013 contemptor
1253 1972 1383 2004 fueritis
1409 1981 1467 2004 seu
1495 1972 1639 2010 rebellis,
1667 1972 1757 2012 quod
1785 1981 1849 2002 non
1876 1972 2054 2010 credimus,
2087 1981 2128 2003 ex

307 2046 393 2067 nunc
420 2038 517 2076 prout
543 2045 583 2067 ex
611 2038 688 2067 tunc
713 2038 743 2067 et
770 2046 810 2067 ex
838 2039 914 2067 tunc
941 2038 1039 2076 prout
1064 2045 1105 2067 ex
1133 2044 1230 2073 nunc,
1257 2045 1316 2076 pro
1342 2035 1499 2066 tribunali
1526 2035 1693 2072 sedentes,
1721 2035 1751 2065 in
1779 2035 1830 2065 liis
1857 2035 1990 2074 scriptis
2015 2037 2129 2065 contra

308 2108 369 2130 vos
395 2099 757 2130 excommunicationis
794 2099 993 2130 sententiam
1032 2098 1233 2139 proferimus
1269 2100 1300 2129 et
1338 2097 1602 2138 promulgamus.
1641 2097 1731 2128 Etsi
1759 2099 1868 2128 tamen
1902 2105 1942 2127 ex
1971 2097 2129 2137 predictis

307 2162 337 2191 in
364 2161 478 2200 aliquo
506 2169 567 2191 vos
593 2161 724 2201 gravari
763 2161 936 2192 senseritis
973 2161 1138 2192 studeatis
1164 2162 1194 2191 et
1220 2160 1373 2191 debeatis
1398 2168 1509 2191 coram
1537 2159 1635 2190 nobis
1662 2159 1776 2190 ultima
1802 2159 1855 2190 die
1881 2159 1958 2190 dicti
1986 2159 2128 2197 termini,

308 2223 334 2253 si
362 2222 477 2254 feriata
504 2232 569 2253 non
596 2222 704 2259 fuerit,
731 2223 881 2263 alioquin
909 2223 962 2254 die
990 2223 1180 2254 immediate
1206 2223 1358 2262 sequenti
1387 2222 1521 2253 minime
1546 2220 1673 2259 feriata,
1712 2221 1792 2251 bora
1831 2229 2046 2260 vesperarum
2073 2220 2129 2251 de-

311 2285 377 2316 bita
403 2294 591 2322 causarum,
617 2294 728 2316 coram
757 2285 856 2316 nobis
883 2286 913 2316 in
940 2286 1101 2316 canonica
1127 2285 1267 2316 ecclesie
1293 2285 1429 2316 maioris
1456 2283 1571 2324 Papie,
1598 2284 1704 2314 iustas
1729 2291 1851 2314 causas
1878 2283 1978 2314 vestri
2013 2291 2132 2323 grava-

311 2348 420 2383 minis,
447 2348 473 2378 si
501 2356 587 2387 quas
614 2347 782 2378 habebitis
807 2350 837 2378 et
863 2348 995 2387 alegare
1033 2347 1217 2385 volueritis,
1254 2355 1364 2378 coram
1404 2346 1502 2377 nobis
1540 2345 1746 2386 alegaturum
1774 2348 1804 2376 et
1830 2354 1847 2376 a
1875 2345 1973 2375 nobis
2000 2345 2129 2376 iusticie

309 2409 589 2448 complementum
629 2412 848 2449 recepturum.
887 2409 935 2440 De
973 2418 1112 2449 quarum
1152 2409 1405 2449 presentacione
1442 2408 1578 2439 cuilibet
1614 2416 1726 2438 earum
1765 2407 1858 2438 latori
1894 2407 1924 2437 in
1952 2407 2012 2438 liae
2039 2409 2130 2447 parte

311 2472 431 2502 nuncio
459 2474 583 2507 nostro,
609 2481 682 2502 cum
711 2472 895 2502 iuramento
922 2472 972 2502 vel
999 2472 1066 2502 alio
1105 2471 1240 2511 publico
1267 2471 1486 2502 instrumento
1520 2469 1700 2510 superinde
1726 2469 1946 2506 conficiendi),
1973 2469 2130 2500 dabitnus

312 2533 441 2572 plenam
470 2534 578 2564 fidem.
618 2533 649 2564 ln
688 2543 829 2573 quorum
857 2534 1096 2570 testimonium,
1122 2536 1181 2564 etc.
1216 2532 1290 2564 Dat.
1319 2532 1432 2572 Papie,
1459 2533 1489 2563 in
1517 2532 1603 2563 dicta
1630 2530 1801 2563 Canonica
1828 2531 1967 2562 ecclesie
1994 2531 2130 2562 maioris

313 2593 426 2634 l'apie,
453 2595 505 2625 die
532 2594 630 2625 XXIII
658 2594 826 2632 februarii,
855 2594 1145 2632 MCCCCLXXX,
1172 2594 1403 2626 terciadecima
1431 2594 1608 2624 indicione.
1636 2593 1801 2624 lohannes
1828 2593 1996 2624 Matlteus.

404 2655 693 2693 MCCCCLXXX,
722 2658 887 2688 indicione
914 2658 1157 2694 terciadecima,
1184 2657 1236 2688 die
1264 2656 1362 2687 XXIII
1390 2655 1559 2692 februarii,
1587 2656 1617 2686 in
1646 2656 1808 2695 vesperis.
1824 2654 2039 2687 Constitutus
2065 2654 2131 2686 Au-

312 2719 468 2759 gustinus
494 2719 534 2749 de
561 2718 747 2749 Frumentis
775 2719 930 2759 publicus
957 2720 1098 2750 servitor
1124 2718 1288 2751 Comunis
1316 2717 1418 2758 Papie
1453 2718 1562 2749 retulit
1588 2717 1629 2749 ad
1657 2717 1792 2748 domum
1828 2717 2051 2748 habitacionis
2077 2725 2131 2748 su-

313 2782 488 2821 prascripti
517 2781 642 2811 domini
671 2780 816 2817 Amirici,
853 2782 925 2812 eius
964 2781 1088 2812 familia
1127 2781 1304 2817 mediante,
1341 2782 1371 2811 et
1398 2781 1428 2811 in
1457 2781 1600 2820 scriptis,
1638 2782 1698 2811 etc.
1724 2783 1754 2810 et
1782 2780 1868 2817 inde,
1894 2782 1953 2811 etc.
1992 2778 2130 2811 Presen-

313 2843 414 2879 tibus,
440 2846 501 2874 etc.
