2347 3444
1949 212 2014 243 323

197 349 316 381 fratres
341 349 381 380 de
409 348 616 386 Fiambertis,
643 348 731 379 111105
756 350 787 378 et
813 348 953 379 heredes
989 347 1131 378 condam
1170 346 1294 377 domini
1330 344 1511 377 Oabriellis
1537 348 1567 376 et
1595 346 1624 376 in
1652 346 1878 384 exequutione
1915 347 2015 376 testa-

200 412 299 443 menti
326 411 465 452 paterni,
490 410 599 442 cicinno
626 410 815 441 investitura
837 411 994 450 perpetua
1020 409 1087 440 ullu
1113 408 1203 440 nobil
1237 408 1347 439 domm
1381 407 1536 440 Susanna
1562 407 1596 438 a't'
1620 407 1861 445 Fubisgrossi's,
1890 407 2013 438 vetlem

198 474 232 506 cli
255 473 416 513 Angelum
442 472 612 504 Βαιίιειιηί
634 482 650 503 c
675 472 796 511 mog-lie
822 472 856 503 cli
880 471 1078 505 Memmium
1104 471 1143 502 1ιέ
1171 470 1314 507 Cusono,
1340 470 1382 501 ccl
1405 479 1425 501 ιι
1451 470 1558 500 costui
1581 478 1671 500 come
1708 470 1824 499 niurito
1851 469 1936 500 (lellu
1963 470 2011 500 [11-

201 537 323 573 vestitu,
351 536 386 567 cii
408 544 473 566 una
501 535 598 575 vigna
624 534 658 566 di
685 535 725 566 16
744 534 888 574 perliclze
914 535 945 565 111
972 534 1129 565 territorio
1156 534 1190 564 cli
1217 532 1387 565 Cerunova
1408 540 1470 572 per
1492 531 1634 571 l'uffitto
1668 540 1777 562 annuo
1803 530 1837 562 (11
1860 532 1882 561 8
1907 531 2015 561 brente

199 599 234 631 di
259 599 341 630 vino.

954 742 1243 782 DLXXIX.

293 853 463 889 Religiosi
489 852 715 889 Agostiniani
739 852 918 888 promossi
945 852 1015 887 agli
1041 852 1165 880 Ordini
1191 852 1297 880 sacri.

787 957 948 987 1493,
983 958 1330 986 setten11n-e,
1363 956 1440 981 21.

749 1047 826 1070 (Archi
844 1047 923 1067 Notar.
942 1046 962 1066 di
981 1046 1050 1066 Pavia
1067 1057 1091 1059 —
1108 1045 1155 1066 Atti
1172 1045 1193 1065 di
1210 1045 1267 1066 Gian
1283 1045 1377 1070 Giorgiu
1393 1045 1465 1069 Sisti).

271 1232 381 1351 O
437 1237 622 1278 ῙΒΟΙΝΑΤΙΟ
641 1244 816 1277 Generalis
835 1253 1004 1276 sacrorum
1024 1243 1222 1275 Ordinum...
1242 1243 1272 1273 in
1293 1242 1444 1273 sacristia
1464 1250 1551 1272 nova
1571 1242 1707 1272 maioris
1725 1241 1864 1272 ecclesie
1883 1240 2018 1281 Papie...

437 1285 439 1364 Ι
467 1317 525 1348 per
550 1307 868 1338 reverendissimum
896 1307 926 1337 in
953 1305 1090 1338 Christo
1118 1305 1247 1337 Patrem
1275 1307 1482 1337 decretorum
1510 1305 1680 1336 doctorem
1699 1307 1730 1336 et
1756 1313 1848 1336 sacre
1875 1305 2019 1345 teologie

225 1407 232 1408 7
301 1407 316 1408 Π
413 1371 438 1407 j
467 1371 662 1411 magistrum
689 1370 862 1400 dominum
883 1369 1070 1402 Rolandum
1090 1378 1130 1399 ex
1149 1369 1331 1400 comitibus
1350 1367 1569 1405 Rovescliale‚
1587 1367 1647 1398 Dei
1667 1370 1697 1398 et
1715 1367 1902 1408 apostolice
1921 1365 2020 1398 Sedis

198 1435 304 1476 gratia
331 1434 538 1475 Episcopum
565 1432 888 1469 Antenadorensem,
914 1431 1152 1472 sutraganeum
1181 1432 1210 1462 in
1237 1431 1378 1462 ecclesia
1404 1430 1591 1471 papiensi...

289 1496 340 1528 Ad
366 1496 650 1528 subdiaconatum

289 1559 400 1591 Frater
426 1558 622 1590 Leonardus
648 1558 688 1588 de
715 1555 840 1597 Spedia
866 1556 1005 1588 Ordinis
1031 1557 1136 1588 sancti
1164 1555 1356 1597 Augustini.

289 1622 340 1654 Ad
366 1622 581 1653 diaconatum

290 1685 401 1716 Frater
426 1684 613 1715 Nicholaus
639 1683 679 1714 de
705 1681 921 1715 Castronovo
947 1681 1086 1713 Ordinis
1111 1682 1217 1713 sancti
1245 1680 1437 1721 Augustini.

994 1856 1257 1896 DLXXX.

290 1969 523 1997 Testamento
549 1969 584 1996 di
611 1969 699 1996 frate
726 1967 873 1995 Alberto
900 1966 1100 1995 Guidoboni
1126 1965 1374 2001 Agostiniano,
1403 1964 1531 1992 abbate
1558 1963 1592 1991 di
1619 1963 1844 1993 Montebello,

836 2081 854 2104 1
861 2079 990 2110 493,
1024 2080 1263 2109 ottol)re‚
1295 2078 1369 2102 19.

724 2178 802 2201 (Arcti.
821 2178 901 2198 Notar.
919 2177 940 2197 di
958 2176 1036 2197 Pavia.
1055 2187 1078 2189 —
1095 2176 1143 2196 Atti
1161 2175 1182 2195 di
1199 2175 1251 2195 Gio:
1268 2175 1355 2195 Franco
1371 2174 1483 2196 Canevari
1502 2191 1505 2194 .

445 2325 446 2350 1

275 2364 397 2481 N
453 2382 543 2408 ELLA
568 2385 648 2408 cusa
673 2376 727 2407 del
750 2377 914 2411 testatore,
944 2375 975 2405 in
994 2373 1192 2404 Purrocchia
1210 2372 1245 2403 di
1261 2371 1293 2403 S.
1312 2370 1476 2402 lnvenzio.
1512 2370 1719 2401 Testamenta
1745 2369 1798 2400 a'el
1822 2369 2026 2400 reverendus

222 2453 223 2477 i

446 2449 447 2463 ³
476 2449 568 2471 sacre
593 2439 763 2479 theologie
782 2438 939 2478 magister
958 2437 1116 2467 dominus
1131 2435 1288 2466 Albertus
1307 2433 1346 2464 de
1365 2432 1590 2469 Guidebonis‚
1609 2432 1716 2463 abbas
1735 2433 1927 2462 sanctorum
1946 2429 2029 2462 Ger-

223 2522 277 2540 r*
347 2493 447 2539 fflrj}
476 2502 561 2533 vasii
588 2504 619 2533 et
645 2500 812 2532 Prothasii
839 2500 879 2530 de
907 2498 1115 2529 Montebello
1153 2497 1295 2537 partium
1330 2495 1637 2536 transpadinarum,
1675 2495 1822 2525 diocesis
1860 2493 2028 2531 placentie

207 2568 239 2598 et
264 2565 456 2598 Comitatus
483 2564 586 2605 Papie
604 2561 688 2603 (1)...
715 2563 767 2594 col
790 2562 888 2602 quale
914 2561 1046 2592 ordinat
1073 2560 1165 2600 quod
1191 2559 1336 2590 cadaver
1361 2561 1391 2589 et
1418 2566 1475 2589 seu
1502 2566 1627 2598 corpus
1653 2557 1804 2588 eiusdem
1847 2556 2029 2596 sepeliatur

208 2630 239 2660 et
265 2628 399 2668 sepeliri
426 2627 548 2658 debeat
573 2627 604 2657 in
631 2626 756 2666 templo
783 2625 887 2656 sancti
916 2623 1095 2664 Augustini
1123 2621 1237 2661 Papie‚
1264 2621 1295 2651 in
1322 2620 1494 2660 sepultura
1520 2627 1760 2651 conversorum
1787 2618 1865 2649 dicti
1903 2618 2028 2657 templi,

211 2691 292 2721 hora
318 2689 468 2721 secunda
494 2689 612 2726 noctis,
639 2697 712 2719 cum
740 2689 884 2727 quatuor
910 2685 1050 2716 torticiis
1076 2693 1160 2721 cere,
1186 2684 1257 2714 sine
1294 2682 1408 2722 aliqua
1434 2682 1671 2722 solempnitate
1698 2682 1728 2711 et
1761 2680 1876 2719 aliquo
1912 2680 2032 2710 invita-

211 2754 356 2783 mento...
383 2751 460 2783 Item
487 2751 568 2789 vult,
594 2751 727 2782 ordinat
753 2752 783 2780 et
810 2749 945 2780 mandat
971 2747 1062 2787 quod
1090 2746 1162 2776 libri
1191 2746 1300 2785 ipsius
1329 2744 1456 2776 domini
1494 2743 1665 2775 testatoris
1691 2743 1756 2774 sint
1782 2745 1813 2773 et
1838 2744 2029 2772 remaneant

212 2823 272 2855 pro
299 2823 364 2845 una
390 2814 529 2845 dimidia
555 2814 644 2844 dicto
669 2812 849 2844 conventui
877 2810 981 2842 sancti
1021 2808 1199 2849 Augustini
1239 2806 1353 2847 Papie‚
1379 2808 1410 2837 et
1436 2815 1496 2847 pro
1536 2806 1639 2837 altera
1670 2805 1809 2836 dimidia
1849 2803 2028 2834 conventui

213 2877 388 2908 Trinitatis
413 2876 568 2908 Terdone
595 2875 734 2908 Ordinis
760 2874 865 2906 sancti
893 2872 1084 2913 Augustini,
1110 2873 1140 2901 et
1167 2871 1209 2901 ita
1237 2870 1300 2900 1105
1326 2869 1413 2910 legat
1439 2871 1472 2900 ut
1499 2877 1612 2909 supra,
1639 2867 1735 2899 salvo
1754 2869 1785 2897 et
1803 2868 1974 2897 reservato
1992 2873 2029 2895 ac

213 2942 288 2971 acto
314 2941 344 2970 et
371 2939 525 2970 intelecto
551 2938 642 2979 quod
669 2938 743 2969 libri
770 2936 909 2974 Artium,
935 2934 1090 2966 videlicet
1118 2933 1238 2973 Logice
1263 2934 1294 2963 et
1320 2930 1552 2971 philosophie,
1578 2930 1644 2961 sint
1669 2929 1711 2960 ad
1739 2937 1834 2959 usum
1851 2927 2028 2959 Octaviani

271 3098 302 3123 (1)
316 3097 373 3118 Vedi
388 3097 402 3117 il
418 3096 559 3117 documento
570 3094 606 3115 del
621 3095 633 3115 7
643 3094 714 3120 luglio
731 3094 789 3119 1478,
800 3099 812 3114 e
823 3093 859 3114 del
869 3093 892 3114 31
905 3091 1021 3112 dicembre
1034 3090 1091 3111 1484.
