2347 3444
1934 202 1998 234 287

339 330 391 362 Ad
417 333 560 371 quatuor
585 332 731 363 minores
755 332 912 363 ordines:

272 392 383 424 Frater
408 393 566 425 Iohannis
592 393 802 435 Augustinus
827 394 868 425 de
893 392 1100 426 Gravalonia
1116 391 1168 433 (l)
1193 392 1332 426 Ordinis
1358 395 1462 425 sancti
1490 394 1681 435 Augustini.

340 454 390 486 Ad
416 455 683 487 subdiaconatus
707 455 889 488 Ordinem:

274 516 384 548 Frater
410 517 555 549 Micliael
582 518 622 549 de
648 517 768 551 Crema
794 517 933 551 Ordinis
959 519 1211 550 Heremitarum.

340 578 391 610 Ad
418 580 617 612 diaconatus
642 580 824 613 Ordinem:

277 641 387 673 Frater
414 642 574 673 Marchus
600 643 640 674 de
667 643 798 674 Viliana
815 641 867 683 (2)
891 642 1030 675 Ordinis
1057 637 1310 675 l-le'remitarum.

342 703 392 735 Ad
419 703 579 736 Ordinem
610 705 873 745 presbiteratus:

277 766 387 797 Frater
412 766 598 798 Nicliolaus
624 767 664 798 de
690 766 808 799 Cumis
834 767 972 799 Ordinis
1000 768 1240 799 Heremitarum
1259 766 1320 807 (3).

948 942 1247 990 DXXXVI.

276 1050 304 1078 Il
329 1049 481 1086 Capitolo
506 1049 538 1078 di
564 1050 596 1078 S.
622 1050 724 1078 Paolo
750 1049 852 1078 tacita
877 1051 906 1078 le
931 1050 1022 1078 eredi
1055 1051 1107 1079 del
1132 1051 1209 1080 nob.
1245 1052 1410 1080 Galeazzo
1443 1051 1629 1079 Fiamberti
1654 1060 1715 1079 con
1741 1052 1771 1079 la
1796 1051 1949 1080 cessione
1975 1051 2007 1079 di

186 1103 305 1131 alcune
329 1107 417 1131 terre
442 1102 475 1131 in
499 1103 647 1139 Turago.

820 1199 935 1222 1485
945 1201 958 1222 )
969 1215 981 1229 ,
1011 1200 1230 1230 gitta-11«)
1242 1216 1255 1229 ,
1285 1200 1376 1224 30.

739 1287 815 1308 (ΑΜ-11,
834 1287 914 1307 Notar.
932 1287 952 1307 di
971 1287 1049 1308 Pavin.
1067 1298 1091 1301 —
1107 1288 1154 1308 Atti
1171 1288 1192 1308 di
1210 1288 1320 1309 Riccnrdu
1337 1288 1481 1309 Καινῆς-1141).

297 1473 343 1588 Ι
438 1490 461 1516 Ν
486 1485 690 1516 monasterio
716 1485 821 1515 sancti
850 1484 943 1516 Pauli
970 1487 1000 1515 et
1028 1485 1057 1515 in
1086 1485 1158 1516 loco
1185 1484 1366 1525 Capituli...
1394 1484 1608 1526 congregato
1634 1486 1781 1526 capitulo
1816 1487 2008 1517 monasterii

460 1550 490 1579 et
515 1550 703 1579 conventus
729 1547 834 1578 sancti
862 1547 968 1585 Pauli,
995 1546 1134 1579 Ordinis
1162 1548 1308 1579 Fratrum
1338 1548 1577 1579 Heremitaruin
1609 1549 1713 1579 saneti
1752 1548 1931 1589 Augustini
1970 1549 2009 1580 de

217 1645 223 1650 ,
330 1646 333 1647 ⁷
460 1610 725 1642 Observancia...
753 1611 783 1640 in
811 1619 911 1650 quo...
938 1610 1117 1641 adfuerunt
1142 1612 1171 1641 et
1197 1611 1319 1641 adsunt
1347 1611 1556 1641 venerabiles
1590 1611 1715 1641 domini
1745 1610 1854 1642 Frater
1881 1611 2012 1642 Franci-

193 1682 272 1705 scus
298 1673 338 1704 de
367 1672 471 1713 Papia
498 1672 601 1709 Prior,
629 1675 659 1703 et
685 1672 783 1703 frater
810 1672 1019 1703 llluminatus
1046 1673 1086 1703 de
1113 1671 1263 1712 Septimo
1291 1673 1452 1710 Viearius,
1471 1675 1502 1703 et
1521 1682 1585 1703 una
1604 1682 1677 1704 cum
1697 1674 1778 1704 eis...
1798 1673 2008 1704 venerabiles

194 1735 320 1766 domini
346 1735 445 1766 frater
470 1734 612 1775 Egidius
638 1734 678 1765 de
704 1733 834 1771 Crema,
861 1734 961 1765 frater
987 1734 1152 1765 lohannes
1186 1735 1226 1765 de
1254 1734 1379 1775 Papia,
1418 1735 1517 1766 frater
1554 1735 1721 1766 Martinus
1747 1736 1787 1766 de
1815 1736 2010 1771 Modoetia,

193 1796 293 1828 frater
319 1797 517 1828 Franciscus
542 1797 582 1827 de
609 1795 706 1833 Salis,
733 1796 832 1827 trater
858 1795 1035 1828 Secundus
1062 1797 1102 1828 de
1128 1796 1277 1834 Caxelis,
1304 1797 1402 1828 trater
1428 1796 1612 1838 Gregorius
1639 1798 1678 1828 de
1706 1796 1821 1837 Papia,
1840 1797 1939 1828 frater
1957 1797 2014 1828 Ni-

193 1860 309 1891 colaus
336 1859 375 1890 de
402 1858 531 1897 Cumis,
557 1858 656 1890 frater
683 1859 827 1890 Micliael
855 1859 895 1890 de
921 1858 1051 1897 Crema,
1077 1859 1177 1890 frater
1203 1859 1363 1890 Marclius
1389 1860 1429 1890 de
1456 1858 1820 1897 Calderalibi1s‚f1'ate1‘
1847 1859 2012 1890 lohannes

192 1921 402 1963 Augustinus
428 1922 468 1953 de
495 1920 712 1959 Oravadona,
739 1921 838 1952 frater
864 1921 1067 1952 Theodorus
1093 1922 1132 1952 de
1160 1921 1275 1962 Papia,
1302 1921 1401 1952 frater
1427 1921 1598 1962 Eugenius
1624 1922 1664 1952 de
1692 1920 1806 1961 Papia,
1826 1921 1924 1952 frater
1951 1921 2013 1952 Pa-

192 1985 270 2015 xius
296 1984 336 2015 de
363 1984 570 2021 Mediolano,
596 1983 696 2014 frater
723 1983 884 2014 Fellixius
911 1983 950 2014 de
970 1982 1081 2021 Sallis,
1099 1983 1198 2014 trater
1218 1983 1382 2014 lohannes
1402 1983 1516 2014 Bonus
1535 1984 1575 2014 de
1595 1983 1732 2024 Bugela,
1751 1983 1850 2014 frater
1880 1983 2013 2014 Leonus

192 2047 232 2078 de
259 2045 428 2078 Sartirana
454 2049 485 2077 et
510 2046 609 2077 frater
635 2045 812 2077 Dionisius
838 2046 878 2076 de
904 2044 1056 2077 Cumis...
1082 2045 1243 2077 facientes
1270 2046 1346 2086 plus
1372 2054 1471 2085 quam
1492 2046 1577 2076 duas
1593 2048 1703 2085 partes
1722 2045 1933 2076 extribus...
1959 2054 2012 2076 ca-

193 2109 287 2149 pituli
308 2119 314 2146 ;
341 2117 432 2140 come
457 2108 612 2148 legatarii
631 2117 692 2148 pel·
714 2110 908 2139 testamento
934 2107 987 2139 del
1010 2108 1119 2139 nobile
1144 2107 1244 2139 milite
1269 2117 1285 2138 e
1311 2108 1436 2138 ‹lottore
1472 2106 1642 2139 Galcazzo
1670 2107 1856 2142 Flcmiberti,
1895 2109 2011 2147 rogato

193 2171 236 2203 da
265 2170 351 2203 Gicm
379 2170 539 2203 Gracomo
583 2169 753 2205 Cam’vari,
783 2179 847 2200 non
875 2170 1026 2201 valentes
1063 2170 1307 2210 presentialiter
1345 2170 1475 2201 solvere
1501 2172 1531 2200 et
1557 2169 1750 2200 satisfacere
1789 2168 2011 2209 infrascriptis

191 2233 365 2264 sororibus
392 2234 422 2264 in
450 2233 590 2273 pecunia
618 2234 788 2263 numerata
815 2234 953 2270 tantum,
980 2241 1040 2272 pro
1066 2232 1239 2263 solucione
1266 2232 1365 2263 unius
1391 2241 1477 2262 none
1504 2232 1607 2271 partis
1633 2240 1673 2262 ex
1709 2231 1861 2271 partibus
1891 2240 2010 2262 novem

192 2296 281 2327 dotis
307 2298 337 2326 et
363 2295 689 2326 melioramentorum
718 2298 848 2326 monete
875 2295 1045 2334 quondam
1073 2295 1207 2325 domine
1234 2294 1415 2335 Margarite
1441 2294 1481 2324 de
1508 2293 1668 2324 Belcredo
1687 2294 1765 2324 olim
1786 2294 1902 2324 uxoris
1941 2303 2014 2333 pre-

190 2358 267 2389 facti
295 2358 465 2398 quondam
493 2357 618 2388 domini
645 2356 780 2395 GaleaZ,
806 2357 915 2388 α’ἁηιιο
941 2357 975 2387 al
999 2356 1109 2387 dottor
1130 2357 1161 2387 ιή
1187 2356 1278 2396 leggi
1314 2356 1457 2387 thclzino
1485 2355 1583 2393 Com,
1610 2356 1725 2386 marito
1762 2355 1797 2386 cli
1834 2354 2009 2387 Giovanna

192 2420 378 2457 Fiamberti,
398 2419 499 2460 figlia
524 2420 578 2451 ciel
595 2419 636 2460 su
665 2419 847 2457 Galeazzo,
873 2419 915 2450 ecl
938 2419 1002 2450 alle
1027 2418 1143 2449 sorelle
1168 2418 1203 2449 di
1226 2419 1269 2449 lei
1293 2418 1420 2450 Brunca
1446 2427 1462 2449 e
1488 2417 1707 2457 Marglzerita,
1735 2417 1850 2449 alcutie
1876 2419 1954 2448 terre
1980 2418 2014 2449 di·

187 2482 353 2523 proprietcz
379 2482 432 2514 del
459 2481 625 2514 Convetzto
651 2482 771 2513 situate
796 2482 827 2513 ill
859 2481 998 2519 Tur-ago,
1027 2480 1084 2511 clze
1109 2482 1364 2521 ruppresentam)
1390 2480 1413 2511 il
1439 2479 1546 2511 valore
1571 2479 1625 2510 del
1649 2479 1770 2511 credt’to
1807 2479 1890 2510 delle
1926 2479 2012 2510 (lette

191 2545 308 2576 sorelle
335 2554 425 2576 verso
451 2545 474 2576 il
501 2544 677 2580 Convento,
704 2544 851 2575 stabililo
877 2544 908 2575 in
934 2544 990 2574 lire
1019 2543 1100 2574 1521
1119 2540 1180 2581 (4).

247 2701 277 2726 (l)
293 2702 333 2722 Nel
348 2701 489 2722 documento
505 2703 625 2727 seguente,
642 2702 663 2722 in
678 2702 713 2722 cui
730 2701 784 2721 tutti
802 2701 877 2726 questi
895 2700 1004 2725 Religiosi
1017 2700 1073 2724 tigu-
1130 2700 1154 2720 19
1168 2699 1296 2719 settembre
1313 2698 1334 2718 di
1351 2698 1498 2724 quest'anno
1514 2698 1572 2719 nella
1589 2697 1708 2723 Sagrestia
1724 2703 1800 2718 nuova
1817 2698 1852 2718 del
1869 2697 1961 2718 Duomo
1985 2697 2007 2717 lu

196 2752 251 2767 rano
275 2746 438 2772 appartenenti
454 2746 474 2767 al
490 2746 599 2772 Capitolo
615 2746 635 2766 di
652 2746 674 2767 S⁴
693 2746 772 2771 Paolo,
795 2746 874 2766 invece
890 2745 911 2765 di
929 2744 1067 2765 Gravalonia
1124 2749 1248 2769 promosso
1264 2743 1308 2764 alla
1324 2744 1420 2764 tonsura
1437 2743 1464 2763 etl
1480 2743 1500 2763 ai
1518 2744 1613 2768 quattro
1629 2742 1708 2763 Ordini
1725 2742 1806 2763 minori
1820 2742 1900 2768 frater
1910 2742 2008 2762 lacobnx

195 2792 213 2812 si
230 2792 295 2817 legge
313 2791 463 2817 Gravadorm,
479 2792 520 2812 che
535 2792 634 2812 sarebbe
650 2791 670 2812 la
687 2791 826 2812 Gravndona
843 2791 878 2811 sul
894 2790 946 2815 tago
958 2790 979 2810 di
991 2789 1071 2810 Coruo.
1129 2789 1158 2809 de
1174 2788 1216 2808 Ast
1234 2787 1333 2808 Ordinis
1349 2787 1532 2811 Heremitarumf
1556 2792 1621 2808 come
1637 2787 1666 2807 dn
1682 2788 1734 2807 atto
1757 2787 1778 2807 di
1802 2786 1855 2812 quel
1880 2786 1901 2806 di
1925 2788 2007 2811 rogato

195 2836 234 2856 Ma
250 2835 356 2856 vedendo
374 2836 440 2856 detto
465 2836 555 2856 innanzi
581 2835 720 2857 Gravarona
742 2835 802 2855 ›vedi
826 2835 968 2855 documento
991 2834 1044 2854 dell'
1059 2834 1072 2853 8
1128 2833 1189 2853 dallo
1205 2834 1284 2853 stesso
1303 2831 1436 2853 Paltonieri.

195 2885 274 2900 marzo
292 2880 358 2905 1490),
374 2880 491 2901 crediamo
506 2880 525 2900 si
537 2880 602 2900 tratti
613 2880 635 2900 di
647 2879 785 2901 Graveuona
796 2878 832 2899 del
845 2878 962 2899 territorio
978 2883 1071 2903 pavesc⁴
1181 2876 1211 2900 (4,Ι
1226 2876 1248 2897 Si
1265 2876 1312 2897 noti
1328 2877 1369 2897 elie
1384 2876 1405 2896 la
1421 2875 1534 2896 divisione
1550 2875 1609 2896 della
1625 2875 1713 2896 eredita
1729 2875 1764 2896 del
1782 2875 1905 2896 Fianiberti
1921 2874 1939 2894 si
1956 2879 2007 2899 prn-

252 2925 282 2949 l2)
298 2924 387 2949 Questo
402 2924 461 2945 frate
477 2924 557 2945 Marco
573 2924 703 2945 d'Aviliana
719 2924 754 2944 nel
770 2923 912 2944 documento
931 2924 1043 2947 seguentc
1059 2922 1070 2942 e
1126 2924 1201 2942 trasse
1218 2921 1289 2941 molto
1305 2926 1317 2941 a
1333 2921 1411 2946 lungo,
1427 2926 1472 2941 non
1488 2920 1610 2946 sappiaino
1622 2925 1663 2945 per
1679 2920 1747 2945 quale
1764 2919 1859 2940 motivo.
1873 2919 1929 2939 Vedi
1942 2919 1955 2939 il
1968 2918 2007 2939 do-

196 2970 276 2991 detto:
293 2969 373 2990 Marco
389 2969 417 2990 de
435 2969 608 2990 Calderalibus⁴
1123 2967 1201 2986 mento
1217 2965 1252 2986 del
1271 2966 1293 2986 17
1310 2970 1389 2986 marzo
1407 2965 1464 2986 1494,

247 3014 278 3038 (3)
293 3014 462 3040 Aggiungiamo
478 3013 516 3039 qui
533 3014 574 3035 che
589 3013 648 3034 nella
672 3018 739 3034 sacra
763 3012 936 3038 Ordinazione,
954 3012 1035 3032 tenuta
1053 3011 1074 3031 ai
