2347 3444
1922 193 1956 225 51

154 327 266 367 Curte,
292 329 454 361 facientes
480 330 510 360 et
536 330 806 368 representantes
832 327 1011 367 plusquam
1037 325 1123 357 duas
1150 327 1263 365 partes
1290 325 1426 356 fratrum
1445 328 1476 356 et
1495 323 1641 364 Capituli
1669 331 1857 355 conventus
1876 326 1962 356 dicte

153 391 296 423 ecclesie
321 391 427 422 saneti
455 389 666 431 Augustini...
694 390 808 420 dicunt
833 391 864 420 et
890 389 1116 429 protestantur
1141 387 1308 418 adversus
1346 386 1477 418 fratrem
1517 386 1740 427 Augustinum
1768 387 1808 417 dc
1836 387 1962 418 Mcrute

154 453 376 484 canonielium
404 451 595 483 monasterii
622 451 728 482 sancti
756 450 842 482 Petri
870 451 900 481 in
927 449 1000 482 celo
1025 458 1158 480 aure0...
1186 449 1276 488 quod
1303 458 1377 480 curn
1413 449 1535 479 iamdiu
1564 450 1594 479 et
1620 449 1717 479 annis
1754 449 1881 484 decem,
1917 450 1964 479 vi-

154 515 246 555 ginti,
267 515 431 555 triginta...
451 516 482 545 et
501 515 592 544 tanto
618 515 776 553 tempore.
805 513 894 553 quod
922 521 986 543 non
1013 513 1063 543 est
1090 511 1248 542 memoria
1269 511 1438 541 bominum
1460 511 1490 541 in
1510 511 1723 547 contrarium,
1749 511 1860 542 dictus
1886 520 1965 541 con-

154 578 275 607 ventus
301 578 331 607 et
357 575 594 606 monasterium
622 575 726 606 sancti
755 574 841 606 Petri
869 575 899 605 in
927 574 998 605 celo
1023 582 1124 605 aureo
1151 582 1215 603 non
1243 572 1418 603 habuerint
1446 581 1504 603 nec
1533 573 1655 603 liabent
1693 573 1835 612 priorem
1874 573 1965 603 clau-

153 638 287 669 stralem
315 646 375 668 nec
403 637 544 677 priorem
570 637 713 667 alicuius
740 637 941 677 maneriey...
968 636 1102 675 esigono
1129 635 1186 666 che
1213 635 1243 666 vi
1266 635 1317 665 sia
1342 634 1429 665 detto
1451 635 1558 674 prlore
1580 643 1642 674 per
1659 636 1771 674 potere
1796 635 1965 665 exercitare

154 700 165 731 i
184 700 338 740 privilegi
360 699 494 730 merenti
517 698 551 729 al
570 699 725 738 priorum,
753 708 768 729 e
793 699 822 729 si
847 706 1043 739 oppongono
1080 697 1137 728 clze
1173 697 1264 728 siena
1301 697 1465 728 esercimti
1488 697 1531 727 cia
1557 696 1639 732 altri,
1679 706 1738 728 nec
1776 697 1964 728 consentire

155 761 332 792 intendunt
358 761 388 791 in
415 760 528 800 aliquo
565 760 657 800 quod
695 761 830 791 tendere
868 761 975 800 possit
1013 760 1076 791 in...
1103 759 1318 800 preiuditium
1357 759 1521 790 dictorum
1559 761 1747 790 conventus
1774 761 1803 789 et
1830 758 1964 789 fratrum

155 815 261 846 sancti
290 813 480 854 Augustini,
506 815 568 844 etc.

893 916 1226 957 CLXXXIX.

243 1027 348 1055 Frate
385 1027 544 1054 Lorenzo
581 1026 671 1062 Biffi,
710 1025 832 1054 Priore
858 1026 892 1054 di
919 1026 954 1054 S.
982 1026 1160 1062 Mostiola,
1198 1025 1315 1054 riceve
1352 1025 1375 1052 il
1412 1029 1621 1061 pagamento
1648 1024 1682 1052 di
1708 1033 1751 1052 un
1777 1024 1893 1059 legato
1918 1029 1968 1052 te-

155 1079 400 1108 stamentario.

812 1176 830 1198 1
837 1174 961 1205 434,
982 1182 994 1198 ι
1001 1175 1079 1199 ›tt‹
1087 1176 1215 1206 )l)¹·e,
1241 1174 1312 1199 14.

717 1263 793 1285 (Arcu
811 1263 889 1283 Notas,
907 1263 928 1283 di
946 1263 1014 1283 Pavia
1032 1274 1055 1276 ——
1071 1263 1117 1283 Atti
1134 1263 1155 1283 di
1172 1262 1249 1283 suano
1265 1263 1399 1287 Marianum.

263 1446 309 1561 Ι
401 1465 423 1490 Ν
449 1460 550 1491 domo
577 1460 787 1500 infrascripte
814 1459 992 1497 Antonine,
1019 1459 1118 1491 Porta
1137 1459 1264 1497 Pontis,
1284 1459 1447 1491 parocbia
1465 1458 1497 1491 S.
1517 1459 1623 1491 Marie
1650 1461 1810 1491 canonice
1837 1459 1967 1492 Peroni.

394 1546 395 1565 ¹
424 1521 634 1553 Venerabilis
661 1523 691 1553 in
719 1521 884 1553 Dominos
910 1522 1008 1553 frater
1035 1522 1232 1553 Laurentius
1258 1522 1299 1553 de
1326 1521 1421 1553 ssiffis
1448 1522 1537 1562 prior
1555 1523 1697 1553 ecclesie
1723 1526 1753 1554 et
1780 1525 1968 1554 conventus

174 1605 263 1620 ,ἶ
282 1618 345 1620 .-ss
394 1569 397 1597 ¹.
424 1584 559 1615 fratrum
586 1586 700 1615 sancte
727 1584 887 1615 Mustiole
914 1583 1028 1624 Papie,
1054 1593 1092 1615 ac
1118 1584 1270 1615 sindicus
1289 1586 1320 1615 et
1339 1587 1535 1624 procurator
1553 1585 1630 1615 dicti
1650 1587 1870 1616 conventus...
1890 1595 1970 1616 con-

158 1645 299 1677 fitetur...
326 1654 446 1677 versus
472 1646 640 1676 dominam
668 1645 870 1677 Antoninam
897 1646 938 1677 de
964 1646 1207 1677 Mediisbarbis
1234 1647 1379 1677 relictam
1406 1647 1576 1686 quondam
1603 1647 1729 1678 domini
1756 1646 1890 1677 Antonii
1925 1648 1966 1678 de

158 1707 331 1748 Mangano
356 1708 434 1738 olim
461 1708 642 1748 spetiarii...
670 1708 831 1739 babuisse
857 1710 887 1739 et
913 1709 1120 1748 accepisse...
1157 1708 1303 1739 florenos
1340 1709 1522 1748 quinque...
1549 1718 1636 1749 quos
1661 1709 1771 1741 dictus
1797 1710 1967 1749 quondam

158 1769 315 1800 dominus
352 1768 519 1800 Antonius
557 1769 680 1809 legavit
717 1769 806 1800 dicto
843 1770 1022 1800 conventui
1061 1779 1120 1810 pro
1146 1770 1219 1801 eius
1244 1770 1354 1801 anima
1381 1771 1411 1800 in
1439 1779 1501 1801 suo
1527 1772 1728 1802 testamento
1753 1772 1822 1802 fieri
1850 1775 1966 1812 rogato

158 1839 246 1862 anno
273 1839 372 1862 curso
398 1828 557 1862 MCCCC
584 1831 749 1871 vigesimo
775 1832 907 1869 octavo,
933 1831 1071 1862 domino
1096 1830 1258 1862 Andriolo
1284 1832 1325 1863 de
1352 1830 1579 1872 Guargualiis.

989 2006 1132 2047 CXC.

244 2113 350 2141 Frate
387 2113 528 2142 Simone
567 2113 795 2152 Trovamala,
833 2115 1066 2143 Procuratore
1091 2115 1126 2143 di
1153 2115 1185 2146 S.
1212 2115 1397 2151 Agostino,
1437 2116 1553 2144 riceve
1580 2116 1603 2144 il
1628 2121 1839 2152 pagamento
1865 2116 1900 2145 di
1925 2126 1970 2144 un

156 2166 273 2202 legato
298 2167 579 2196 testamentario.

788 2272 942 2304 14:34,
972 2273 1210 2304 ottoDre,
1240 2273 1330 2298 29.

716 2360 792 2383 (Arch.
810 2360 889 2380 Notas.
906 2360 927 2380 di
945 2359 1014 2380 Pavia
1030 2371 1055 2374 —
1070 2360 1118 2381 Atti
1134 2360 1155 2381 di
1171 2360 1264 2381 Silvano
1280 2361 1414 2387 Mangano).

174 2481 175 2488 ἵ
263 2490 311 2605 Ι
402 2509 425 2535 N
450 2505 608 2536 domibus
622 2505 759 2536 fratrum
775 2507 805 2536 et
819 2503 1017 2536 Conventus
1032 2505 1139 2536 sancti
1155 2503 1334 2545 Augustini
1350 2505 1424 2536 sitis
1440 2505 1470 2536 in
1486 2503 1652 2537 Citadella
1668 2506 1814 2538 civitatis
1829 2506 1966 2547 papie...

174 2572 175 2607 l
425 2567 582 2598 dominus
598 2566 697 2598 frater
714 2565 840 2608 Symon
855 2567 896 2598 de
912 2566 1125 2598 Trovamalis
1139 2567 1291 2598 sindicus
1309 2569 1340 2598 et
1358 2569 1554 2608 procurator
1567 2567 1703 2599 fratrum
1723 2570 1753 2599 et
1771 2566 1969 2600 Conventus

174 2610 175 2628 ἶ
425 2629 566 2661 ecclesie
591 2630 698 2661 sancti
718 2628 897 2670 Augustini
917 2628 1053 2669 Papie...
1073 2627 1259 2661 Confitetur
1277 2638 1395 2660 versus
1421 2629 1643 2670 presbiterum
1670 2629 1828 2661 Lazarum
1848 2631 1888 2662 de
1908 2630 1971 2662 Pa-

160 2690 249 2721 varis
274 2691 405 2723 nomine
429 2693 461 2723 et
486 2692 559 2723 vice
586 2691 753 2723 Antonine
780 2692 820 2723 de
846 2692 1091 2723 Mediisbarbis
1129 2691 1241 2723 relicte
1268 2692 1438 2732 quondam
1464 2691 1598 2723 Antonii
1633 2693 1673 2723 de
1700 2692 1903 2733 Mangano...
1935 2702 1970 2724 se

158 2744 366 2783 accepisse...
391 2745 537 2777 florenos
563 2746 745 2786 quinque...
772 2754 859 2785 quos
885 2745 996 2776 dictus
1033 2745 1204 2785 quondam
1241 2745 1399 2776 dominus
1436 2744 1603 2777 Antonius
1630 2746 1751 2787 legavit
1778 2747 1866 2777 dicto
1892 2756 1972 2778 con-

159 2806 271 2837 ventui
297 2806 383 2838 dicte
408 2807 551 2839 ecclesie
577 2808 683 2839 sancti
711 2806 890 2848 Augustini
918 2816 978 2847 pro
1003 2807 1114 2838 anima
1139 2816 1201 2839 sua
1219 2804 1278 2847 (l).

216 2969 246 2993 (1)
262 2970 291 2991 La
307 2970 450 2996 professione
465 2972 487 2993 di
502 2973 612 2998 speziaie,
628 2977 693 2994 come
708 2973 766 2994 altre
787 2972 893 2993 attinenti
915 2972 959 2993 alla
982 2978 1038 2992 nier—
1092 2972 1120 2993 ed
1136 2972 1186 2992 altri
1203 2972 1279 2998 simili,
1295 2973 1336 2994 che
1351 2978 1392 2998 per
1407 2973 1431 2994 se
1446 2973 1516 2994 stessi
1532 2974 1660 2994 avrebbcro
1677 2974 1719 2994 ben
1736 2979 1794 2999 poca
1813 2973 1966 2998 impormnzu,

163 3016 252 3040 catum,
267 3020 305 3036 era
320 3015 342 3036 in
357 3016 409 3042 quei
425 3017 495 3043 tempi
507 3017 631 3038 esercitata
641 3018 817 3038 comunemente
827 3017 899 3038 anche
910 3017 946 3037 dai
958 3017 1037 3042 nobili,
1093 3017 1191 3042 valgono
1207 3017 1345 3038 nondimeno
1356 3023 1369 3038 a
1380 3017 1518 3039 dimostrato
1534 3018 1631 3039 l'affetto
1642 3019 1748 3039 costantc
1760 3018 1794 3038 dci
1808 3017 1888 3038 l'aivesi
1900 3023 1967 3038 verso

163 3063 228 3079 come
244 3059 320 3080 nobile
335 3065 373 3081 era
388 3060 488 3082 Antonio
503 3061 620 3087 Mangano
642 3062 764 3082 testatore.
787 3061 876 3086 Questo
898 3061 1038 3082 documento
1093 3060 1195 3082 l'Ordine
1210 3061 1370 3087 Agostiniano.
