2347 3444
303 208 363 239 164

1065 391 1345 432 CCCLVII.

387 500 630 536 Disposizioni
655 501 921 529 testamentarie
947 501 981 529 di
1009 499 1171 528 Beatrice
1186 500 1228 528 de
1244 499 1376 535 Regina
1401 499 1618 535 riguardanti
1633 499 1666 527 la
1682 499 1811 527 Chiesa
1826 499 1860 527 di
1876 499 1910 528 S.
1928 500 2112 536 Agostino.

962 621 1084 646 1471
1091 636 1103 651 ,
1133 629 1168 646 z]
1176 629 1210 652 p
1217 621 1335 652 vlle,
1366 621 1443 646 10.

817 710 892 733 (Arcti.
910 710 989 730 Notar.
1007 709 1027 729 di
1046 709 1122 730 Pavia.
1140 720 1163 723 -
1180 709 1227 730 Atti
1244 709 1266 730 di
1283 708 1406 730 Guniiorto
1421 708 1596 735 Strnzzapatti).

366 894 486 1009 N
547 912 635 938 ΕΜΔ
661 916 740 938 casa
776 907 864 938 della
901 908 1072 942 testatrice,
1100 908 1131 938 1'n
1158 907 1357 939 Parrocclzi'cl
1382 907 1417 939 cii
1441 907 1473 940 S.
1500 908 1608 939 Maria
1647 906 1816 940 Canonica
1856 907 2025 939 Gualtie'ri.
2058 908 2118 939 Te-

566 971 726 1001 stamenta
752 969 786 1000 cli
810 968 959 1000 Beatrice
994 969 1034 1000 de
1059 969 1198 1009 Regina,
1225 970 1278 1001 del
1296 969 1337 1011 fu
1365 969 1513 1006 Gimrdo,
1543 970 1667 1001 vedova
1692 970 1745 1002 del
1769 973 1910 1002 maestro
1928 970 2049 1002 Nicola
2075 971 2115 1002 de

569 1031 696 1065 Cixera.
723 1032 758 1063 cii
782 1031 898 1066 Ριινῐιι,
925 1032 978 1063 nel
1002 1032 1100 1071 quale
1125 1033 1270 1063 cadaver
1307 1041 1405 1064 suum
1444 1032 1578 1072 sepeliri
1618 1033 1715 1063 iussit
1741 1036 1771 1064 et
1798 1033 1889 1064 iubet
1916 1033 1946 1063 in
1973 1033 2118 1064 ecclesia

300 1095 405 1125 sancti
433 1094 612 1133 Augustini
641 1093 756 1134 Papio,
783 1094 813 1124 in
841 1094 998 1134 sepulcro
1026 1094 1081 1125 ubi
1110 1094 1195 1125 iacet
1221 1095 1368 1126 cadaver
1404 1095 1483 1125 dicti
1522 1095 1692 1134 quondam
1720 1095 1868 1135 magistri
1896 1094 2013 1126 Nicole
2040 1095 2118 1126 olim

302 1157 372 1187 eius
400 1157 550 1187 mariti...
578 1156 655 1187 Item
683 1157 775 1187 dedit
801 1159 832 1187 et
859 1156 982 1196 legavit
1009 1165 1046 1187 ac
1072 1157 1129 1187 dat
1155 1159 1185 1188 et
1212 1157 1299 1197 legat
1337 1157 1410 1197 ipsa
1447 1157 1583 1188 domina
1621 1157 1786 1193 testatrix,
1825 1166 1884 1197 pro
1909 1158 2020 1188 anima
2047 1166 2118 1194 sua,

300 1219 479 1250 conventui
506 1219 594 1250 dicte
619 1219 762 1250 ecclesie
790 1219 896 1250 sancti
924 1218 1103 1259 Augustini
1130 1219 1276 1250 florenos
1301 1219 1432 1250 duos...
1460 1228 1533 1250 cum
1563 1219 1624 1250 hoc
1653 1219 1743 1259 quod
1770 1219 1889 1251 fratres
1908 1220 2016 1259 ipsius
2041 1228 2121 1250 cori-

301 1285 421 1312 ventus
448 1284 623 1312 teneantur
648 1283 678 1312 et
704 1281 843 1321 obligati
870 1282 936 1312 sint
963 1282 1126 1312 interesse
1153 1281 1363 1313 funeralibus
1389 1282 1497 1322 ipsius
1522 1282 1657 1312 domine
1693 1282 1874 1313 testatricis
1900 1282 2030 1322 absque
2055 1281 2120 1313 alia

301 1344 568 1375 remuneratione
595 1343 820 1374 denariorum.

1053 1492 1357 1533 CCCLVIII.

390 1601 635 1637 Disposizioni
672 1602 941 1630 testamentarie
979 1601 1072 1629 della
1111 1602 1286 1630 Contessa
1323 1602 1513 1630 Valentina
1551 1602 1695 1631 Bertoni
1733 1602 1857 1630 Rasini
1883 1611 1902 1630 a
1928 1603 2050 1631 favore
2087 1602 2122 1631 di

301 1655 336 1683 S.
365 1655 485 1685 paolo.

962 1723 1103 1755 1471,
1125 1724 1380 1756 112ae1ggi09
1400 1723 1474 1749 18.

816 1812 891 1833 tArch.
910 1812 989 1832 Notar.
1007 1812 1028 1832 di
1046 1811 1124 1832 Pax-ia*
1142 1823 1165 1825 —
1181 1811 1229 1832 Atti
1246 1812 1267 1832 di
1284 1811 1406 1833 Guntinrto
1422 1811 1598 1838 Strazzapatw.

367 1997 490 2114 N
549 2016 639 2042 ELLA
664 2012 858 2043 cancelleria
883 2011 959 2043 dell'
975 2011 1142 2052 Ospeclale
1167 2012 1201 2043 di
1225 2011 1258 2044 S.
1284 2012 1419 2043 Matteo.
1451 2011 1657 2043 Testamento
1683 2011 1770 2042 della
1796 2011 1919 2042 nobilis
1938 2013 1969 2042 et
1987 2011 2121 2052 egregia

571 2074 706 2105 domina
733 2073 929 2105 Vallencina
955 2075 996 2106 de
1023 2074 1188 2111 Bertonis‚
1215 2075 1282 2106 tilia
1309 2074 1479 2115 quondam
1507 2074 1704 2114 spectabilis
1729 2074 1878 2105 doctoris
1904 2074 2030 2105 domini
2057 2073 2123 2106 Ro-

571 2135 678 2175 glerii,
704 2138 735 2167 et
762 2136 874 2167 relicta
900 2137 1071 2176 quondam
1099 2137 1298 2177 spectabilis
1331 2138 1363 2167 et
1395 2136 1621 2167 famoxissimi
1638 2136 1746 2177 legum
1773 2139 1804 2167 et
1831 2136 1946 2176 poesie
1972 2136 2121 2167 doctoris

303 2197 428 2227 domini
456 2196 652 2229 Baldasaris
678 2198 719 2229 de
747 2197 888 2230 Raxinis
906 2196 966 2237 (1),
992 2198 1045 2230 nel
1069 2199 1166 2238 quale
1199 2199 1255 2230 dat
1289 2201 1319 2230 et
1353 2199 1440 2239 legat
1478 2198 1682 2230 monasterio
1719 2198 1854 2229 fratrum
1882 2198 1988 2229 sancti
2026 2197 2121 2229 Pauli

306 2259 438 2290 fratrum
467 2259 708 2291 Heremitarum
736 2261 842 2292 sancti
870 2260 1050 2301 Augustini
1077 2262 1118 2293 de
1145 2260 1383 2299 Observantia,
1410 2262 1474 2293 sito
1501 2270 1606 2301 prope
1633 2263 1664 2292 et
1689 2263 1781 2292 extra
1808 2261 1977 2292 civitatem
2005 2259 2121 2301 Papie‚

304 2325 332 2352 et
358 2321 483 2353 fabrice
510 2323 673 2360 eiusdem,
699 2323 845 2355 florenos
871 2323 1052 2355 ducentum
1079 2324 1325 2365 quinquaginta
1352 2326 1483 2355 monete
1502 2323 1709 2355 currentis...
1728 2331 1875 2363 gravans
1894 2323 1967 2363 ipsa
1986 2323 2122 2354 domina

306 2385 456 2415 testatrix
496 2385 652 2416 dominos
690 2384 838 2417 Priorem
865 2388 895 2417 et
921 2385 1040 2417 fratres
1078 2387 1156 2418 dicti
1192 2387 1396 2423 monasterii,
1422 2386 1478 2426 qui
1506 2394 1564 2426 per
1589 2387 1739 2425 tempora
1777 2385 1900 2416 ibidem
1938 2387 2043 2423 erunt,
2080 2385 2122 2417 ad

306 2447 393 2476 omni
432 2456 520 2477 anno
558 2448 587 2478 in
627 2450 825 2488 perpetuum
865 2448 1036 2480 ceilebrari
1075 2449 1259 2480 fatiendum
1287 2450 1317 2480 in
1345 2449 1490 2480 ecclesia
1516 2448 1595 2479 dicti
1623 2448 1815 2479 monasterii
1854 2448 2121 2479 anniversarium

307 2517 406 2539 unum
434 2518 494 2548 pro
519 2510 628 2540 anima
668 2510 775 2550 ipsius
813 2511 947 2542 domine
973 2511 1164 2549 testatricis,
1192 2512 1222 2542 in
1249 2520 1317 2551 quo
1343 2511 1384 2542 ad
1412 2511 1521 2541 minus
1548 2510 1769 2541 ceilebrentur
1806 2511 1908 2542 misse
1941 2510 2120 2542 duodecim

307 2579 381 2601 eum
409 2580 473 2601 una
501 2572 530 2601 in
557 2574 668 2609 cantu,
696 2575 729 2603 ut
756 2573 858 2604 moris
884 2576 945 2611 est,
972 2575 1002 2605 et
1029 2574 1168 2605 ulterius
1194 2574 1302 2605 eidem
1331 2573 1535 2605 monasterio
1561 2572 1685 2613 legavit
1711 2575 1742 2603 et
1769 2572 1855 2613 legat
1881 2573 2000 2604 lectum
2020 2581 2120 2604 unum

307 2641 446 2672 parvum
474 2642 657 2672 pennarum
685 2643 840 2666 anserum
867 2644 966 2675 quern
993 2636 1093 2667 habet
1119 2637 1150 2667 in
1177 2636 1279 2667 domo
1297 2644 1372 2667 cum
1392 2644 1457 2666 uno
1476 2635 1544 2675 pari
1572 2635 1812 2666 lentuaminum
1832 2637 1863 2666 et
1881 2635 2029 2666 culcidra
2056 2643 2121 2666 una

307 2698 468 2735 canepete
495 2696 595 2727 tincte
622 2705 696 2727 curn
725 2706 790 2727 uno
816 2697 979 2737 plumatio
1006 2708 1190 2738 pennarum
1217 2707 1418 2730 anserum...-

368 2852 397 2876 ’1)
412 2851 550 2872 Baidassare
562 2851 647 2877 Rasiui,
663 2852 699 2872 dai
718 2853 766 2873 1427
783 2852 914 2878 professore
930 2854 951 2874 di
968 2854 1047 2875 diritto
1062 2854 1127 2874 civile
1143 2855 1188 2874 nel·
1243 2854 1302 2874 della
1325 2855 1414 2874 contea.
1439 2853 1497 2874 Mori
1514 2853 1527 2874 ii
1542 2854 1554 2873 7
1570 2854 1663 2874 ottobrc
1688 2854 1737 2874 1408
1752 2855 1773 2874 in
1790 2854 1868 2880 Pax-ia,
1885 2860 1896 2875 e
1911 2854 1934 2875 tu
1950 2854 2043 2880 sepono
2058 2853 2117 2874 nella

312 2896 466 2917 1'Universita
482 2902 575 2922 pavesc,
593 2896 663 2922 passo
679 2897 714 2917 nel
732 2898 782 2918 1435
796 2898 839 2918 :xlia
856 2897 965 2919 Cattedra
977 2898 998 2918 di
1011 2898 1135 2924 Retturica,
1145 2900 1186 2919 che
1242 2898 1351 2924 Cappelia
1368 2898 1529 2918 univer-suana
1545 2898 1566 2918 di
1583 2897 1604 2918 SA
1622 2897 1729 2919 Caterina
1745 2899 1803 2919 neila
1820 2898 1902 2919 Cliiesa
1914 2898 1935 2919 di
1947 2898 1969 2919 S⁴
1983 2898 2116 2919 Tonnnaso-

311 2943 379 2961 tenne
394 2940 445 2961 sino
460 2941 480 2961 al
499 2940 555 2961 1467.
573 2940 647 2961 Uonio
662 2941 903 2962 avvedutoanciicnei
915 2943 1018 2967 inancggi
1035 2943 1185 2969 dipiomatici,
1242 2942 1298 2963 Vedi
1315 2942 1442 2966 ROBOMNJ,
1464 2941 1565 2965 Notizic,
1583 2943 1627 2963 voi.
1645 2942 1671 2968 V,
1688 2945 1746 2968 part.
1765 2943 1790 2968 11,
1820 2948 1872 2969 pag.
1891 2942 1928 2964 136
1942 2948 1954 2963 e
1969 2942 2015 2963 226,

312 2984 334 3005 iu
350 2987 441 3006 accetto
463 2990 476 3005 a
500 2985 627 3006 Francesco
650 2984 739 3011 sforza,
762 2986 803 3006 che
826 2986 847 3007 lo
869 2986 942 3007 onero
967 2987 1002 3007 dei
1019 2988 1159 3008 cavant-rato
1175 2993 1186 3008 e

2339 2398 2347 2557 —-—..—.-
