<?xml version="1.0" encoding="UTF-8"?>
<!DOCTYPE html PUBLIC "-//W3C//DTD XHTML 1.0 Transitional//EN"
    "http://www.w3.org/TR/xhtml1/DTD/xhtml1-transitional.dtd">
<html xmlns="http://www.w3.org/1999/xhtml" xml:lang="en" lang="en">
 <head>
  <title>
</title>
<meta http-equiv="Content-Type" content="text/html;charset=utf-8" />
  <meta name='ocr-system' content='tesseract 3.04.00' />
  <meta name='ocr-capabilities' content='ocr_page ocr_carea ocr_par ocr_line ocrx_word'/>
</head>
<body>
  <div class='ocr_page' id='page_1' title='image "./codexdiplomaticu02maiouoft_0073.png"; bbox 0 0 2347 3444; ppageno 0'>
   <div class='ocr_carea' id='block_1_1' title="bbox 1939 196 1980 226">
    <p class='ocr_par' dir='ltr' id='par_1_1' title="bbox 1939 196 1980 226">
     <span class='ocr_line' id='line_1_1' title="bbox 1939 196 1980 226; baseline 0 0"><span class='ocrx_word' id='word_1_1' title='bbox 1939 196 1980 226; x_wconf 87' lang='lat'>27</span> 
     </span>
    </p>
   </div>
   <div class='ocr_carea' id='block_1_2' title="bbox 953 397 1207 437">
    <p class='ocr_par' dir='ltr' id='par_1_2' title="bbox 953 397 1207 437">
     <span class='ocr_line' id='line_1_2' title="bbox 953 397 1207 437; baseline 0.004 -1"><span class='ocrx_word' id='word_1_2' title='bbox 953 397 1207 437; x_wconf 91' lang='lat' dir='ltr'>CXLVII.</span> 
     </span>
    </p>
   </div>
   <div class='ocr_carea' id='block_1_3' title="bbox 168 503 1980 592">
    <p class='ocr_par' dir='ltr' id='par_1_3' title="bbox 168 503 1980 592">
     <span class='ocr_line' id='line_1_3' title="bbox 257 503 1980 542; baseline 0.005 -11"><span class='ocrx_word' id='word_1_3' title='bbox 257 503 501 539; x_wconf 86' lang='lat' dir='ltr'>Disposizioni</span> <span class='ocrx_word' id='word_1_4' title='bbox 527 504 561 532; x_wconf 77' lang='lat' dir='ltr'>di</span> <span class='ocrx_word' id='word_1_5' title='bbox 588 504 726 540; x_wconf 85' lang='lat' dir='ltr'>Filippo</span> <span class='ocrx_word' id='word_1_6' title='bbox 752 505 866 533; x_wconf 86' lang='lat' dir='ltr'>Maria</span> <span class='ocrx_word' id='word_1_7' title='bbox 892 505 1054 534; x_wconf 83' lang='lat' dir='ltr'>Visconti</span> <span class='ocrx_word' id='word_1_8' title='bbox 1077 514 1139 542; x_wconf 84' lang='lat' dir='ltr'>per</span> <span class='ocrx_word' id='word_1_9' title='bbox 1164 505 1185 534; x_wconf 90' lang='lat' dir='ltr'>l’</span> <span class='ocrx_word' id='word_1_10' title='bbox 1203 507 1367 535; x_wconf 83' lang='lat' dir='ltr'>onorario</span> <span class='ocrx_word' id='word_1_11' title='bbox 1393 507 1427 536; x_wconf 91' lang='lat' dir='ltr'>di</span> <span class='ocrx_word' id='word_1_12' title='bbox 1443 508 1531 536; x_wconf 85' lang='lat' dir='ltr'>frate</span> <span class='ocrx_word' id='word_1_13' title='bbox 1557 509 1675 538; x_wconf 87' lang='lat' dir='ltr'>Pietro</span> <span class='ocrx_word' id='word_1_14' title='bbox 1701 510 1745 538; x_wconf 81' lang='lat' dir='ltr'>da</span> <span class='ocrx_word' id='word_1_15' title='bbox 1771 510 1980 541; x_wconf 79' lang='lat' dir='ltr'>castelletto</span> 
     </span>
     <span class='ocr_line' id='line_1_4' title="bbox 168 556 660 592; baseline 0.002 -8"><span class='ocrx_word' id='word_1_16' title='bbox 168 556 372 592; x_wconf 85' lang='lat' dir='ltr'>professore</span> <span class='ocrx_word' id='word_1_17' title='bbox 397 556 660 586; x_wconf 85' lang='lat' dir='ltr'>universitario.</span> 
     </span>
    </p>
   </div>
   <div class='ocr_carea' id='block_1_4' title="bbox 798 681 1338 712">
    <p class='ocr_par' dir='ltr' id='par_1_4' title="bbox 798 681 1338 712">
     <span class='ocr_line' id='line_1_5' title="bbox 798 681 1338 712; baseline 0 -6"><span class='ocrx_word' id='word_1_18' title='bbox 798 683 948 711; x_wconf 62' lang='lat'>14()25.‚</span> <span class='ocrx_word' id='word_1_19' title='bbox 981 681 1253 712; x_wconf 60' lang='lat' dir='ltr'>ge1111z=io‚</span> <span class='ocrx_word' id='word_1_20' title='bbox 1286 682 1338 706; x_wconf 81' lang='lat'>3.</span> 
     </span>
    </p>
   </div>
   <div class='ocr_carea' id='block_1_5' title="bbox 649 770 1496 796">
    <p class='ocr_par' dir='ltr' id='par_1_5' title="bbox 649 770 1496 796">
     <span class='ocr_line' id='line_1_6' title="bbox 649 770 1496 796; baseline -0.001 -6"><span class='ocrx_word' id='word_1_21' title='bbox 649 770 724 793; x_wconf 74' lang='lat' dir='ltr'>(Arcu.</span> <span class='ocrx_word' id='word_1_22' title='bbox 742 770 777 791; x_wconf 82' lang='lat' dir='ltr'>dcl</span> <span class='ocrx_word' id='word_1_23' title='bbox 795 770 915 792; x_wconf 76' lang='lat' dir='ltr'>Retturato</span> <span class='ocrx_word' id='word_1_24' title='bbox 931 771 984 792; x_wconf 80' lang='lat' dir='ltr'>‹lell&#39;</span> <span class='ocrx_word' id='word_1_25' title='bbox 996 771 1060 792; x_wconf 72' lang='lat' dir='ltr'>Univv</span> <span class='ocrx_word' id='word_1_26' title='bbox 1078 770 1099 791; x_wconf 86' lang='lat' dir='ltr'>di</span> <span class='ocrx_word' id='word_1_27' title='bbox 1116 770 1185 791; x_wconf 76' lang='lat' dir='ltr'>Pavia</span> <span class='ocrx_word' id='word_1_28' title='bbox 1200 782 1225 784; x_wconf 97' lang='lat'><strong>—</strong></span> <span class='ocrx_word' id='word_1_29' title='bbox 1242 770 1298 791; x_wconf 84' lang='lat' dir='ltr'>Doc.</span> <span class='ocrx_word' id='word_1_30' title='bbox 1315 771 1380 796; x_wconf 60' lang='lat' dir='ltr'>orig„</span> <span class='ocrx_word' id='word_1_31' title='bbox 1397 772 1453 792; x_wconf 84' lang='lat' dir='ltr'>cart.</span> <span class='ocrx_word' id='word_1_32' title='bbox 1471 771 1496 793; x_wconf 66' lang='lat' dir='ltr'>l).</span> 
     </span>
    </p>
   </div>
   <div class='ocr_carea' id='block_1_6' title="bbox 241 951 1978 1069">
    <p class='ocr_par' dir='ltr' id='par_1_6' title="bbox 241 951 1978 1069">
     <span class='ocr_line' id='line_1_7' title="bbox 241 951 1158 1068; baseline 0.003 -72"><span class='ocrx_word' id='word_1_33' title='bbox 241 951 346 1068; x_wconf 82' lang='lat' dir='ltr'>C</span> <span class='ocrx_word' id='word_1_34' title='bbox 409 970 512 997; x_wconf 81' lang='lat' dir='ltr'>OMES</span> <span class='ocrx_word' id='word_1_35' title='bbox 538 965 641 1006; x_wconf 80' lang='lat' dir='ltr'>Papie</span> <span class='ocrx_word' id='word_1_36' title='bbox 667 975 705 997; x_wconf 89' lang='lat' dir='ltr'>ac</span> <span class='ocrx_word' id='word_1_37' title='bbox 731 965 896 997; x_wconf 80' lang='lat' dir='ltr'>Dominus</span> <span class='ocrx_word' id='word_1_38' title='bbox 931 967 1071 1005; x_wconf 71' lang='lat' dir='ltr'>Vcnme,</span> <span class='ocrx_word' id='word_1_39' title='bbox 1097 969 1158 999; x_wconf 86' lang='lat' dir='ltr'>etc.</span> 
     </span>
     <span class='ocr_line' id='line_1_8' title="bbox 520 1026 1978 1069; baseline 0.003 -11"><span class='ocrx_word' id='word_1_40' title='bbox 520 1026 684 1058; x_wconf 76' lang='lat' dir='ltr'>Volumus</span> <span class='ocrx_word' id='word_1_41' title='bbox 710 1030 739 1058; x_wconf 85' lang='lat' dir='ltr'>et</span> <span class='ocrx_word' id='word_1_42' title='bbox 768 1029 965 1059; x_wconf 84' lang='lat' dir='ltr'>mandamus</span> <span class='ocrx_word' id='word_1_43' title='bbox 993 1029 1090 1060; x_wconf 84' lang='lat' dir='ltr'>vobis</span> <span class='ocrx_word' id='word_1_44' title='bbox 1127 1032 1293 1069; x_wconf 76' lang='lat' dir='ltr'>quatenus</span> <span class='ocrx_word' id='word_1_45' title='bbox 1320 1031 1386 1062; x_wconf 86' lang='lat' dir='ltr'>tie1i</span> <span class='ocrx_word' id='word_1_46' title='bbox 1414 1030 1521 1062; x_wconf 79' lang='lat' dir='ltr'>facere</span> <span class='ocrx_word' id='word_1_47' title='bbox 1559 1031 1712 1062; x_wconf 76' lang='lat' dir='ltr'>debeatis</span> <span class='ocrx_word' id='word_1_48' title='bbox 1751 1032 1887 1062; x_wconf 88' lang='lat' dir='ltr'>domino</span> <span class='ocrx_word' id='word_1_49' title='bbox 1914 1032 1978 1065; x_wconf 72' lang='lat' dir='ltr'>Ro-</span> 
     </span>
    </p>
   </div>
   <div class='ocr_carea' id='block_1_7' title="bbox 161 1090 1975 1318">
    <p class='ocr_par' dir='ltr' id='par_1_7' title="bbox 161 1090 1971 1318">
     <span class='ocr_line' id='line_1_9' title="bbox 212 1090 1971 1134; baseline 0.005 -15"><span class='ocrx_word' id='word_1_50' title='bbox 212 1124 233 1125; x_wconf 30' lang='lat' dir='ltr'><em>ffl</em></span> <span class='ocrx_word' id='word_1_51' title='bbox 429 1090 521 1121; x_wconf 84' lang='lat' dir='ltr'>berto</span> <span class='ocrx_word' id='word_1_52' title='bbox 548 1090 588 1121; x_wconf 82' lang='lat' dir='ltr'>dc</span> <span class='ocrx_word' id='word_1_53' title='bbox 615 1090 784 1127; x_wconf 78' lang='lat' dir='ltr'>Fronzola</span> <span class='ocrx_word' id='word_1_54' title='bbox 810 1091 947 1122; x_wconf 85' lang='lat' dir='ltr'>domino</span> <span class='ocrx_word' id='word_1_55' title='bbox 974 1091 1118 1122; x_wconf 76' lang='lat' dir='ltr'>Antonio</span> <span class='ocrx_word' id='word_1_56' title='bbox 1143 1093 1183 1123; x_wconf 79' lang='lat' dir='ltr'>de</span> <span class='ocrx_word' id='word_1_57' title='bbox 1211 1092 1408 1133; x_wconf 70' lang='lat' dir='ltr'>Tusicrnano</span> <span class='ocrx_word' id='word_1_58' title='bbox 1434 1095 1463 1124; x_wconf 88' lang='lat' dir='ltr'>et</span> <span class='ocrx_word' id='word_1_59' title='bbox 1490 1094 1649 1134; x_wconf 81' lang='lat' dir='ltr'>magistro</span> <span class='ocrx_word' id='word_1_60' title='bbox 1669 1093 1766 1125; x_wconf 75' lang='lat' dir='ltr'>Potio</span> <span class='ocrx_word' id='word_1_61' title='bbox 1793 1095 1833 1126; x_wconf 77' lang='lat' dir='ltr'>dc</span> <span class='ocrx_word' id='word_1_62' title='bbox 1854 1094 1971 1128; x_wconf 78' lang='lat' dir='ltr'>Caste-</span> 
     </span>
     <span class='ocr_line' id='line_1_10' title="bbox 162 1124 1975 1196; baseline 0.004 -14"><span class='ocrx_word' id='word_1_63' title='bbox 162 1124 237 1189; x_wconf 85' lang='lat' dir='ltr'>leto,</span> <span class='ocrx_word' id='word_1_64' title='bbox 264 1151 451 1192; x_wconf 85' lang='lat' dir='ltr'>legentibus</span> <span class='ocrx_word' id='word_1_65' title='bbox 478 1152 508 1182; x_wconf 90' lang='lat' dir='ltr'>in</span> <span class='ocrx_word' id='word_1_66' title='bbox 546 1151 665 1183; x_wconf 86' lang='lat' dir='ltr'>Studio</span> <span class='ocrx_word' id='word_1_67' title='bbox 691 1155 805 1184; x_wconf 90' lang='lat' dir='ltr'>nostro</span> <span class='ocrx_word' id='word_1_68' title='bbox 843 1152 956 1193; x_wconf 70' lang='lat' dir='ltr'>Papio</span> <span class='ocrx_word' id='word_1_69' title='bbox 982 1154 1112 1194; x_wconf 78' lang='lat' dir='ltr'>absque</span> <span class='ocrx_word' id='word_1_70' title='bbox 1139 1155 1250 1195; x_wconf 80' lang='lat' dir='ltr'>aliqua</span> <span class='ocrx_word' id='word_1_71' title='bbox 1288 1156 1481 1193; x_wconf 81' lang='lat' dir='ltr'>retentione,</span> <span class='ocrx_word' id='word_1_72' title='bbox 1508 1156 1651 1187; x_wconf 83' lang='lat' dir='ltr'>bullctas</span> <span class='ocrx_word' id='word_1_73' title='bbox 1677 1165 1736 1196; x_wconf 85' lang='lat' dir='ltr'>pro</span> <span class='ocrx_word' id='word_1_74' title='bbox 1774 1158 1975 1196; x_wconf 70' lang='lat' dir='ltr'>provixnm</span> 
     </span>
     <span class='ocr_line' id='line_1_11' title="bbox 162 1214 1970 1258; baseline 0.004 -14"><span class='ocrx_word' id='word_1_75' title='bbox 162 1214 340 1254; x_wconf 84' lang='lat' dir='ltr'>unicuique</span> <span class='ocrx_word' id='word_1_76' title='bbox 378 1216 501 1252; x_wconf 86' lang='lat' dir='ltr'>taxata</span> <span class='ocrx_word' id='word_1_77' title='bbox 539 1215 717 1246; x_wconf 75' lang='lat' dir='ltr'>occasione</span> <span class='ocrx_word' id='word_1_78' title='bbox 744 1215 867 1246; x_wconf 86' lang='lat' dir='ltr'>lecture</span> <span class='ocrx_word' id='word_1_79' title='bbox 893 1216 934 1247; x_wconf 89' lang='lat' dir='ltr'>ad</span> <span class='ocrx_word' id='word_1_80' title='bbox 962 1225 1060 1256; x_wconf 78' lang='lat' dir='ltr'>quam</span> <span class='ocrx_word' id='word_1_81' title='bbox 1088 1217 1236 1256; x_wconf 85' lang='lat' dir='ltr'>ipsorum</span> <span class='ocrx_word' id='word_1_82' title='bbox 1263 1217 1404 1257; x_wconf 80' lang='lat' dir='ltr'>quilibet</span> <span class='ocrx_word' id='word_1_83' title='bbox 1422 1220 1472 1249; x_wconf 91' lang='lat' dir='ltr'>est</span> <span class='ocrx_word' id='word_1_84' title='bbox 1491 1218 1619 1249; x_wconf 83' lang='lat' dir='ltr'>noviter</span> <span class='ocrx_word' id='word_1_85' title='bbox 1637 1219 1828 1258; x_wconf 64' lang='lat' dir='ltr'>deputatus</span> <span class='ocrx_word' id='word_1_86' title='bbox 1849 1218 1970 1251; x_wconf 84' lang='lat' dir='ltr'>Datum</span> 
     </span>
     <span class='ocr_line' id='line_1_12' title="bbox 161 1275 1713 1318; baseline 0.003 -11"><span class='ocrx_word' id='word_1_87' title='bbox 161 1275 277 1316; x_wconf 86' lang='lat' dir='ltr'>Papie,</span> <span class='ocrx_word' id='word_1_88' title='bbox 302 1276 355 1307; x_wconf 91' lang='lat' dir='ltr'>die</span> <span class='ocrx_word' id='word_1_89' title='bbox 380 1277 400 1308; x_wconf 85' lang='lat'>3</span> <span class='ocrx_word' id='word_1_90' title='bbox 426 1277 576 1315; x_wconf 86' lang='lat' dir='ltr'>ianuarii,</span> <span class='ocrx_word' id='word_1_91' title='bbox 602 1275 816 1309; x_wconf 84' lang='lat' dir='ltr'>MCCCCIV.</span> <span class='ocrx_word' id='word_1_92' title='bbox 843 1276 912 1309; x_wconf 83' lang='lat' dir='ltr'>Sul)</span> <span class='ocrx_word' id='word_1_93' title='bbox 939 1279 1036 1318; x_wconf 83' lang='lat' dir='ltr'>signo</span> <span class='ocrx_word' id='word_1_94' title='bbox 1062 1278 1208 1310; x_wconf 89' lang='lat' dir='ltr'>corniole</span> <span class='ocrx_word' id='word_1_95' title='bbox 1235 1281 1347 1310; x_wconf 87' lang='lat' dir='ltr'>nostre</span> <span class='ocrx_word' id='word_1_96' title='bbox 1373 1282 1510 1311; x_wconf 86' lang='lat' dir='ltr'>secrete.</span> <span class='ocrx_word' id='word_1_97' title='bbox 1538 1279 1713 1312; x_wconf 79' lang='lat' dir='ltr'>Iohannes.</span> 
     </span>
    </p>
   </div>
   <div class='ocr_carea' id='block_1_8' title="bbox 247 1337 1417 1381">
    <p class='ocr_par' dir='ltr' id='par_1_8' title="bbox 247 1337 1417 1381">
     <span class='ocr_line' id='line_1_13' title="bbox 247 1337 1417 1381; baseline 0.003 -12"><span class='ocrx_word' id='word_1_98' title='bbox 247 1338 273 1370; x_wconf 84' lang='lat' dir='ltr'><em>A</em></span> <span class='ocrx_word' id='word_1_99' title='bbox 302 1340 412 1378; x_wconf 81' lang='lat' dir='ltr'>tergo:</span> <span class='ocrx_word' id='word_1_100' title='bbox 438 1337 656 1379; x_wconf 88' lang='lat' dir='ltr'>Sapientibus</span> <span class='ocrx_word' id='word_1_101' title='bbox 683 1340 763 1371; x_wconf 89' lang='lat' dir='ltr'>viris</span> <span class='ocrx_word' id='word_1_102' title='bbox 790 1340 964 1381; x_wconf 83' lang='lat' dir='ltr'>Magistris</span> <span class='ocrx_word' id='word_1_103' title='bbox 991 1340 1185 1372; x_wconf 85' lang='lat' dir='ltr'>lntratarum</span> <span class='ocrx_word' id='word_1_104' title='bbox 1217 1343 1417 1373; x_wconf 89' lang='lat' dir='ltr'>nostrarum.</span> 
     </span>
    </p>
   </div>
   <div class='ocr_carea' id='block_1_9' title="bbox 928 1515 1206 1555">
    <p class='ocr_par' dir='ltr' id='par_1_9' title="bbox 928 1515 1206 1555">
     <span class='ocr_line' id='line_1_14' title="bbox 928 1515 1206 1555; baseline -0.007 0"><span class='ocrx_word' id='word_1_105' title='bbox 928 1515 1206 1555; x_wconf 89' lang='lat' dir='ltr'>CXLVIII.</span> 
     </span>
    </p>
   </div>
   <div class='ocr_carea' id='block_1_10' title="bbox 159 1621 1970 1717">
    <p class='ocr_par' dir='ltr' id='par_1_10' title="bbox 159 1621 1970 1717">
     <span class='ocr_line' id='line_1_15' title="bbox 247 1621 1970 1660; baseline 0.002 -10"><span class='ocrx_word' id='word_1_106' title='bbox 247 1621 286 1650; x_wconf 92' lang='lat' dir='ltr'>L&#39;</span> <span class='ocrx_word' id='word_1_107' title='bbox 305 1623 504 1651; x_wconf 69' lang='lat' dir='ltr'>Univertita</span> <span class='ocrx_word' id='word_1_108' title='bbox 530 1623 622 1659; x_wconf 88' lang='lat' dir='ltr'><strong>degli</strong></span> <span class='ocrx_word' id='word_1_109' title='bbox 648 1623 776 1651; x_wconf 79' lang='lat' dir='ltr'>Artisti</span> <span class='ocrx_word' id='word_1_110' title='bbox 802 1632 819 1651; x_wconf 89' lang='lat' dir='ltr'>e</span> <span class='ocrx_word' id='word_1_111' title='bbox 845 1623 901 1652; x_wconf 89' lang='lat' dir='ltr'>dei</span> <span class='ocrx_word' id='word_1_112' title='bbox 927 1623 1056 1652; x_wconf 86' lang='lat' dir='ltr'>Medici</span> <span class='ocrx_word' id='word_1_113' title='bbox 1082 1623 1239 1652; x_wconf 84' lang='lat' dir='ltr'>delibera</span> <span class='ocrx_word' id='word_1_114' title='bbox 1265 1624 1300 1652; x_wconf 89' lang='lat' dir='ltr'>di</span> <span class='ocrx_word' id='word_1_115' title='bbox 1325 1629 1529 1660; x_wconf 80' lang='lat' dir='ltr'>presentare</span> <span class='ocrx_word' id='word_1_116' title='bbox 1547 1624 1627 1660; x_wconf 87' lang='lat' dir='ltr'>ogni</span> <span class='ocrx_word' id='word_1_117' title='bbox 1646 1633 1735 1653; x_wconf 87' lang='lat' dir='ltr'>anno</span> <span class='ocrx_word' id='word_1_118' title='bbox 1753 1634 1820 1653; x_wconf 85' lang='lat' dir='ltr'>una</span> <span class='ocrx_word' id='word_1_119' title='bbox 1846 1625 1970 1654; x_wconf 82' lang='lat' dir='ltr'>offerta</span> 
     </span>
     <span class='ocr_line' id='line_1_16' title="bbox 159 1674 1077 1717; baseline 0.002 -14"><span class='ocrx_word' id='word_1_120' title='bbox 159 1684 178 1703; x_wconf 85' lang='lat' dir='ltr'>a</span> <span class='ocrx_word' id='word_1_121' title='bbox 204 1675 240 1704; x_wconf 92' lang='lat' dir='ltr'>S.</span> <span class='ocrx_word' id='word_1_122' title='bbox 267 1676 444 1711; x_wconf 83' lang='lat' dir='ltr'>Agostino</span> <span class='ocrx_word' id='word_1_123' title='bbox 469 1676 524 1704; x_wconf 91' lang='lat' dir='ltr'>nel</span> <span class='ocrx_word' id='word_1_124' title='bbox 551 1676 674 1712; x_wconf 87' lang='lat' dir='ltr'>giorno</span> <span class='ocrx_word' id='word_1_125' title='bbox 699 1677 792 1705; x_wconf 82' lang='lat' dir='ltr'>della</span> <span class='ocrx_word' id='word_1_126' title='bbox 819 1686 883 1705; x_wconf 87' lang='lat' dir='ltr'>sua</span> <span class='ocrx_word' id='word_1_127' title='bbox 908 1677 999 1705; x_wconf 83' lang='lat' dir='ltr'>festa</span> <span class='ocrx_word' id='word_1_128' title='bbox 1017 1674 1077 1717; x_wconf 77' lang='lat' dir='ltr'>(l),</span> 
     </span>
    </p>
   </div>
   <div class='ocr_carea' id='block_1_11' title="bbox 778 1799 1360 1830">
    <p class='ocr_par' dir='ltr' id='par_1_11' title="bbox 778 1799 1360 1830">
     <span class='ocr_line' id='line_1_17' title="bbox 778 1799 1360 1830; baseline 0 -7"><span class='ocrx_word' id='word_1_129' title='bbox 778 1799 933 1829; x_wconf 63' lang='lat'>1404,</span> <span class='ocrx_word' id='word_1_130' title='bbox 965 1799 1238 1830; x_wconf 69' lang='lat' dir='ltr'>ge1111ai09</span> <span class='ocrx_word' id='word_1_131' title='bbox 1271 1800 1360 1824; x_wconf 75' lang='lat'>28.</span> 
     </span>
    </p>
   </div>
   <div class='ocr_carea' id='block_1_12' title="bbox 627 1886 1464 1913">
    <p class='ocr_par' dir='ltr' id='par_1_12' title="bbox 627 1886 1464 1913">
     <span class='ocr_line' id='line_1_18' title="bbox 627 1886 1464 1913; baseline 0 -6"><span class='ocrx_word' id='word_1_132' title='bbox 627 1886 695 1907; x_wconf 69' lang='lat' dir='ltr'>‹ssibr</span> <span class='ocrx_word' id='word_1_133' title='bbox 712 1887 778 1908; x_wconf 87' lang='lat' dir='ltr'>Univ.</span> <span class='ocrx_word' id='word_1_134' title='bbox 796 1887 817 1907; x_wconf 90' lang='lat' dir='ltr'>di</span> <span class='ocrx_word' id='word_1_135' title='bbox 835 1886 913 1912; x_wconf 79' lang='lat' dir='ltr'>Pavia,</span> <span class='ocrx_word' id='word_1_136' title='bbox 929 1886 986 1908; x_wconf 85' lang='lat' dir='ltr'>Cod.</span> <span class='ocrx_word' id='word_1_137' title='bbox 1004 1892 1024 1907; x_wconf 87' lang='lat' dir='ltr'>n.</span> <span class='ocrx_word' id='word_1_138' title='bbox 1041 1887 1080 1907; x_wconf 72' lang='lat'>428</span> <span class='ocrx_word' id='word_1_139' title='bbox 1095 1898 1119 1900; x_wconf 33' lang='grc' dir='ltr'>ἡ</span> <span class='ocrx_word' id='word_1_140' title='bbox 1136 1886 1240 1912; x_wconf 78' lang='lat' dir='ltr'>Pergam.</span> <span class='ocrx_word' id='word_1_141' title='bbox 1258 1887 1278 1907; x_wconf 88' lang='lat' dir='ltr'>di</span> <span class='ocrx_word' id='word_1_142' title='bbox 1295 1886 1317 1908; x_wconf 88' lang='lat' dir='ltr'>S.</span> <span class='ocrx_word' id='word_1_143' title='bbox 1334 1887 1464 1913; x_wconf 80' lang='lat' dir='ltr'>Agostino).</span> 
     </span>
    </p>
   </div>
   <div class='ocr_carea' id='block_1_13' title="bbox 154 2071 1971 2687">
    <p class='ocr_par' dir='ltr' id='par_1_13' title="bbox 154 2071 1971 2687">
     <span class='ocr_line' id='line_1_19' title="bbox 171 2071 1969 2186; baseline -0.002 -70"><span class='ocrx_word' id='word_1_144' title='bbox 171 2125 172 2130; x_wconf 17' lang='grc'>1</span> <span class='ocrx_word' id='word_1_145' title='bbox 259 2071 307 2186; x_wconf 81' lang='grc' dir='ltr'>Ι</span> <span class='ocrx_word' id='word_1_146' title='bbox 402 2090 425 2116; x_wconf 88' lang='grc' dir='ltr'>Ν</span> <span class='ocrx_word' id='word_1_147' title='bbox 452 2085 584 2116; x_wconf 90' lang='lat' dir='ltr'>nomine</span> <span class='ocrx_word' id='word_1_148' title='bbox 623 2083 755 2115; x_wconf 82' lang='lat' dir='ltr'>Domini</span> <span class='ocrx_word' id='word_1_149' title='bbox 784 2083 899 2115; x_wconf 75' lang='lat' dir='ltr'>Amen.</span> <span class='ocrx_word' id='word_1_150' title='bbox 927 2083 1023 2114; x_wconf 78' lang='lat' dir='ltr'>Anno</span> <span class='ocrx_word' id='word_1_151' title='bbox 1049 2092 1066 2114; x_wconf 90' lang='lat' dir='ltr'>a</span> <span class='ocrx_word' id='word_1_152' title='bbox 1094 2084 1265 2115; x_wconf 77' lang='lat' dir='ltr'>nativitate</span> <span class='ocrx_word' id='word_1_153' title='bbox 1291 2084 1441 2115; x_wconf 85' lang='lat' dir='ltr'>eiusdem</span> <span class='ocrx_word' id='word_1_154' title='bbox 1469 2084 1646 2115; x_wconf 84' lang='lat' dir='ltr'>millesimo</span> <span class='ocrx_word' id='word_1_155' title='bbox 1672 2084 1969 2123; x_wconf 76' lang='lat' dir='ltr'>quatricentesimo</span> 
     </span>
     <span class='ocr_line' id='line_1_20' title="bbox 170 2145 1968 2203; baseline -0.001 -25"><span class='ocrx_word' id='word_1_156' title='bbox 170 2154 172 2203; x_wconf 56' lang='lat' dir='ltr'>l</span> <span class='ocrx_word' id='word_1_157' title='bbox 394 2188 395 2202; x_wconf 16' lang='grc' dir='ltr'><strong>χ</strong></span> <span class='ocrx_word' id='word_1_158' title='bbox 424 2148 554 2187; x_wconf 75' lang='lat' dir='ltr'>quarto,</span> <span class='ocrx_word' id='word_1_159' title='bbox 581 2147 762 2178; x_wconf 79' lang='lat' dir='ltr'>indictione</span> <span class='ocrx_word' id='word_1_160' title='bbox 788 2146 999 2180; x_wconf 80' lang='lat' dir='ltr'>duodecima.</span> <span class='ocrx_word' id='word_1_161' title='bbox 1024 2146 1077 2177; x_wconf 87' lang='lat' dir='ltr'>die</span> <span class='ocrx_word' id='word_1_162' title='bbox 1104 2146 1179 2177; x_wconf 88' lang='lat' dir='ltr'>lune</span> <span class='ocrx_word' id='word_1_163' title='bbox 1206 2146 1370 2186; x_wconf 81' lang='lat' dir='ltr'>vigesimo</span> <span class='ocrx_word' id='word_1_164' title='bbox 1400 2148 1521 2177; x_wconf 86' lang='lat' dir='ltr'>octavo</span> <span class='ocrx_word' id='word_1_165' title='bbox 1559 2146 1683 2176; x_wconf 83' lang='lat' dir='ltr'>mensis</span> <span class='ocrx_word' id='word_1_166' title='bbox 1710 2145 1862 2181; x_wconf 79' lang='lat' dir='ltr'>Ianuarii,</span> <span class='ocrx_word' id='word_1_167' title='bbox 1890 2146 1968 2176; x_wconf 77' lang='lat' dir='ltr'>liora</span> 
     </span>
     <span class='ocr_line' id='line_1_21' title="bbox 171 2203 1971 2248; baseline -0.002 -7"><span class='ocrx_word' id='word_1_168' title='bbox 171 2212 187 2246; x_wconf 54' lang='lat' dir='ltr'>sp</span> <span class='ocrx_word' id='word_1_169' title='bbox 255 2245 273 2246; x_wconf 28' lang='grc' dir='ltr'><strong><em>ἶ</em></strong></span> <span class='ocrx_word' id='word_1_170' title='bbox 328 2203 395 2246; x_wconf 31' lang='grc' dir='ltr'>ἡ]</span> <span class='ocrx_word' id='word_1_171' title='bbox 423 2210 602 2247; x_wconf 75' lang='lat' dir='ltr'>tertiarum,</span> <span class='ocrx_word' id='word_1_172' title='bbox 630 2210 660 2240; x_wconf 95' lang='lat' dir='ltr'>in</span> <span class='ocrx_word' id='word_1_173' title='bbox 687 2209 821 2240; x_wconf 86' lang='lat' dir='ltr'>civitate</span> <span class='ocrx_word' id='word_1_174' title='bbox 848 2208 983 2248; x_wconf 75' lang='lat' dir='ltr'>Papiae,</span> <span class='ocrx_word' id='word_1_175' title='bbox 1003 2209 1157 2239; x_wconf 85' lang='lat' dir='ltr'>videlicet</span> <span class='ocrx_word' id='word_1_176' title='bbox 1183 2211 1258 2239; x_wconf 86' lang='lat' dir='ltr'>ante</span> <span class='ocrx_word' id='word_1_177' title='bbox 1285 2208 1461 2239; x_wconf 90' lang='lat' dir='ltr'>stationem</span> <span class='ocrx_word' id='word_1_178' title='bbox 1488 2206 1594 2237; x_wconf 88' lang='lat' dir='ltr'>Zilioli</span> <span class='ocrx_word' id='word_1_179' title='bbox 1611 2207 1651 2238; x_wconf 89' lang='lat' dir='ltr'>de</span> <span class='ocrx_word' id='word_1_180' title='bbox 1672 2206 1886 2238; x_wconf 81' lang='lat' dir='ltr'>iuvenalibus</span> <span class='ocrx_word' id='word_1_181' title='bbox 1902 2207 1971 2247; x_wconf 88' lang='lat' dir='ltr'>spi-</span> 
     </span>
     <span class='ocr_line' id='line_1_22' title="bbox 156 2267 1968 2310; baseline -0.003 -6"><span class='ocrx_word' id='word_1_182' title='bbox 156 2273 258 2310; x_wconf 82' lang='lat' dir='ltr'>ciarii‚</span> <span class='ocrx_word' id='word_1_183' title='bbox 284 2273 381 2304; x_wconf 88' lang='lat' dir='ltr'>sitam</span> <span class='ocrx_word' id='word_1_184' title='bbox 409 2273 439 2303; x_wconf 95' lang='lat' dir='ltr'>in</span> <span class='ocrx_word' id='word_1_185' title='bbox 467 2271 565 2303; x_wconf 82' lang='lat' dir='ltr'>Porta</span> <span class='ocrx_word' id='word_1_186' title='bbox 592 2271 719 2309; x_wconf 79' lang='lat' dir='ltr'>Pontis,</span> <span class='ocrx_word' id='word_1_187' title='bbox 758 2270 920 2302; x_wconf 74' lang='lat' dir='ltr'>Parocliia</span> <span class='ocrx_word' id='word_1_188' title='bbox 959 2273 1073 2302; x_wconf 86' lang='lat' dir='ltr'>sancte</span> <span class='ocrx_word' id='word_1_189' title='bbox 1099 2270 1205 2301; x_wconf 84' lang='lat' dir='ltr'>Marie</span> <span class='ocrx_word' id='word_1_190' title='bbox 1232 2268 1403 2302; x_wconf 85' lang='lat' dir='ltr'>Canonice</span> <span class='ocrx_word' id='word_1_191' title='bbox 1430 2269 1561 2300; x_wconf 76' lang='lat' dir='ltr'>Peroni.</span> <span class='ocrx_word' id='word_1_192' title='bbox 1600 2267 1807 2300; x_wconf 82' lang='lat' dir='ltr'>Convocatis</span> <span class='ocrx_word' id='word_1_193' title='bbox 1833 2271 1863 2300; x_wconf 89' lang='lat' dir='ltr'>et</span> <span class='ocrx_word' id='word_1_194' title='bbox 1889 2278 1968 2300; x_wconf 87' lang='lat' dir='ltr'>con-</span> 
     </span>
     <span class='ocr_line' id='line_1_23' title="bbox 157 2329 1961 2376; baseline -0.003 -9"><span class='ocrx_word' id='word_1_195' title='bbox 157 2335 304 2376; x_wconf 84' lang='lat' dir='ltr'>gregatis</span> <span class='ocrx_word' id='word_1_196' title='bbox 330 2335 542 2375; x_wconf 85' lang='lat' dir='ltr'>sapientibus</span> <span class='ocrx_word' id='word_1_197' title='bbox 569 2336 599 2366; x_wconf 87' lang='lat' dir='ltr'>et</span> <span class='ocrx_word' id='word_1_198' title='bbox 625 2335 769 2375; x_wconf 79' lang='lat' dir='ltr'>egregiis</span> <span class='ocrx_word' id='word_1_199' title='bbox 797 2334 875 2364; x_wconf 86' lang='lat' dir='ltr'>viris</span> <span class='ocrx_word' id='word_1_200' title='bbox 901 2333 1048 2364; x_wconf 88' lang='lat' dir='ltr'>dominis</span> <span class='ocrx_word' id='word_1_201' title='bbox 1073 2333 1220 2363; x_wconf 86' lang='lat' dir='ltr'>dominis</span> <span class='ocrx_word' id='word_1_202' title='bbox 1246 2331 1435 2364; x_wconf 83' lang='lat' dir='ltr'>Statutariis</span> <span class='ocrx_word' id='word_1_203' title='bbox 1450 2329 1706 2362; x_wconf 84' lang='lat' dir='ltr'>ctConsiliariis</span> <span class='ocrx_word' id='word_1_204' title='bbox 1724 2330 1961 2362; x_wconf 88' lang='lat' dir='ltr'>Universitatis</span> 
     </span>
     <span class='ocr_line' id='line_1_24' title="bbox 156 2393 1963 2435; baseline -0.004 -6"><span class='ocrx_word' id='word_1_205' title='bbox 156 2397 354 2429; x_wconf 78' lang='lat' dir='ltr'>Artistarum</span> <span class='ocrx_word' id='word_1_206' title='bbox 380 2399 411 2429; x_wconf 90' lang='lat' dir='ltr'>et</span> <span class='ocrx_word' id='word_1_207' title='bbox 437 2397 647 2429; x_wconf 80' lang='lat' dir='ltr'>Medicorum</span> <span class='ocrx_word' id='word_1_208' title='bbox 686 2395 793 2428; x_wconf 89' lang='lat' dir='ltr'>Studii</span> <span class='ocrx_word' id='word_1_209' title='bbox 832 2395 1021 2435; x_wconf 68' lang='lat' dir='ltr'>Papiensis,</span> <span class='ocrx_word' id='word_1_210' title='bbox 1047 2395 1088 2425; x_wconf 88' lang='lat' dir='ltr'>de</span> <span class='ocrx_word' id='word_1_211' title='bbox 1115 2394 1272 2425; x_wconf 85' lang='lat' dir='ltr'>mandato</span> <span class='ocrx_word' id='word_1_212' title='bbox 1310 2393 1506 2434; x_wconf 86' lang='lat' dir='ltr'>spectabilis</span> <span class='ocrx_word' id='word_1_213' title='bbox 1532 2395 1562 2424; x_wconf 75' lang='lat' dir='ltr'>et</span> <span class='ocrx_word' id='word_1_214' title='bbox 1589 2393 1712 2433; x_wconf 79' lang='lat' dir='ltr'>egregii</span> <span class='ocrx_word' id='word_1_215' title='bbox 1739 2393 1864 2423; x_wconf 91' lang='lat' dir='ltr'>domini</span> <span class='ocrx_word' id='word_1_216' title='bbox 1903 2393 1963 2423; x_wconf 90' lang='lat' dir='ltr'>do-</span> 
     </span>
     <span class='ocr_line' id='line_1_25' title="bbox 156 2453 1963 2500; baseline -0.004 -8"><span class='ocrx_word' id='word_1_217' title='bbox 156 2460 233 2491; x_wconf 89' lang='lat' dir='ltr'>mini</span> <span class='ocrx_word' id='word_1_218' title='bbox 260 2460 406 2500; x_wconf 84' lang='lat' dir='ltr'>magistri</span> <span class='ocrx_word' id='word_1_219' title='bbox 437 2459 599 2491; x_wconf 83' lang='lat' dir='ltr'>Bonifacii</span> <span class='ocrx_word' id='word_1_220' title='bbox 625 2459 666 2490; x_wconf 89' lang='lat' dir='ltr'>de</span> <span class='ocrx_word' id='word_1_221' title='bbox 693 2457 863 2490; x_wconf 82' lang='lat' dir='ltr'>Guascliis</span> <span class='ocrx_word' id='word_1_222' title='bbox 889 2458 929 2488; x_wconf 87' lang='lat' dir='ltr'>de</span> <span class='ocrx_word' id='word_1_223' title='bbox 956 2457 1055 2487; x_wconf 83' lang='lat' dir='ltr'>lanua</span> <span class='ocrx_word' id='word_1_224' title='bbox 1082 2456 1141 2488; x_wconf 86' lang='lat' dir='ltr'>Dei</span> <span class='ocrx_word' id='word_1_225' title='bbox 1169 2457 1272 2497; x_wconf 76' lang='lat' dir='ltr'>gratia</span> <span class='ocrx_word' id='word_1_226' title='bbox 1288 2456 1438 2487; x_wconf 87' lang='lat' dir='ltr'>eiusdem</span> <span class='ocrx_word' id='word_1_227' title='bbox 1455 2455 1693 2487; x_wconf 85' lang='lat' dir='ltr'>Universitatis</span> <span class='ocrx_word' id='word_1_228' title='bbox 1712 2454 1829 2499; x_wconf 82' lang='lat' dir='ltr'>prefati</span> <span class='ocrx_word' id='word_1_229' title='bbox 1856 2453 1963 2486; x_wconf 85' lang='lat' dir='ltr'>Studii</span> 
     </span>
     <span class='ocr_line' id='line_1_26' title="bbox 155 2514 1966 2562; baseline -0.004 -8"><span class='ocrx_word' id='word_1_230' title='bbox 155 2521 334 2562; x_wconf 83' lang='lat' dir='ltr'>Papiensis</span> <span class='ocrx_word' id='word_1_231' title='bbox 360 2521 508 2555; x_wconf 75' lang='lat' dir='ltr'>Hectoris</span> <span class='ocrx_word' id='word_1_232' title='bbox 534 2521 735 2561; x_wconf 81' lang='lat' dir='ltr'>dignissimi,</span> <span class='ocrx_word' id='word_1_233' title='bbox 755 2521 847 2561; x_wconf 85' lang='lat' dir='ltr'>prius</span> <span class='ocrx_word' id='word_1_234' title='bbox 874 2519 1090 2559; x_wconf 82' lang='lat' dir='ltr'>requisitione</span> <span class='ocrx_word' id='word_1_235' title='bbox 1116 2518 1295 2549; x_wconf 87' lang='lat' dir='ltr'>antedictis</span> <span class='ocrx_word' id='word_1_236' title='bbox 1321 2518 1466 2549; x_wconf 89' lang='lat' dir='ltr'>dominis</span> <span class='ocrx_word' id='word_1_237' title='bbox 1481 2516 1672 2549; x_wconf 86' lang='lat' dir='ltr'>Statutariis</span> <span class='ocrx_word' id='word_1_238' title='bbox 1697 2519 1727 2547; x_wconf 89' lang='lat' dir='ltr'>et</span> <span class='ocrx_word' id='word_1_239' title='bbox 1753 2514 1966 2548; x_wconf 83' lang='lat' dir='ltr'>Consiliariis</span> 
     </span>
     <span class='ocr_line' id='line_1_27' title="bbox 155 2578 1968 2625; baseline -0.004 -9"><span class='ocrx_word' id='word_1_240' title='bbox 155 2584 243 2616; x_wconf 83' lang='lat' dir='ltr'>tacta</span> <span class='ocrx_word' id='word_1_241' title='bbox 269 2593 328 2625; x_wconf 88' lang='lat' dir='ltr'>per</span> <span class='ocrx_word' id='word_1_242' title='bbox 353 2593 403 2616; x_wconf 92' lang='lat' dir='ltr'>me</span> <span class='ocrx_word' id='word_1_243' title='bbox 428 2584 665 2616; x_wconf 83' lang='lat' dir='ltr'>Pantaleonem</span> <span class='ocrx_word' id='word_1_244' title='bbox 692 2584 733 2614; x_wconf 85' lang='lat' dir='ltr'>de</span> <span class='ocrx_word' id='word_1_245' title='bbox 759 2582 944 2614; x_wconf 80' lang='lat' dir='ltr'>Planaricis</span> <span class='ocrx_word' id='word_1_246' title='bbox 969 2582 1010 2612; x_wconf 88' lang='lat' dir='ltr'>de</span> <span class='ocrx_word' id='word_1_247' title='bbox 1037 2580 1156 2613; x_wconf 85' lang='lat' dir='ltr'>Crema</span> <span class='ocrx_word' id='word_1_248' title='bbox 1182 2580 1370 2621; x_wconf 82' lang='lat' dir='ltr'>generalem</span> <span class='ocrx_word' id='word_1_249' title='bbox 1405 2580 1564 2611; x_wconf 83' lang='lat' dir='ltr'>bidellum</span> <span class='ocrx_word' id='word_1_250' title='bbox 1593 2579 1766 2619; x_wconf 79' lang='lat' dir='ltr'>utriusque</span> <span class='ocrx_word' id='word_1_251' title='bbox 1800 2578 1968 2610; x_wconf 83' lang='lat' dir='ltr'>facultatis</span> 
     </span>
     <span class='ocr_line' id='line_1_28' title="bbox 154 2639 1967 2687; baseline -0.004 -8"><span class='ocrx_word' id='word_1_252' title='bbox 154 2648 326 2687; x_wconf 86' lang='lat' dir='ltr'>totiusque</span> <span class='ocrx_word' id='word_1_253' title='bbox 364 2646 602 2679; x_wconf 89' lang='lat' dir='ltr'>Universitatis</span> <span class='ocrx_word' id='word_1_254' title='bbox 640 2646 790 2677; x_wconf 89' lang='lat' dir='ltr'>eiusdem</span> <span class='ocrx_word' id='word_1_255' title='bbox 830 2644 936 2676; x_wconf 89' lang='lat' dir='ltr'>Studii</span> <span class='ocrx_word' id='word_1_256' title='bbox 976 2643 1166 2683; x_wconf 80' lang='lat' dir='ltr'>Papiensis,</span> <span class='ocrx_word' id='word_1_257' title='bbox 1203 2651 1344 2683; x_wconf 83' lang='lat' dir='ltr'>quorum</span> <span class='ocrx_word' id='word_1_258' title='bbox 1382 2642 1593 2673; x_wconf 85' lang='lat' dir='ltr'>dominorum</span> <span class='ocrx_word' id='word_1_259' title='bbox 1631 2639 1909 2673; x_wconf 85' lang='lat' dir='ltr'>Consiliariorum</span> <span class='ocrx_word' id='word_1_260' title='bbox 1937 2643 1967 2672; x_wconf 87' lang='lat' dir='ltr'>et</span> 
     </span>
    </p>
   </div>
   <div class='ocr_carea' id='block_1_14' title="bbox 157 2702 1967 2746">
    <p class='ocr_par' dir='ltr' id='par_1_14' title="bbox 157 2702 1967 2746">
     <span class='ocr_line' id='line_1_29' title="bbox 157 2702 1967 2746; baseline -0.004 -5"><span class='ocrx_word' id='word_1_261' title='bbox 157 2708 412 2741; x_wconf 87' lang='lat' dir='ltr'>Statutariorum</span> <span class='ocrx_word' id='word_1_262' title='bbox 440 2709 574 2741; x_wconf 84' lang='lat' dir='ltr'>nomina</span> <span class='ocrx_word' id='word_1_263' title='bbox 596 2711 673 2740; x_wconf 86' lang='lat' dir='ltr'>sunt</span> <span class='ocrx_word' id='word_1_264' title='bbox 699 2709 770 2746; x_wconf 81' lang='lat' dir='ltr'>nec,</span> <span class='ocrx_word' id='word_1_265' title='bbox 797 2707 970 2739; x_wconf 87' lang='lat' dir='ltr'>videlicet:</span> <span class='ocrx_word' id='word_1_266' title='bbox 998 2706 1155 2746; x_wconf 87' lang='lat' dir='ltr'>magister</span> <span class='ocrx_word' id='word_1_267' title='bbox 1178 2704 1315 2736; x_wconf 88' lang='lat' dir='ltr'>Tadeus</span> <span class='ocrx_word' id='word_1_268' title='bbox 1340 2704 1381 2736; x_wconf 91' lang='lat' dir='ltr'>de</span> <span class='ocrx_word' id='word_1_269' title='bbox 1408 2702 1538 2741; x_wconf 82' lang='lat' dir='ltr'>Crema,</span> <span class='ocrx_word' id='word_1_270' title='bbox 1566 2704 1723 2744; x_wconf 80' lang='lat' dir='ltr'>magister</span> <span class='ocrx_word' id='word_1_271' title='bbox 1748 2702 1900 2743; x_wconf 84' lang='lat' dir='ltr'>Baptista</span> <span class='ocrx_word' id='word_1_272' title='bbox 1927 2703 1967 2734; x_wconf 86' lang='lat' dir='ltr'>de</span> 
     </span>
    </p>
   </div>
   <div class='ocr_carea' id='block_1_15' title="bbox 153 2859 1965 3115">
    <p class='ocr_par' dir='ltr' id='par_1_15' title="bbox 153 2859 1965 3115">
     <span class='ocr_line' id='line_1_30' title="bbox 208 2859 1965 2893; baseline -0.006 -4"><span class='ocrx_word' id='word_1_273' title='bbox 208 2867 238 2891; x_wconf 89' lang='lat'>(1)</span> <span class='ocrx_word' id='word_1_274' title='bbox 253 2867 340 2888; x_wconf 76' lang='lat' dir='ltr'>Com&#39;e</span> <span class='ocrx_word' id='word_1_275' title='bbox 355 2868 419 2893; x_wconf 77' lang='lat' dir='ltr'>noto,</span> <span class='ocrx_word' id='word_1_276' title='bbox 439 2866 587 2888; x_wconf 74' lang='lat' dir='ltr'>l&#39;Universita</span> <span class='ocrx_word' id='word_1_277' title='bbox 609 2866 628 2887; x_wconf 89' lang='lat' dir='ltr'>si</span> <span class='ocrx_word' id='word_1_278' title='bbox 651 2866 797 2891; x_wconf 80' lang='lat' dir='ltr'>distingucva</span> <span class='ocrx_word' id='word_1_279' title='bbox 820 2865 841 2885; x_wconf 88' lang='lat' dir='ltr'>in</span> <span class='ocrx_word' id='word_1_280' title='bbox 864 2865 908 2885; x_wconf 81' lang='lat' dir='ltr'>due</span> <span class='ocrx_word' id='word_1_281' title='bbox 922 2863 1029 2888; x_wconf 55' lang='lat' dir='ltr'>lincolia:</span> <span class='ocrx_word' id='word_1_282' title='bbox 1086 2863 1155 2883; x_wconf 71' lang='lat' dir='ltr'>l‘avIa</span> <span class='ocrx_word' id='word_1_283' title='bbox 1180 2862 1281 2883; x_wconf 78' lang='lat' dir='ltr'>delibera</span> <span class='ocrx_word' id='word_1_284' title='bbox 1306 2862 1327 2882; x_wconf 87' lang='lat' dir='ltr'>in</span> <span class='ocrx_word' id='word_1_285' title='bbox 1350 2863 1464 2887; x_wconf 83' lang='lat' dir='ltr'>perpetuo</span> <span class='ocrx_word' id='word_1_286' title='bbox 1486 2861 1507 2881; x_wconf 83' lang='lat' dir='ltr'>di</span> <span class='ocrx_word' id='word_1_287' title='bbox 1531 2860 1626 2881; x_wconf 77' lang='lat' dir='ltr'>rendere</span> <span class='ocrx_word' id='word_1_288' title='bbox 1641 2866 1653 2881; x_wconf 78' lang='lat' dir='ltr'>a</span> <span class='ocrx_word' id='word_1_289' title='bbox 1670 2860 1692 2881; x_wconf 69' lang='lat' dir='ltr'>S,</span> <span class='ocrx_word' id='word_1_290' title='bbox 1709 2860 1837 2885; x_wconf 71' lang='lat' dir='ltr'>Agostino,</span> <span class='ocrx_word' id='word_1_291' title='bbox 1860 2859 1870 2879; x_wconf 72' lang='grc' dir='ltr'>ὲ</span> <span class='ocrx_word' id='word_1_292' title='bbox 1892 2860 1965 2879; x_wconf 77' lang='lat' dir='ltr'>certa-</span> 
     </span>
     <span class='ocr_line' id='line_1_31' title="bbox 155 2903 1964 2937; baseline -0.007 -3"><span class='ocrx_word' id='word_1_293' title='bbox 155 2913 216 2933; x_wconf 86' lang='lat' dir='ltr'>l’una</span> <span class='ocrx_word' id='word_1_294' title='bbox 232 2912 381 2936; x_wconf 66' lang='lat' dir='ltr'>lurIstarum,</span> <span class='ocrx_word' id='word_1_295' title='bbox 397 2912 438 2932; x_wconf 87' lang='lat' dir='ltr'>che</span> <span class='ocrx_word' id='word_1_296' title='bbox 453 2917 526 2932; x_wconf 82' lang='lat' dir='ltr'>aveva</span> <span class='ocrx_word' id='word_1_297' title='bbox 542 2917 571 2932; x_wconf 85' lang='lat' dir='ltr'>un</span> <span class='ocrx_word' id='word_1_298' title='bbox 588 2911 682 2937; x_wconf 82' lang='lat' dir='ltr'>proprio</span> <span class='ocrx_word' id='word_1_299' title='bbox 698 2912 793 2935; x_wconf 83' lang='lat' dir='ltr'>rettore,</span> <span class='ocrx_word' id='word_1_300' title='bbox 809 2916 821 2931; x_wconf 82' lang='lat' dir='ltr'>c</span> <span class='ocrx_word' id='word_1_301' title='bbox 836 2910 879 2930; x_wconf 81' lang='lat' dir='ltr'>alla</span> <span class='ocrx_word' id='word_1_302' title='bbox 902 2909 970 2934; x_wconf 82' lang='lat' dir='ltr'>quale</span> <span class='ocrx_word' id='word_1_303' title='bbox 991 2914 1030 2933; x_wconf 81' lang='lat' dir='ltr'>ap·</span> <span class='ocrx_word' id='word_1_304' title='bbox 1085 2908 1160 2927; x_wconf 82' lang='lat' dir='ltr'>mente</span> <span class='ocrx_word' id='word_1_305' title='bbox 1176 2912 1220 2927; x_wconf 86' lang='lat' dir='ltr'>una</span> <span class='ocrx_word' id='word_1_306' title='bbox 1237 2911 1308 2932; x_wconf 85' lang='lat' dir='ltr'>prova</span> <span class='ocrx_word' id='word_1_307' title='bbox 1333 2906 1393 2927; x_wconf 84' lang='lat' dir='ltr'>dello</span> <span class='ocrx_word' id='word_1_308' title='bbox 1409 2906 1468 2931; x_wconf 83' lang='lat' dir='ltr'>zelo,</span> <span class='ocrx_word' id='word_1_309' title='bbox 1484 2911 1526 2926; x_wconf 87' lang='lat' dir='ltr'>con</span> <span class='ocrx_word' id='word_1_310' title='bbox 1542 2905 1577 2926; x_wconf 87' lang='lat' dir='ltr'>cui</span> <span class='ocrx_word' id='word_1_311' title='bbox 1595 2905 1599 2925; x_wconf 92' lang='lat' dir='ltr'>i</span> <span class='ocrx_word' id='word_1_312' title='bbox 1617 2904 1722 2929; x_wconf 72' lang='lat' dir='ltr'>Religiosi</span> <span class='ocrx_word' id='word_1_313' title='bbox 1747 2903 1889 2929; x_wconf 54' lang='lat' dir='ltr'>Agrmtiniaui</span> <span class='ocrx_word' id='word_1_314' title='bbox 1912 2908 1964 2923; x_wconf 62' lang='lat' dir='ltr'>avc&lt;</span> 
     </span>
     <span class='ocr_line' id='line_1_32' title="bbox 155 2947 1962 2983; baseline -0.006 -5"><span class='ocrx_word' id='word_1_315' title='bbox 155 2958 312 2983; x_wconf 79' lang='lat' dir='ltr'>partenevano</span> <span class='ocrx_word' id='word_1_316' title='bbox 327 2956 356 2982; x_wconf 87' lang='lat' dir='ltr'>gli</span> <span class='ocrx_word' id='word_1_317' title='bbox 372 2956 474 2977; x_wconf 81' lang='lat' dir='ltr'>studenti</span> <span class='ocrx_word' id='word_1_318' title='bbox 486 2962 498 2977; x_wconf 78' lang='lat' dir='ltr'>e</span> <span class='ocrx_word' id='word_1_319' title='bbox 509 2956 514 2977; x_wconf 92' lang='lat' dir='ltr'>i</span> <span class='ocrx_word' id='word_1_320' title='bbox 526 2955 652 2982; x_wconf 74' lang='lat' dir='ltr'>professori</span> <span class='ocrx_word' id='word_1_321' title='bbox 664 2955 685 2976; x_wconf 82' lang='lat' dir='ltr'>di</span> <span class='ocrx_word' id='word_1_322' title='bbox 697 2955 785 2979; x_wconf 72' lang='lat' dir='ltr'>diritto3</span> <span class='ocrx_word' id='word_1_323' title='bbox 797 2955 872 2975; x_wconf 77' lang='lat' dir='ltr'>l&#39;altra</span> <span class='ocrx_word' id='word_1_324' title='bbox 884 2954 1028 2974; x_wconf 57' lang='lat' dir='ltr'>Artis-tarum</span> <span class='ocrx_word' id='word_1_325' title='bbox 1084 2957 1143 2972; x_wconf 77' lang='lat' dir='ltr'>vano</span> <span class='ocrx_word' id='word_1_326' title='bbox 1160 2956 1212 2972; x_wconf 80' lang='lat' dir='ltr'>reso</span> <span class='ocrx_word' id='word_1_327' title='bbox 1228 2950 1340 2977; x_wconf 83' lang='lat' dir='ltr'>popolare</span> <span class='ocrx_word' id='word_1_328' title='bbox 1355 2951 1375 2971; x_wconf 86' lang='lat' dir='ltr'>la</span> <span class='ocrx_word' id='word_1_329' title='bbox 1392 2950 1520 2971; x_wconf 84' lang='lat' dir='ltr'>devozione</span> <span class='ocrx_word' id='word_1_330' title='bbox 1536 2955 1604 2970; x_wconf 80' lang='lat' dir='ltr'>verso</span> <span class='ocrx_word' id='word_1_331' title='bbox 1620 2949 1633 2969; x_wconf 92' lang='lat' dir='ltr'>il</span> <span class='ocrx_word' id='word_1_332' title='bbox 1649 2950 1717 2969; x_wconf 80' lang='lat' dir='ltr'>santo</span> <span class='ocrx_word' id='word_1_333' title='bbox 1734 2948 1840 2972; x_wconf 78' lang='lat' dir='ltr'>Dottore;</span> <span class='ocrx_word' id='word_1_334' title='bbox 1857 2947 1884 2967; x_wconf 83' lang='lat' dir='ltr'>ed</span> <span class='ocrx_word' id='word_1_335' title='bbox 1896 2947 1907 2967; x_wconf 65' lang='lat' dir='ltr'>t·</span> <span class='ocrx_word' id='word_1_336' title='bbox 1919 2952 1962 2967; x_wconf 79' lang='lat' dir='ltr'>una</span> 
     </span>
     <span class='ocr_line' id='line_1_33' title="bbox 154 2991 1964 3026; baseline -0.007 -3"><span class='ocrx_word' id='word_1_337' title='bbox 154 3003 177 3022; x_wconf 75' lang='lat' dir='ltr'>et</span> <span class='ocrx_word' id='word_1_338' title='bbox 193 3001 343 3025; x_wconf 79' lang='lat' dir='ltr'>Medicorum,</span> <span class='ocrx_word' id='word_1_339' title='bbox 360 3005 403 3021; x_wconf 87' lang='lat' dir='ltr'>con</span> <span class='ocrx_word' id='word_1_340' title='bbox 419 3001 505 3021; x_wconf 83' lang='lat' dir='ltr'>rettore</span> <span class='ocrx_word' id='word_1_341' title='bbox 527 3000 628 3026; x_wconf 83' lang='lat' dir='ltr'>speciale</span> <span class='ocrx_word' id='word_1_342' title='bbox 644 3000 685 3020; x_wconf 80' lang='lat' dir='ltr'>che</span> <span class='ocrx_word' id='word_1_343' title='bbox 700 2999 852 3020; x_wconf 76' lang='lat' dir='ltr'>abbracciava</span> <span class='ocrx_word' id='word_1_344' title='bbox 870 2997 995 3023; x_wconf 73' lang='lat' dir='ltr'>professori</span> <span class='ocrx_word' id='word_1_345' title='bbox 1018 3002 1029 3017; x_wconf 84' lang='lat' dir='ltr'>e</span> <span class='ocrx_word' id='word_1_346' title='bbox 1085 3001 1166 3022; x_wconf 73' lang='lat' dir='ltr'>pravav</span> <span class='ocrx_word' id='word_1_347' title='bbox 1181 2996 1272 3016; x_wconf 80' lang='lat' dir='ltr'>almeno</span> <span class='ocrx_word' id='word_1_348' title='bbox 1287 2995 1405 3020; x_wconf 76' lang='lat' dir='ltr'>indii-etta,</span> <span class='ocrx_word' id='word_1_349' title='bbox 1427 2994 1529 3015; x_wconf 79' lang='lat' dir='ltr'>dell&#39;alta</span> <span class='ocrx_word' id='word_1_350' title='bbox 1545 2994 1613 3014; x_wconf 78' lang='lat' dir='ltr'>stima</span> <span class='ocrx_word' id='word_1_351' title='bbox 1630 2999 1641 3014; x_wconf 84' lang='lat' dir='ltr'>e</span> <span class='ocrx_word' id='word_1_352' title='bbox 1657 2992 1774 3018; x_wconf 73' lang='lat' dir='ltr'>simpatia,</span> <span class='ocrx_word' id='word_1_353' title='bbox 1790 2992 1831 3012; x_wconf 80' lang='lat' dir='ltr'>elie</span> <span class='ocrx_word' id='word_1_354' title='bbox 1846 2991 1891 3011; x_wconf 79' lang='lat' dir='ltr'>essi</span> <span class='ocrx_word' id='word_1_355' title='bbox 1914 2991 1964 3011; x_wconf 69' lang='grc' dir='ltr'>εὐ·</span> 
     </span>
     <span class='ocr_line' id='line_1_34' title="bbox 153 3035 1960 3070; baseline -0.006 -4"><span class='ocrx_word' id='word_1_356' title='bbox 153 3044 256 3066; x_wconf 79' lang='lat' dir='ltr'>studenti</span> <span class='ocrx_word' id='word_1_357' title='bbox 272 3044 294 3065; x_wconf 85' lang='lat' dir='ltr'>di</span> <span class='ocrx_word' id='word_1_358' title='bbox 310 3044 430 3070; x_wconf 77' lang='lat' dir='ltr'>medIcina,</span> <span class='ocrx_word' id='word_1_359' title='bbox 446 3044 468 3065; x_wconf 81' lang='lat' dir='ltr'>di</span> <span class='ocrx_word' id='word_1_360' title='bbox 483 3044 573 3069; x_wconf 83' lang='lat' dir='ltr'>lettere,</span> <span class='ocrx_word' id='word_1_361' title='bbox 596 3043 617 3064; x_wconf 89' lang='lat' dir='ltr'>di</span> <span class='ocrx_word' id='word_1_362' title='bbox 633 3043 724 3064; x_wconf 83' lang='lat' dir='ltr'>scienze</span> <span class='ocrx_word' id='word_1_363' title='bbox 746 3042 825 3063; x_wconf 79' lang='lat' dir='ltr'>tisiche</span> <span class='ocrx_word' id='word_1_364' title='bbox 841 3048 852 3063; x_wconf 86' lang='lat' dir='ltr'>e</span> <span class='ocrx_word' id='word_1_365' title='bbox 869 3041 1029 3062; x_wconf 77' lang='lat' dir='ltr'>matematiclie</span> <span class='ocrx_word' id='word_1_366' title='bbox 1085 3046 1140 3061; x_wconf 84' lang='lat' dir='ltr'>rano</span> <span class='ocrx_word' id='word_1_367' title='bbox 1155 3040 1287 3066; x_wconf 79' lang='lat' dir='ltr'>acquistata</span> <span class='ocrx_word' id='word_1_368' title='bbox 1303 3045 1385 3065; x_wconf 82' lang='lat' dir='ltr'>presso</span> <span class='ocrx_word' id='word_1_369' title='bbox 1401 3039 1414 3059; x_wconf 87' lang='lat' dir='ltr'>il</span> <span class='ocrx_word' id='word_1_370' title='bbox 1430 3044 1501 3065; x_wconf 82' lang='lat' dir='ltr'>corpo</span> <span class='ocrx_word' id='word_1_371' title='bbox 1516 3038 1663 3059; x_wconf 76' lang='lat' dir='ltr'>accademico</span> <span class='ocrx_word' id='word_1_372' title='bbox 1689 3043 1728 3062; x_wconf 81' lang='lat' dir='ltr'>per</span> <span class='ocrx_word' id='word_1_373' title='bbox 1743 3037 1763 3056; x_wconf 78' lang='lat' dir='ltr'>la</span> <span class='ocrx_word' id='word_1_374' title='bbox 1781 3035 1879 3056; x_wconf 75' lang='lat' dir='ltr'>valentia</span> <span class='ocrx_word' id='word_1_375' title='bbox 1902 3035 1960 3060; x_wconf 73' lang='lat' dir='ltr'>degli</span> 
     </span>
     <span class='ocr_line' id='line_1_35' title="bbox 153 3080 1792 3115; baseline -0.006 -4"><span class='ocrx_word' id='word_1_376' title='bbox 153 3089 175 3110; x_wconf 90' lang='lat' dir='ltr'>di</span> <span class='ocrx_word' id='word_1_377' title='bbox 190 3089 290 3110; x_wconf 73' lang='lat' dir='ltr'>iilosolia</span> <span class='ocrx_word' id='word_1_378' title='bbox 305 3094 318 3110; x_wconf 85' lang='lat' dir='ltr'>e</span> <span class='ocrx_word' id='word_1_379' title='bbox 332 3089 354 3110; x_wconf 92' lang='lat' dir='ltr'>di</span> <span class='ocrx_word' id='word_1_380' title='bbox 370 3089 480 3115; x_wconf 84' lang='lat' dir='ltr'>teolugia.</span> <span class='ocrx_word' id='word_1_381' title='bbox 498 3089 574 3110; x_wconf 86' lang='lat' dir='ltr'>L&#39;atto</span> <span class='ocrx_word' id='word_1_382' title='bbox 590 3088 611 3109; x_wconf 89' lang='lat' dir='ltr'>di</span> <span class='ocrx_word' id='word_1_383' title='bbox 627 3088 748 3114; x_wconf 81' lang='lat' dir='ltr'>ossequio,</span> <span class='ocrx_word' id='word_1_384' title='bbox 764 3088 805 3109; x_wconf 82' lang='lat' dir='ltr'>che</span> <span class='ocrx_word' id='word_1_385' title='bbox 822 3087 843 3108; x_wconf 79' lang='lat' dir='ltr'>la</span> <span class='ocrx_word' id='word_1_386' title='bbox 861 3086 991 3108; x_wconf 71' lang='lat' dir='ltr'>Universim</span> <span class='ocrx_word' id='word_1_387' title='bbox 1008 3086 1029 3106; x_wconf 91' lang='lat' dir='ltr'>di</span> <span class='ocrx_word' id='word_1_388' title='bbox 1084 3085 1166 3106; x_wconf 80' lang='lat' dir='ltr'>illustri</span> <span class='ocrx_word' id='word_1_389' title='bbox 1183 3085 1232 3106; x_wconf 84' lang='lat' dir='ltr'>loro</span> <span class='ocrx_word' id='word_1_390' title='bbox 1248 3084 1342 3105; x_wconf 78' lang='lat' dir='ltr'>maestri</span> <span class='ocrx_word' id='word_1_391' title='bbox 1358 3089 1369 3104; x_wconf 86' lang='lat' dir='ltr'>c</span> <span class='ocrx_word' id='word_1_392' title='bbox 1385 3089 1426 3109; x_wconf 85' lang='lat' dir='ltr'>per</span> <span class='ocrx_word' id='word_1_393' title='bbox 1441 3083 1454 3104; x_wconf 92' lang='lat' dir='ltr'>il</span> <span class='ocrx_word' id='word_1_394' title='bbox 1470 3083 1549 3104; x_wconf 84' lang='lat' dir='ltr'>valore</span> <span class='ocrx_word' id='word_1_395' title='bbox 1564 3082 1600 3103; x_wconf 85' lang='lat' dir='ltr'>dei</span> <span class='ocrx_word' id='word_1_396' title='bbox 1616 3082 1665 3103; x_wconf 81' lang='lat' dir='ltr'>loro</span> <span class='ocrx_word' id='word_1_397' title='bbox 1681 3080 1792 3102; x_wconf 82' lang='lat' dir='ltr'>studenti.</span> 
     </span>
    </p>
   </div>
  </div>
 </body>
</html>
