2347 3444
347 247 368 277 4

349 379 399 409 vel
427 379 537 419 ipsam
576 386 740 409 summam
779 377 934 414 excedat,
960 376 1173 417 assignarent
1209 383 1321 407 coram
1349 374 1447 406 vobis
1474 383 1533 415 per
1557 382 1619 405 vos
1645 373 1843 405 tradendam
1869 376 1901 405 et
1926 373 2167 415 assignandam

349 441 449 472 dlctis
474 440 599 477 abbati,
626 438 809 471 Canonicis
834 441 865 470 et
891 436 1094 475 Conventui,
1120 446 1160 468 ex
1195 445 1298 468 causa
1336 437 1610 477 permutacionis,
1648 444 1710 468 vas
1746 436 1943 467 auctoritate
1980 435 2168 476 apostolica

349 502 487 534 eosdem
526 501 685 538 Priorem,
713 500 843 532 Fratres
881 498 1074 540 Capitulum
1101 501 1131 530 et
1157 497 1382 536 Conventum,
1419 499 1518 530 etiam
1557 498 1671 530 invitis
1704 499 1735 529 et
1773 497 2034 530 reclamantibus
2069 497 2170 529 dictis

351 564 493 598 Abbate,
520 562 702 595 Canonicis
739 565 769 594 et
806 560 997 599 Conventu,
1023 561 1211 592 absolvatis
1237 562 1268 592 et
1294 560 1442 593 liberetis
1479 563 1510 592 et
1546 560 1725 592 absolvere
1751 561 1782 591 et
1807 559 1948 591 liberare
1973 559 2125 591 debeatis
2151 568 2170 591 a

350 627 572 667 prestacione,
599 625 836 665 obbligacione
862 626 896 655 et·
919 624 1093 655 solucione
1119 623 1197 654 dicti
1224 623 1325 654 annui
1352 631 1486 660 census,
1505 631 1607 662 super
1631 631 1671 654 eo
1696 622 1795 653 dictis
1822 621 1957 660 Abbati,
1987 619 2170 654 Canonicis

350 692 379 719 et
407 686 596 719 Conventui
624 689 822 727 perpetuum
852 686 1020 717 silentium
1048 685 1264 725 imponendo⁷
1290 687 1321 716 et
1346 685 1437 725 quod
1452 685 1574 716 dictam
1605 685 1859 724 possessionem
1887 684 1934 715 sie
1959 684 2167 724 assignatam

350 751 429 781 dicti
456 750 556 781 annui
585 749 746 786 redditus,
773 749 803 779 in
830 748 907 779 dicti
935 756 1060 779 census
1095 755 1361 787 recompensam,
1387 747 1514 778 eisdem
1542 746 1676 783 Abbati,
1714 744 1898 778 Canonicis
1923 748 1955 778 et
1979 744 2170 778 Conventui

350 813 524 853 assignare
551 811 704 842 debeatis
731 820 790 851 per
814 819 874 842 eos
901 811 931 841 in
958 810 1081 841 dictam
1114 818 1379 850 recompensam,
1407 809 1437 840 in
1465 810 1675 849 perpetuum,
1701 809 1835 840 nomine
1861 809 1938 840 dicti
1967 808 2171 846 monasterii,

350 874 529 906 tenendam
555 877 586 905 et
613 873 868 913 possidendam,
896 874 993 913 prout
1021 873 1080 904 hec
1107 874 1138 904 et
1164 871 1274 903 aliain
1291 872 1454 911 rescripto
1480 873 1511 902 et
1537 871 1654 902 litteris
1679 870 1877 911 apostolicis
1903 870 2066 902 seriosius
2092 879 2173 901 con-

350 937 506 967 tinentur.
534 935 610 967 ltem
637 935 767 973 asserit,
794 935 933 976 exponit
952 938 983 966 et
1009 934 1272 975 proponitquod
1300 934 1378 965 dicti
1406 932 1510 971 Prior,
1529 933 1660 964 Fratres
1685 936 1716 964 et
1742 930 1935 973 Capitulum
1971 933 2034 964 iam
2061 932 2172 973 longis

352 998 563 1039 temporibus
601 1000 778 1029 tenuerunt
814 1000 846 1029 et
883 997 1119 1038 possederunt,
1147 996 1459 1037 presentialiterque
1497 998 1609 1027 tenent
1635 997 1666 1027 et
1692 995 1880 1035 possident,
1907 994 2042 1026 domum
2071 1003 2169 1026 unam

355 1063 529 1098 muratam,
548 1062 702 1100 copatani
722 1064 751 1091 et
771 1060 963 1091 solariatam
989 1068 1063 1090 cum
1090 1059 1191 1096 curia,
1211 1061 1313 1099 puteo
1331 1061 1362 1089 et
1388 1058 1462 1089 aliis
1489 1058 1560 1089 suis
1587 1058 1762 1092 hedificiis,
1782 1057 1926 1097 positam
1953 1058 1983 1088 et
2009 1057 2172 1088 iacentem

353 1124 382 1153 in
411 1122 515 1163 Papia
542 1122 572 1153 in
601 1121 699 1153 Porta
726 1120 837 1153 Sancti
866 1121 1022 1152 Iohannis
1042 1121 1072 1152 in
1093 1121 1252 1161 parochia
1271 1121 1376 1151 sancti
1404 1120 1588 1157 Laurencii,
1607 1121 1658 1151 cui
1685 1120 1844 1151 coherere
1871 1119 2002 1150 solebat
2030 1128 2048 1150 a
2078 1127 2174 1150 mane

352 1184 493 1216 Perinus
519 1182 672 1224 Crespus
698 1184 890 1224 caligarius,
917 1192 1004 1214 nunc
1031 1183 1166 1214 coheret
1193 1181 1395 1214 Guillelmus
1421 1180 1585 1213 Saltarius
1603 1184 1711 1213 sartor
1740 1182 1812 1213 sive
1851 1181 1992 1213 heredes
2018 1181 2091 1212 sive
2117 1181 2176 1212 ha-

353 1248 471 1278 bentes
498 1255 634 1277 causam
661 1246 703 1277 ab
730 1246 788 1283 eis,
817 1254 834 1276 a
862 1245 998 1277 meridie
1036 1245 1194 1276 coherere
1232 1244 1363 1276 solebat
1401 1243 1543 1275 Perinus
1580 1244 1620 1275 de
1648 1244 1759 1275 Laude
1787 1245 1816 1275 in
1845 1246 1937 1284 parte
1964 1245 1995 1275 et
2021 1244 2052 1274 in
2080 1245 2172 1283 parte

355 1309 397 1340 illi
426 1309 466 1340 de
495 1308 592 1340 Petra
618 1309 786 1340 mediante
813 1308 959 1348 quadarn
986 1308 1158 1348 quintana,
1184 1317 1202 1339 a
1229 1316 1304 1338 sero
1330 1307 1474 1347 quedam
1502 1307 1623 1338 domus
1648 1306 1784 1338 fratrum
1812 1307 1917 1338 sancti
1938 1305 2072 1337 Antonii
2099 1307 2130 1337 et
2155 1314 2174 1337 a

356 1371 444 1402 nulla
472 1371 552 1402 hora
579 1372 681 1402 strata
709 1370 854 1410 publica,
874 1370 946 1401 sive
975 1370 1017 1400 ibi
1045 1370 1108 1401 alie
1127 1369 1177 1401 vel
1205 1369 1299 1401 aliter
1324 1369 1389 1400 sint
1416 1369 1467 1400 vel
1495 1368 1616 1400 fuerint
1641 1371 1697 1400 aut
1723 1377 1799 1400 esse
1816 1369 2054 1400 consueverint
2072 1368 2174 1400 cohe-

354 1433 461 1465 rencie
499 1433 649 1464 veriores
654 1458 737 1464 ........
756 1430 806 1472 (l)
833 1433 917 1473 ipsis
944 1431 1061 1470 Priori,
1089 1431 1271 1469 Fratribus,
1298 1429 1457 1471 Capitulo
1483 1433 1513 1462 et
1539 1429 1728 1463 Conventui
1749 1432 1817 1462 iure
1835 1431 1951 1462 directi
1978 1430 2116 1461 dominii
2143 1431 2175 1462 et

354 1496 464 1527 civilis
502 1495 746 1535 possessionis,
773 1495 814 1526 de
840 1503 905 1534 qua
943 1494 1078 1534 quidem
1117 1495 1218 1525 domo
1255 1493 1317 1525 fuit
1346 1494 1388 1525 ab
1427 1493 1554 1525 eisdem
1593 1492 1718 1531 Priore,
1746 1493 1928 1531 Fratribus,
1954 1491 2113 1533 Capitulo
2145 1494 2176 1524 et

353 1556 530 1590 Conventu
558 1558 588 1588 in
617 1559 815 1597 perpetuum
844 1557 1022 1588 investitus
1057 1556 1296 1588 Leonardusm.
1323 1565 1428 1587 zanus
1455 1556 1614 1597 magister
1639 1556 1752 1596 operis
1778 1556 1855 1587 terei
1882 1555 1970 1587 filius
2004 1555 2176 1595 quondam

355 1619 526 1656 Simoneli‚
553 1620 594 1650 ad
615 1620 816 1651 solvendum
841 1619 968 1650 eisdem
988 1628 1048 1659 pro
1065 1619 1143 1650 ficto
1169 1619 1292 1650 domus
1320 1619 1467 1659 predicte
1493 1627 1628 1659 semper
1645 1619 1676 1649 in
1703 1618 1865 1650 Kalendis
1892 1617 2032 1650 Ianuarii
2063 1618 2177 1650 cuius-

355 1683 433 1713 libet
459 1683 535 1713 anni
564 1682 666 1713 libras
692 1682 810 1713 decem
837 1684 868 1712 et
894 1684 1023 1722 septem
1051 1684 1082 1713 et
1109 1681 1227 1713 soldos
1264 1683 1410 1721 quatuor
1446 1681 1639 1721 papienses,
1665 1681 1756 1721 quod
1795 1681 1930 1721 quidem
1969 1681 2082 1712 fictum
2117 1689 2177 1712 nec

356 1753 419 1774 non
447 1746 478 1775 et
504 1744 626 1774 domus
653 1743 805 1783 predicta
832 1752 892 1783 pro
911 1752 977 1783 qua
1004 1743 1115 1783 ipsum
1143 1743 1254 1774 fictum
1281 1743 1433 1781 solvitur,
1453 1744 1540 1775 idem
1559 1743 1660 1775 frater
1685 1743 1856 1775 Luchinus
1882 1743 1972 1774 dicto
1990 1743 2173 1774 sindicario

355 1809 385 1837 et
412 1806 642 1846 procuratorio
669 1805 813 1843 nomine,
840 1814 952 1836 corani
979 1805 1078 1836 vobis
1104 1806 1293 1846 assignavit
1319 1808 1350 1837 et
1375 1806 1538 1847 assignat,
1566 1808 1599 1837 ut
1625 1815 1684 1846 per
1709 1814 1771 1837 vos
1797 1806 1970 1837 dominum
1985 1804 2176 1845 delegatum

354 1868 571 1905 antedictum⁷
599 1868 691 1898 iuxta
718 1868 837 1899 seriem
857 1869 887 1899 et
913 1868 1153 1899 continentiam
1180 1868 1442 1908 'apostolicarum
1471 1868 1652 1900 litterarum
1671 1869 1712 1900 de
1730 1868 1855 1908 quibus
1881 1876 1994 1908 supra,
2010 1867 2176 1907 assignari

356 1930 463 1970 possit
490 1930 574 1970 ipsis
600 1929 746 1961 dominis
773 1929 907 1967 Abbati,
934 1928 1128 1967 Canonicis,
1156 1928 1315 1970 Capitulo
1341 1933 1372 1962 et
1398 1929 1589 1962 Conventui
1617 1931 1810 1962 monasterii
1840 1930 2009 1968 antedicti,
2048 1932 2176 1961 tantum

355 2002 396 2023 ex
425 1992 576 2032 predicto
602 1992 680 2024 ficto
707 1992 856 2033 ipsarum
883 1992 1041 2024 librarum
1068 1993 1184 2024 decem
1211 1995 1243 2024 et
1268 1995 1396 2033 septem
1423 1996 1454 2025 et
1481 1993 1653 2025 soldorum
1681 1995 1826 2034 quatuor
1851 1993 2064 2033 papiensium
2083 1991 2175 2032 quod

355 2054 515 2086 ascendat
542 2055 583 2086 ad
611 2055 745 2095 triplum
772 2055 851 2086 dicti
878 2055 978 2086 annui
1006 2064 1130 2087 census
1168 2056 1319 2095 ipsorum
1358 2056 1531 2087 soldorum
1569 2056 1687 2087 decem
1713 2058 1743 2087 et
1769 2058 1844 2087 octo
1871 2055 2096 2096 papiensium,
2123 2054 2176 2086 vel

355 2117 446 2156 quod
474 2117 581 2157 ipsam
609 2125 772 2148 sommam
798 2117 942 2148 excedat
968 2118 1060 2149 iuxta
1087 2118 1313 2158 predictarum
1341 2118 1521 2150 litterarum
1539 2119 1777 2150 continentiam
1804 2120 1835 2149 et
1861 2118 2046 2149 secundum
2066 2117 2178 2149 decla-

358 2179 530 2216 rationem,
551 2179 781 2211 limitationem
808 2181 839 2210 et
865 2180 1249 2220 cornparticionemper
1274 2189 1336 2212 vos
1363 2180 1527 2221 prefatum
1554 2181 1727 2212 dominum
1754 2180 1945 2221 delegatum
1972 2180 2116 2211 fiendam
2145 2179 2176 2210 in

357 2250 611 2282 recompensam
638 2242 717 2273 dicti
744 2250 867 2273 census
894 2245 991 2282 prout
996 2268 1147 2274 ..............
1174 2243 1218 2273 ob
1244 2252 1345 2283 quam
1372 2252 1510 2274 causam
1537 2243 1624 2274 idem
1650 2243 1750 2274 frater
1787 2243 1968 2280 Luchinus,
1995 2243 2177 2274 sindicario

356 2308 387 2335 et
412 2304 644 2343 procuratorio
671 2305 804 2335 nomine
831 2313 898 2344 quo
924 2313 1037 2345 supra,
1057 2314 1075 2336 a
1094 2305 1192 2337 vobis
1219 2305 1348 2345 prefato
1374 2305 1511 2337 domino
1537 2306 1693 2346 delegato
1719 2305 1888 2336 antedicto
1914 2305 1995 2345 petit
2010 2306 2178 2345 quatenus

356 2366 559 2406 exequendo
585 2370 615 2397 et
642 2367 868 2407 exequucioni
896 2367 1088 2399 mandando
1115 2370 1271 2399 contenta
1299 2368 1329 2398 in
1357 2368 1474 2399 litteris
1500 2368 1698 2408 apostolicis
1703 2393 1843 2398 .............
1870 2367 2025 2398 traddere
2043 2369 2074 2398 et
2091 2367 2178 2398 assi-

357 2437 458 2468 gnare
484 2429 637 2459 debeatis
663 2429 762 2460 dictis
788 2428 923 2467 Abbati,
952 2427 1137 2461 Canonicis
1163 2432 1193 2461 et
1220 2428 1410 2461 Conventui
1443 2430 1635 2462 monasterii
1662 2430 1819 2461 antedicti
1846 2439 1888 2461 ex
1915 2438 2019 2461 causa
2045 2438 2178 2470 permu-

357 2491 492 2522 tationis
530 2493 656 2522 tantum
695 2500 735 2522 ex
774 2492 959 2531 quantitate
996 2492 1075 2523 dicti
1102 2492 1167 2523 ficti
1205 2492 1369 2524 dictarum
1396 2492 1553 2523 librarum
1592 2492 1708 2524 decem
1735 2494 1765 2523 et
1791 2494 1920 2532 septem
1947 2494 1978 2523 et
2004 2491 2176 2523 soldorum

357 2555 502 2592 quatuor
528 2553 741 2593 papiensium
748 2579 876 2584 ............
904 2554 982 2585 dicti
1009 2555 1109 2586 annui
1137 2563 1261 2586 census
1280 2555 1352 2586 sive
1378 2555 1518 2586 canonis
1545 2554 1716 2586 soldorum
1744 2554 1860 2585 decem
1880 2556 1909 2585 et
1936 2556 2011 2585 octo
2037 2554 2179 2594 papien-

358 2615 454 2649 sium,
481 2615 571 2655 quod
599 2615 761 2647 ascendat
786 2616 827 2647 ad
855 2616 988 2656 triplum
1015 2617 1093 2647 dicti
1121 2617 1222 2648 annui
1249 2625 1372 2648 census
1399 2616 1450 2648 vel
1478 2616 1568 2656 quod
1597 2616 1704 2656 ipsam
1739 2624 1902 2647 sommam
1919 2615 2063 2647 excedat
2082 2616 2175 2646 iuxta

357 2676 635 2714 declaracioneni,
662 2677 892 2709 limitationem
919 2681 950 2709 et
983 2679 1280 2718 comparticionem
1319 2687 1378 2719 per
1414 2687 1476 2710 vos
1514 2680 1547 2709 ut
1585 2678 1784 2718 premittitur
1820 2678 1976 2716 fiendam,
2003 2677 2176 2718 presertim

358 2747 432 2769 cum
453 2739 526 2778 ipsa
542 2739 664 2770 domus
680 2740 721 2770 sit
736 2740 815 2770 tanti
832 2740 957 2771 valoris
972 2741 1062 2780 quod
1080 2750 1121 2772 ex
1139 2741 1212 2781 ipsa
1228 2741 1351 2772 nedum
1367 2741 1500 2781 triplum
1516 2740 1595 2771 dicti
1611 2740 1711 2771 annui
1728 2748 1850 2771 census
1869 2739 2041 2771 soldorum
2057 2739 2173 2771 decem

360 2803 391 2831 et
417 2802 492 2831 octo
518 2801 577 2832 sed
605 2803 635 2832 et
650 2801 831 2841 septiplum
847 2803 973 2842 percipi
991 2803 1099 2842 possit
1126 2805 1159 2834 ut
1185 2803 1357 2834 evidenter
1371 2804 1545 2834 constat...
1573 2811 1632 2842 per
1657 2810 1718 2833 vos
1744 2804 1775 2833 et
1801 2804 1945 2833 vestram
1972 2801 2177 2833 sentenciam

358 2861 570 2893 diffinitivam
596 2865 627 2893 et
653 2863 741 2893 omni
768 2863 833 2894 alio
860 2863 940 2900 iure,
960 2864 1070 2902 1nod0,
1091 2865 1144 2896 via
1163 2867 1194 2896 et
1219 2864 1324 2896 forma
1350 2865 1476 2905 quibus
1502 2864 1621 2896 melius
1649 2864 1791 2904 potestis
1817 2866 1847 2896 et
1873 2864 2005 2896 debetis
2038 2863 2176 2895 eosdem

359 2922 519 2962 Priorem,
545 2924 674 2962 fratres,
701 2923 894 2965 Capitulum
921 2928 953 2957 et
990 2924 1213 2965 conventum,
1247 2927 1345 2958 etiam
1383 2927 1497 2958 invitis
1530 2928 1561 2958 et
1599 2926 1860 2958 reclamantibus
1897 2926 1996 2958 dictis
2033 2925 2176 2964 Abbate‚

359 2984 543 3018 Canonicis
569 2989 599 3018 et
625 2985 804 3018 Conventu
833 2989 1025 3019 monasterii
1052 2989 1222 3027 antedicti,
1240 2989 1429 3021 absolvatis
1455 2990 1486 3020 et
1512 2988 1659 3020 liberetis
1685 2988 1931 3029 absolutosque
1956 2990 1987 3020 et
2014 2988 2175 3020 liberatos

415 3125 445 3150 (1)
461 3125 504 3150 Qui
520 3126 548 3146 ed
564 3125 585 3146 in
600 3126 651 3146 altri
668 3126 744 3152 luoghi
761 3126 797 3148 del
813 3126 954 3148 documento
969 3128 1078 3149 abbiamo
1098 3128 1179 3149 lacune
1201 3134 1242 3155 per
1296 3128 1434 3149 lacerazioni
1449 3127 1509 3149 della
1525 3133 1671 3154 pergamena.
