2347 3444
1860 178 1902 209 69

95 315 267 347 Mustiolle
304 315 489 355 papiensis,
527 314 796 354 representantes
833 312 989 343 maiorem
1027 313 1153 351 partem
1191 312 1378 342 conventus
1415 311 1503 342 dicte
1541 310 1694 348 ecclesie,
1728 313 1757 341 et
1785 311 1827 341 ihi
1855 311 1903 342 fa-

95 380 245 409 tentur....
272 377 433 408 habuisse
458 378 489 408 et
515 376 682 416 recepisse
707 375 750 407 ab
776 375 850 415 ipso
888 373 1059 410 Ubertin0,
1098 382 1158 413 pro
1194 375 1391 404 ornamento
1428 372 1556 413 capelle
1595 373 1730 404 fondate
1757 374 1786 403 in
1814 374 1901 404 dicta

95 439 249 476 ecclesia,
275 439 339 469 sub
365 438 533 470 vocabulo
559 439 751 469 sanctorum
779 436 912 468 Antonii
939 437 969 467 et
996 435 1179 472 Elisabeth,
1206 444 1264 474 per
1293 435 1417 466 dictum
1438 435 1610 465 dominnm
1631 434 1899 474 Augustinnm....

96 500 307 540 infrascripta
333 500 454 536 omnia,
480 501 511 530 et
537 499 644 539 primo
671 498 811 530 Missale
846 507 946 529 unum
974 497 1004 528 in
1031 497 1142 534 cartis,
1180 497 1277 528 cuius
1314 497 1419 536 prima
1457 496 1543 527 linea
1570 496 1717 527 missalis
1744 497 1774 526 in
1802 497 1904 527 tercio

96 562 176 592 folio
201 571 219 593 a
245 564 337 601 tergo
375 562 500 601 incipit,
527 561 557 592 in
584 561 689 600 prima
727 560 916 600 columpna,
942 561 1042 599 atque
1073 558 1192 598 Vigilia
1218 560 1248 589 et
1274 560 1324 589 est
1350 559 1380 589 in
1408 558 1508 589 rubro
1534 560 1563 589 et
1590 559 1620 589 in
1647 559 1779 589 decimo
1817 558 1905 589 foleo

97 625 127 655 in
154 624 304 655 secunda
330 624 508 663 columpna
535 623 565 653 in
592 623 656 653 fine
684 622 796 653 ultime
822 622 906 653 linee
933 622 1048 661 incipit
1073 621 1291 652 testimoniam
1305 620 1466 660 periberet
1482 622 1542 651 etc.
1562 620 1747 651 secundum
1767 618 1902 651 Curiam

97 685 291 718 Romanam.
331 685 406 717 ltcm
445 685 581 716 calicem
621 694 720 715 unum
755 686 948 724 argenteum
975 693 1077 724 super
1102 683 1297 714 deauratum
1325 691 1398 714 cum
1426 683 1526 713 armis
1554 682 1683 713 illorum
1711 683 1751 713 dc
1779 681 1905 714 Sclafe-

98 749 194 783 natis.
221 757 294 779 cum
322 749 453 788 patena,
479 748 510 778 et
535 748 585 777 est
613 747 782 777 unciarum
810 746 969 777 tredecim
997 745 1047 777 vel
1075 746 1172 777 circa.
1201 744 1277 776 Item
1304 745 1470 785 planetam
1499 754 1596 775 unam
1635 745 1755 781 siricis,
1782 745 1905 776 coloris

102 810 220 841 viridis
246 809 498 850 quodammodo
523 808 673 845 frustam,
699 817 773 839 cum
801 808 902 839 armis
928 807 1080 839 similiter
1105 809 1138 838 ut
1164 816 1266 847 supra
1284 804 1344 846 (l).
1372 806 1410 837 Et
1437 807 1524 843 inde,
1551 808 1612 838 etc.

187 870 248 903 Die
274 871 404 902 decimo
442 871 568 901 mensis
606 869 700 907 lullii,
727 868 1078 910 MCCCCXXXVlllJ,
1116 869 1283 900 indicione
1309 869 1470 906 secunda,
1499 869 1578 899 hora
1605 878 1701 900 none.
1730 868 1760 899 ln
1789 868 1904 909 Papia,

99 934 130 965 in
157 933 314 964 domibus
339 933 417 964 dicti
444 930 642 964 Conventus
668 932 831 963 dcversus
857 932 991 963 fontem.
1020 931 1116 963 Porte
1143 931 1339 963 Palacensis
1365 930 1526 962 Parochie
1554 931 1660 962 sancti
1687 929 1899 963 Columbani.

920 1079 1089 1120 CCIX.

188 1189 418 1217 Testamento
444 1188 499 1217 del
525 1189 643 1217 dottor
668 1188 840 1217 Cedrione
867 1189 901 1217 di
928 1189 1051 1223 Roma,
1078 1189 1212 1217 vicario
1238 1189 1294 1217 del
1320 1188 1472 1217 Podesta
1497 1188 1532 1216 di
1558 1188 1682 1216 Pavia.

745 1293 899 1323 1439,
929 1294 1166 1323 ottol›re-‚
1196 1293 1272 1317 14.

663 1380 738 1405 (Aren.
756 1381 808 1402 Not.
825 1381 846 1402 di
863 1381 933 1402 Pavia
948 1392 973 1394 ᾼ
989 1381 1035 1402 Atti
1052 1381 1073 1402 di
1089 1381 1202 1407 Agostino
1219 1381 1344 1406 Baracchi).

118 1469 121 1559 1i
208 1513 255 1628 I
340 1467 371 1557 hN
397 1525 512 1566 Papia,
539 1527 569 1557 in
596 1535 727 1558 camera
753 1526 936 1558 cubiculari
962 1527 1088 1557 domini
1115 1526 1294 1563 testatoris,
1321 1526 1351 1557 in
1378 1525 1478 1557 Porta
1504 1525 1665 1563 Pertuxii‚
1692 1526 1722 1556 in
1749 1525 1913 1557 Parochia

119 1600 120 1620 l
341 1588 343 1647 l
371 1588 403 1620 S.
430 1587 566 1629 Georgii
594 1589 624 1619 in
653 1588 825 1620 fenarollO.
853 1588 1105 1620 Testamentum
1131 1589 1355 1621 famoxissimi
1383 1589 1493 1629 legum
1520 1590 1669 1621 doctoris
1695 1590 1820 1620 domini
1848 1587 1913 1621 Ce-

128 1686 136 1687 7
157 1685 229 1687 ᾈ
251 1686 276 1687 ψ
322 1686 331 1687 7
371 1651 499 1681 drionis
525 1650 565 1681 de
593 1650 708 1687 Roma,
735 1650 856 1682 Vicarii
883 1649 1072 1682 Generallis
1098 1651 1294 1691 spectabilis
1321 1652 1381 1682 viri
1409 1651 1535 1682 domini
1564 1651 1721 1682 Iohannis
1740 1652 1781 1682 de
1800 1651 1916 1683 Burris

103 1713 207 1754 Papie
233 1715 264 1745 et
289 1711 478 1745 Comitatus
505 1712 698 1750 PotestatiS,
716 1714 747 1744 et
765 1713 821 1743 filii
840 1713 965 1744 domini
986 1713 1143 1745 Iohannis
1162 1713 1301 1745 Luthi..„
1322 1713 1354 1744 ln
1375 1714 1491 1754 primis
1509 1714 1644 1754 quidem
1672 1714 1915 1745 recomendans

101 1776 246 1807 animam
274 1783 369 1806 suam
397 1775 427 1805 in
456 1775 612 1806 manibus
638 1774 803 1806 Altissimi
830 1773 1010 1812 Creatoris,
1037 1777 1067 1807 et
1093 1775 1232 1816 elligens
1271 1776 1478 1816 sepulturam
1516 1784 1611 1807 suam
1645 1778 1722 1816 post
1759 1776 1831 1807 eius
1856 1776 1914 1807 de-

103 1846 236 1869 cessum
262 1837 304 1867 ad
331 1836 509 1868 ecclesiam
548 1837 654 1868 sancti
693 1836 871 1877 Augustini
899 1836 1012 1877 Papie‚
1050 1839 1173 1875 cassat,
1208 1838 1320 1875 irritat,
1347 1840 1408 1869 etc.
1443 1837 1520 1869 ltem
1548 1838 1629 1877 vult,
1655 1838 1786 1869 ordinat
1811 1840 1842 1869 et
1867 1838 1918 1869 di-

102 1900 215 1940 sponit
241 1899 484 1931 consciderans
512 1900 604 1939 quod
631 1908 669 1930 ea
695 1908 760 1939 que
786 1900 827 1931 ad
854 1909 989 1931 onorem
1027 1900 1267 1940 obsequiarum
1294 1901 1376 1931 fiunt
1401 1901 1543 1932 tendunt
1576 1900 1617 1932 ad
1644 1909 1802 1941 pompam
1829 1902 1859 1932 et
1885 1901 1916 1931 in

102 1962 285 2002 dampnum
315 1962 434 1999 anime,
461 1964 491 1993 et
519 1962 610 2002 quod
638 1962 748 1993 nudus
785 1964 878 1993 ortus
903 1965 953 1993 est
980 1963 1010 1993 in
1038 1963 1162 1994 mundo
1187 1964 1219 1994 et
1244 1972 1285 1994 ex
1312 1964 1397 1994 terra
1424 1965 1454 1994 et
1481 1963 1593 1994 nudus
1619 1964 1660 1994 ad
1688 1972 1760 1995 eam
1796 1963 1914 1995 reverti

104 2024 214 2061 debet,
241 2024 381 2064 proinde
408 2024 500 2064 quod
527 2024 665 2064 quando
690 2025 859 2065 continget
886 2025 994 2065 ipsum
1022 2025 1196 2063 decedere,
1222 2025 1313 2065 quod
1340 2025 1514 2065 sepultura
1533 2034 1594 2057 sua
1612 2026 1667 2057 fiat
1693 2026 1764 2057 sine
1791 2034 1915 2066 pompa

104 2088 135 2117 et
161 2086 405 2118 convocatione
433 2095 665 2126 personarum,
692 2087 811 2118 iubens
837 2087 878 2118 ad
905 2087 1080 2119 funerallia
1106 2096 1167 2119 sua
1193 2096 1258 2118 non
1284 2088 1395 2118 vocari
1423 2088 1485 2118 nisi
1513 2088 1736 2128 presbiterum
1757 2088 1914 2128 parochie

104 2157 164 2180 sue
190 2151 221 2180 et
246 2148 365 2180 fratres
394 2150 581 2180 conventus
607 2149 711 2180 sancti
739 2148 917 2189 Augustini
944 2151 974 2181 et
999 2158 1059 2181 sex
1087 2150 1138 2181 vel
1165 2151 1241 2181 octo
1267 2150 1398 2181 nobiles
1425 2159 1500 2181 cum
1527 2150 1681 2182 celostris
1707 2152 1860 2190 quatuor.

940 2297 1082 2337 CCX.

195 2405 332 2433 Laurea
356 2405 391 2433 di
417 2405 506 2433 frate
532 2405 709 2434 Giovanni
736 2406 978 2442 Evangelista‚
1010 2406 1225 2434 Eremitano.

941 2502 1080 2526 1439

506 2590 583 2614 (Arch.
600 2590 635 2611 del
652 2590 774 2612 Rettorato
790 2591 911 2612 dell’Univ.
928 2591 949 2611 di
967 2591 1037 2612 Pavia
1053 2603 1076 2605 —
1093 2591 1226 2613 Protocollo
1242 2592 1263 2612 di
1281 2592 1379 2613 Bronzio
1395 2591 1519 2615 Ubertari).

125 2679 127 2702 l

125 2708 127 2793 ἐ
182 2719 289 2835 D
344 2673 580 2803 ‘OCTORATUS
605 2737 636 2767 in
664 2745 760 2768 sacra
787 2737 909 2777 pagina
935 2736 1060 2767 domini
1088 2735 1198 2768 fratris
1225 2735 1381 2768 iohannis
1408 2736 1623 2778 Evangeliste
1648 2736 1786 2769 Ordinis
1814 2738 1916 2769 Here-

124 2796 127 2864 Ι
345 2806 347 2848 Ι
373 2797 535 2830 mitarum.

125 2866 126 2885 χ
345 2862 346 2870 i

161 3012 190 3038 (l)
206 3013 237 3034 Lo
251 3015 349 3036 stemma
364 3016 480 3041 gentilizio
496 3017 555 3038 della
575 3017 676 3043 tamiglia
698 3017 840 3039 Schiatlinati
864 3018 875 3039 e
898 3024 982 3038 ancora
1038 3019 1122 3038 navata
1138 3018 1224 3039 minore
1240 3019 1416 3040 settentrionale
1432 3019 1453 3039 di
1469 3018 1491 3040 S.
1510 3019 1586 3040 Pietro
1602 3019 1623 3040 in
1639 3018 1686 3040 Ciel
1703 3019 1725 3040 d'
1737 3018 1792 3045 Oro,
1811 3019 1870 3039 dove
1892 3024 1915 3039 a·

111 3059 248 3079 conservato
263 3058 285 3079 in
300 3058 344 3080 due
359 3060 480 3086 esemplari
503 3062 624 3083 marmorei
646 3062 720 3084 infissi
742 3063 801 3083 nella
824 3064 902 3089 parete
925 3062 983 3083 della
1039 3068 1096 3083 veva
1112 3063 1185 3083 crena
1202 3062 1305 3084 un'altra
1320 3063 1425 3089 cappella
1441 3064 1569 3089 patronaie,
