2347 3444
1935 184 1998 216 335

954 367 1167 408 Dxcvl
1175 366 1237 405 11.

280 476 521 513 Disposizioni
545 476 812 505 testamentarie
838 476 894 504 del
920 476 996 507 nob,
1023 476 1113 505 Gian
1138 475 1289 503 Antonio
1314 474 1450 503 Luselli
1476 483 1496 502 a
1522 475 1642 502 favore
1668 475 1702 502 di
1730 475 1764 504 S.
1796 476 1979 511 Agostino.

828 590 986 619 1406,
1015 590 1242 620 agusto,
1272 589 1361 613 23.

751 678 828 698 ‘Arcu
847 678 926 698 Notat.
944 677 965 698 di
983 677 1060 698 Pavia.
1078 688 1102 690 —
1119 677 1166 698 Atti
1182 677 1203 697 di
1221 676 1336 697 Maurizio
1353 676 1445 700 piena).

209 852 211 915 1
262 862 384 977 N
437 879 527 905 ELLA
552 883 632 905 casa
657 874 711 905 del
733 876 895 910 testatore,
923 875 953 905 in
972 874 1171 906 Parrocchia
1188 875 1223 906 di
1239 874 1271 907 S.
1290 874 1428 906 MIclzeIe
1446 874 1629 913 Magglore.
1653 874 1860 905 Testamento
1875 874 1928 905 del
1950 882 2008 905 110-

210 920 212 992 }
430 967 432 976 ,Ἰ
459 937 523 968 bile
550 935 716 968 Giovanni
739 936 880 967 Antonio
906 937 945 968 (le
971 937 1122 972 Lzlxellts,
1149 937 1202 968 del
1219 936 1260 977 fu
1285 936 1394 968 dottor
1416 937 1447 968 in
1472 936 1634 968 medicina
1654 935 1824 971 Giczcomo,
1844 936 1897 967 col
1912 936 2009 976 quale

210 995 256 1038 l„
275 998 433 1036 ψὶφὴι
460 999 596 1039 dispone
622 998 713 1038 quod
740 999 812 1029 eius
837 999 982 1029 cadaver
1007 999 1188 1039 sepeliatur
1213 1001 1243 1030 et
1269 1000 1402 1040 sepeliri
1429 999 1550 1030 debeat
1576 1000 1607 1030 in
1633 999 1774 1030 ecclesia
1812 1000 1917 1030 sancti
1945 998 2011 1030 Au-

196 1062 321 1103 gustini
347 1061 487 1093 Ordinis
513 1061 754 1092 Heremitarum
781 1063 811 1091 et
838 1061 867 1091 in
895 1061 1050 1101 sepulcro
1077 1061 1207 1092 illorum
1235 1062 1275 1093 de
1302 1061 1461 1099 Luxellis,
1487 1062 1552 1093 sito
1579 1062 1609 1092 in
1636 1061 1788 1093 sacristia
1822 1061 1899 1092 dicti
1933 1070 2012 1092 con-

197 1126 317 1155 ventus
343 1124 449 1155 sancti
477 1122 668 1164 Augustini,
695 1132 799 1163 prope
825 1123 927 1154 altare
953 1124 1059 1155 sancti
1086 1123 1233 1155 Antonii.
1274 1124 1394 1156 Lascicz
1419 1133 1439 1155 a
1464 1133 1543 1156 suor
1578 1123 1756 1156 Gerolamcl
1781 1124 1820 1155 de
1846 1124 2010 1159 Luxellis.

196 1186 316 1217 sorella
340 1195 412 1223 sua,
439 1195 454 1216 e
480 1194 620 1216 monaca
646 1186 860 1225 agostt'niatm
885 1187 916 1216 in
943 1185 975 1217 S.
1002 1186 1191 1224 Dalmazio,
1218 1187 1241 1218 il
1262 1187 1454 1226 godimento
1479 1187 1513 1218 di
1536 1195 1577 1218 lm
1603 1186 1711 1227 asfl'tto
1732 1188 1888 1227 perpetuo
1914 1186 1949 1217 cii
1964 1187 2013 1217 sei

197 1248 305 1280 brente
330 1248 364 1280 cii
390 1249 473 1286 vino,
499 1248 557 1279 clze
581 1248 668 1288 dopo
693 1247 725 1278 la
751 1248 785 1279 cli
808 1248 851 1279 lei
874 1250 974 1279 morte
1000 1248 1136 1279 mandat
1161 1251 1191 1280 et
1217 1249 1368 1289 disponit
1395 1250 1568 1289 pervenire
1595 1249 1715 1280 debeat
1732 1249 1764 1279 in
1784 1248 1907 1279 dictum
1934 1257 2013 1279 con-

199 1312 333 1342 ventum
360 1311 465 1341 sancti
493 1309 671 1349 Augustini
700 1309 836 1350 Papio...
863 1310 1093 1350 coll'obbli'go.
1114 1310 1204 1351 fatto
1230 1311 1296 1342 allo
1322 1313 1427 1342 stesso
1453 1313 1620 1345 convento,
1647 1311 1682 1342 a'i
1704 1311 1862 1342 celebrari
1889 1310 2013 1341 facien-

199 1373 288 1411 dum,
315 1373 447 1413 singula
473 1373 674 1410 ebdomada,
701 1373 837 1404 missam
865 1381 975 1411 unam,
1001 1375 1031 1404 et
1057 1373 1203 1405 officium
1230 1383 1331 1404 unum
1357 1374 1446 1404 omni
1473 1382 1572 1410 anno,
1600 1382 1659 1414 pro
1685 1374 1795 1404 anima
1821 1373 1929 1413 ipsius
1955 1373 2015 1403 do-

200 1436 278 1467 mini
305 1436 478 1467 testatoris
503 1437 534 1466 et
559 1435 792 1466 defunctorum
819 1444 967 1471 suorum„
995 1436 1025 1466 in
1052 1436 1139 1467 dicta
1166 1435 1307 1466 ecclesia
1333 1436 1439 1466 sancti
1466 1435 1656 1475 Augustini.
1683 1436 1828 1466 Nomina
1846 1434 1903 1475 fra
1929 1435 1940 1465 ι’
1964 1436 2014 1465 tu-

199 1499 261 1530 tori
284 1498 337 1530 clei
360 1498 436 1529 suoi
452 1497 533 1538 figli
555 1498 744 1533 minoremii,
772 1498 851 1529 altre
876 1498 908 1528 Iu
933 1498 1087 1529 suddetta
1112 1506 1191 1529 suor
1215 1496 1392 1530 Gerolama
1417 1506 1557 1528 monaca
1583 1497 1816 1537 agostiniana‚
1855 1496 1958 1527 anche
1991 1496 2015 1527 il

200 1561 403 1592 venerabilis
429 1561 588 1591 dominus
613 1560 712 1591 frater
738 1559 969 1591 Bertolameus
994 1560 1034 1591 de
1060 1559 1263 1592 Castellacio
1290 1560 1367 1591 dicti
1394 1558 1532 1591 Ordinis
1558 1560 1663 1591 sancti
1691 1558 1881 1599 Augustini.

1012 1734 1242 1775 DXCIX.

290 1853 317 1881 11
342 1852 496 1889 Capitolo
521 1852 554 1880 di
578 1853 612 1881 S.
640 1852 804 1888 Agostino
830 1853 872 1881 da
898 1851 1099 1881 investitura
1124 1852 1156 1880 di
1180 1861 1245 1880 una
1269 1852 1369 1888 vigna
1393 1851 1426 1880 in
1450 1852 1566 1880 Monte
1595 1852 1790 1887 Bolognola.

784 1975 945 2005 1495,
975 1975 1322 2003 11overr11⁴3re9
1351 1975 1425 1999 19.

713 2072 790 2095 (Al-ch.
808 2071 880 2092 Notat
905 2072 926 2092 di
945 2071 1014 2091 Pavia
1031 2083 1054 2085 —
1071 2072 1118 2092 Atti
1135 2071 1156 2091 di
1174 2071 1230 2092 Gian
1247 2071 1359 2092 Giacomo
1374 2071 1505 2092 Canevarii.

302 2266 349 2382 I
447 2285 470 2311 Ν
495 2279 644 2320 capitulo
670 2279 882 2310 dominorum
909 2278 1045 2310 fratrum
1072 2281 1102 2309 et
1119 2280 1307 2309 conventus
1326 2278 1430 2309 sancti
1451 2277 1630 2319 Augustini
1658 2276 1794 2318 Papie...
1819 2275 2018 2309 Convocato

440 2329 648 2383 ¹capitulo...
686 2342 726 2373 de
760 2342 918 2373 mandato
957 2342 1159 2373 venerabilis
1196 2341 1321 2372 domini
1359 2349 1451 2372 sacre
1489 2340 1657 2381 theologie
1684 2340 1832 2381 magistri
1860 2339 2018 2370 Iohannis

439 2389 440 2413 ³
469 2404 667 2436 Bertolamei
694 2405 734 2436 de
771 2405 952 2436 Valmacha
991 2403 1148 2435 prioris...
1174 2406 1205 2434 et
1241 2412 1349 2443 penex
1387 2412 1460 2434 eum
1496 2402 1706 2434 venerabiles
1733 2403 1890 2433 dominus
1915 2401 2015 2432 frater

202 2468 368 2499 lohannes
405 2468 445 2498 de
482 2466 605 2499 Sancto
643 2467 772 2508 Angelo
810 2476 902 2499 sacre
939 2466 1107 2507 theologie
1145 2466 1323 2506 magister,
1362 2465 1519 2496 dominus
1548 2464 1647 2496 frater
1673 2464 1840 2496 Antonius
1867 2465 1906 2495 de
1934 2463 2016 2500 Ast,

203 2539 331 2571 regens,
369 2539 460 2561 sacre
486 2530 654 2571 theologie
680 2531 848 2571 magister,
885 2530 1044 2560 dominus
1068 2528 1167 2559 frater
1193 2527 1397 2559 Alessander
1422 2527 1462 2558 de
1497 2526 1600 2567 Papia
1627 2536 1719 2558 sacre
1745 2526 1914 2567 theologie
1949 2535 2018 2557 ma-

201 2594 325 2633 gister,
362 2592 520 2623 dominus
556 2592 656 2624 frater
693 2593 860 2623 Martinus
887 2592 926 2622 de
953 2591 1104 2622 Valentia
1131 2590 1364 2627 bachalarius,
1402 2590 1560 2620 dominus
1597 2589 1696 2620 frater
1722 2588 1952 2620 Bertolameus
1978 2589 2018 2619 de

202 2653 386 2687 Castelatio
412 2657 618 2695 procurator,
654 2654 754 2686 frater
780 2654 930 2695 Angelus
956 2654 996 2685 dc
1023 2652 1221 2684 Alesandria
1247 2652 1359 2689 lector,
1396 2651 1495 2683 frater
1534 2651 1662 2692 Filipus
1699 2651 1739 2682 de
1766 2651 1878 2682 Laude
1905 2651 2017 2686 lector,

202 2717 301 2748 trater
327 2716 492 2749 lohannes
517 2717 558 2748 de
583 2717 695 2748 Tricio
721 2717 884 2753 sindicus,
921 2716 1019 2747 trater
1050 2716 1192 2746 Lazarus
1230 2715 1270 2745 de
1306 2714 1454 2745 Novaria
1481 2715 1639 2754 magister
1665 2714 1882 2750 studentium,
1920 2713 2018 2744 frater

203 2778 359 2811 Didiinus
383 2780 424 2810 de
450 2779 591 2820 Brayda,
617 2779 717 2811 frater
742 2778 980 2820 Simplicianus
1006 2779 1046 2809 de
1074 2778 1312 2809 Monteortono
1330 2785 1456 2815 cursor,
1473 2774 1588 2815 (frater
1603 2775 1729 2807 Paulus
1755 2776 1795 2807 dc
1814 2775 1885 2811 Ast,
1902 2784 2018 2806 cursor

201 2840 408 2880 cancellato),
434 2841 533 2873 frater
569 2841 715 2882 Spiritus
751 2842 791 2873 de
829 2840 1090 2873 vicecomitibus
1129 2837 1323 2878 cursor(l),
1359 2837 1474 2877 (frater
1507 2837 1668 2870 Silvester
1694 2838 1734 2869 de
1761 2838 1913 2869 Valentia
1940 2846 2017 2868 can-

201 2902 344 2942 cenato),
370 2903 469 2935 frater
494 2904 680 2936 Nicholaus
705 2905 745 2935 de
773 2904 950 2940 Fazardis,
986 2901 1102 2941 (frater
1128 2901 1245 2932 Petrus
1272 2901 1311 2932 de
1337 2899 1552 2932 Castronovo
1578 2898 1785 2937 cancellato),
1811 2899 1910 2930 frater
1936 2898 2018 2930 Gre-

262 3061 289 3084 vl)
305 3060 379 3081 Moiio
395 3061 578 3086 prolmbilmente
594 3061 605 3081 ὲ
621 3061 673 3086 quel
689 3060 747 3081 irate
770 3060 856 3086 Spirito
873 3060 900 3080 da
924 3060 1018 3083 Milano,
1035 3059 1075 3079 che
1131 3059 1142 3078 ιζ·
1159 3059 1312 3078 ranimentnto
1328 3057 1364 3077 dal
1381 3060 1493 3080 T‹)RF.L1,!,
1510 3057 1554 3077 vol.
1572 3056 1607 3077 Vll
1634 3062 1686 3081 pag,
1702 3056 1749 3081 453,
1766 3058 1830 3076 sotto
1857 3056 1934 3075 l'anno
1953 3055 2002 3075 1496
