2347 3444
301 238 366 269 260

1088 420 1333 461 CDXCV.

392 530 495 558 Boua
522 530 578 558 del
606 530 784 558 Pontefice
811 530 907 557 Sisto
933 530 994 561 IV,
1022 530 1084 556 che
1111 529 1205 556 vieta
1232 529 1263 557 le
1289 529 1507 558 discussioni
1533 529 1715 558 sull'abito
1741 530 1776 558 di
1802 530 1838 559 S.
1865 531 2052 566 Agostino.

937 642 1073 666 14⁸4-
1086 657 1099 671 ..
1134 643 1372 674 nmngglo
1385 658 1398 672 9
1430 645 1488 668 11.

671 731 738 753 (Art-h
764 731 784 750 di
801 730 868 751 stam
885 730 905 750 di
922 730 1010 750 Milano
1026 741 1050 743 —
1067 730 1135 751 Libro
1151 730 1228 751 Rosso
1244 731 1265 751 di
1282 730 1304 751 S.
1323 730 1400 751 Pietro
1416 731 1437 751 in
1453 730 1500 752 Ciel
1517 731 1591 757 d'oro,
1608 731 1646 752 fol.
1666 732 1754 753 los-691.

393 917 471 1033 S
549 933 658 959 lXTUS
683 929 866 968 episcopus
893 936 1012 959 servus
1038 936 1211 959 servorum
1239 927 1298 959 Dei
1326 928 1367 959 ad
1395 930 1588 968 perpetuam
1616 929 1659 960 rei
1687 930 1890 961 memoriam.
1928 929 1993 968 Qui
2032 930 2122 971 Apo-

570 991 666 1022 stolis
693 991 839 1031 precepit
867 992 900 1021 ut
926 998 961 1021 se
989 990 1129 1021 invicem
1157 990 1342 1031 diligerent,
1370 990 1531 1031 profectO,
1558 992 1629 1022 sine
1656 992 1833 1024 dilectione
1852 996 1975 1029 mutua,
1996 993 2119 1024 bonum

569 1053 707 1093 aliquod
735 1052 916 1093 perfectum
944 1061 1019 1084 esse
1045 1062 1110 1083 non
1138 1062 1240 1093 posse
1267 1053 1496 1084 demostravit.
1536 1053 1567 1084 ln
1606 1054 1660 1085 illa
1698 1055 1783 1085 enim
1821 1056 1975 1086 consistit
2011 1056 2122 1087 omnis

304 1117 386 1147 bene
414 1117 548 1147 vivendi
576 1116 659 1146 ratio
685 1118 715 1146 et
741 1116 903 1156 operatiO,
930 1115 956 1146 si
974 1115 1051 1146 odia
1078 1118 1248 1146 transeant
1275 1116 1304 1146 in
1333 1115 1556 1153 dilectionem,
1583 1117 1609 1147 si
1638 1117 1807 1148 inimicitie
1825 1120 2061 1149 convertantur
2091 1118 2121 1148 in

305 1188 430 1219 pacem,
458 1179 483 1209 si
512 1178 738 1218 tranquillitas
779 1178 954 1217 extinguat
982 1178 1073 1214 iram,
1100 1178 1126 1208 si
1154 1178 1378 1209 mansuetudo
1409 1179 1552 1209 remittat
1590 1179 1743 1210 vincendi
1785 1180 2013 1220 cupiditatem.
2055 1179 2120 1212 Sed

304 1242 412 1272 hostis
438 1241 566 1281 antiqui
595 1241 752 1275 versutia,
780 1241 834 1271 ubi
863 1241 999 1271 maioris
1024 1241 1196 1271 charitatis
1215 1240 1378 1271 fervorem
1398 1249 1473 1272 esse
1491 1242 1667 1281 conspicit,
1687 1241 1730 1272 ibi
1751 1243 1902 1282 sagatius
1920 1243 2008 1273 vires
2042 1251 2122 1274 suas

304 1304 454 1340 intendit,
482 1306 514 1334 ut
540 1303 698 1334 fidelibus
724 1301 848 1335 Christi
875 1302 1021 1340 famulis,
1048 1312 1105 1343 per
1131 1303 1327 1334 diverticula
1353 1305 1383 1334 et
1402 1303 1592 1344 superfluas
1618 1305 1850 1336 contentiones
1876 1305 2063 1342 abstractis,
2083 1305 2123 1336 de

303 1375 363 1397 sua
390 1367 572 1407 sagacitate
600 1366 726 1403 letetur,
753 1366 849 1397 cuius
886 1365 1064 1396 conatibus
1101 1365 1239 1396 obviare
1265 1368 1296 1397 et
1322 1368 1469 1397 mutuam
1506 1366 1698 1397 charitatem
1726 1370 1756 1397 et
1783 1368 1875 1407 pacis
1913 1367 2122 1398 dulcedinem

305 1429 387 1459 inter
414 1429 530 1459 fideles
557 1436 712 1468 quosque
739 1430 769 1459 et
796 1428 968 1468 presertim
997 1428 1060 1459 sub
1086 1428 1202 1458 eadem
1231 1429 1408 1459 vocatione
1433 1430 1464 1459 et
1489 1429 1585 1459 suavi
1613 1429 1785 1469 religionis
1821 1430 1898 1469 iugo
1933 1428 2004 1460 Deo
2042 1430 2126 1460 mili-

303 1495 421 1529 tantes,
447 1492 601 1529 enutrire,
627 1500 664 1522 ac
691 1491 934 1522 discordiarum
961 1490 1108 1521 fomenta
1134 1493 1164 1521 et
1191 1491 1308 1522 inanes
1325 1492 1568 1529 contentiones,
1588 1500 1652 1531 que
1678 1491 1776 1522 nichil
1796 1492 1837 1522 ad
1861 1501 1926 1523 rem
1961 1493 2126 1532 pertinent

304 1563 411 1594 neque
437 1554 603 1589 edificant,
623 1554 682 1584 sed
702 1554 887 1589 destruunt,
914 1553 997 1584 falce
1024 1553 1196 1593 vigilantie
1223 1554 1404 1593 pastoralis
1429 1554 1471 1585 ad
1498 1554 1641 1585 radicem
1669 1554 1790 1594 posita,
1821 1554 1991 1586 succidere
2009 1557 2039 1585 et
2068 1563 2127 1586 ex-

306 1617 427 1656 tirpare
453 1617 532 1647 totis
557 1616 736 1647 conatibus
763 1616 972 1653 insudamus,
1007 1624 1046 1646 ne
1080 1615 1190 1646 debile
1218 1615 1444 1656 simplicitatis
1470 1617 1598 1647 initium
1626 1625 1683 1656 per
1714 1616 1846 1657 longam
1874 1616 2121 1648 altercationem

304 1679 346 1709 ad
375 1678 618 1709 inestricabiles
645 1680 840 1719 prorumpat
866 1687 1004 1715 errores,
1031 1679 1086 1718 qui
1115 1678 1332 1718 postmodum
1360 1678 1531 1710 difficilius
1558 1678 1691 1710 valeant
1716 1679 1896 1710 emendari.
1924 1678 2032 1717 Sane,
2059 1688 2124 1710 non

305 1741 377 1772 sine
404 1742 524 1772 mentis
551 1743 662 1772 nostre
689 1741 901 1781 displicentia
929 1740 1102 1781 singulari,
1129 1741 1254 1781 pluries
1285 1741 1347 1772 iam
1376 1741 1501 1772 dudum
1528 1741 1570 1772 ad
1598 1743 1747 1772 nostrum
1786 1742 1937 1781 pervenit
1973 1741 2123 1772 auditum

305 1804 396 1843 quod
424 1805 506 1834 inter
533 1804 674 1834 dilectos
700 1804 789 1834 tilios
814 1804 997 1834 canonicos
1023 1803 1193 1844 regulares
1219 1803 1348 1834 ordinis
1374 1804 1479 1834 sancti
1507 1803 1685 1844 Augustini
1712 1804 1984 1845 congregationis
2010 1804 2127 1835 latera-

305 1867 431 1903 nensis,
458 1870 487 1897 et
514 1866 633 1898 fratres
659 1867 788 1897 ordinis
815 1866 1047 1897 heremitarum
1074 1866 1225 1897 eiusdem
1261 1866 1347 1897 beati
1387 1865 1566 1907 Augustini
1605 1866 1749 1906 quedam
1788 1867 1898 1897 minus
1936 1867 2125 1898 necessaria

306 1930 484 1969 minusque
512 1929 692 1960 laudabilis
718 1929 948 1960 controversia
975 1929 1138 1969 pullulare
1164 1929 1262 1969 cepit,
1282 1929 1322 1960 de
1341 1929 1449 1969 ipsius
1468 1929 1704 1969 preclarissimi
1735 1929 1874 1960 ecclesie
1894 1929 2042 1960 doctoris
2060 1928 2127 1960 Au-

305 1992 430 2031 gustini
459 1992 573 2022 habitu
601 2000 638 2022 ac
664 1991 704 2022 de
731 1992 858 2032 pictura
885 1994 915 2022 et
941 1990 1105 2023 Ordinum
1134 1991 1327 2022 huiusmodi
1356 1991 1574 2029 institutione,
1602 1993 1693 2032 parte
1720 1991 1869 2031 qualibet
1898 1991 2125 2022 diversimode

305 2055 468 2085 sentiente
487 2057 587 2094 atque
606 2054 809 2094 predicante,
829 2062 887 2085 nec
907 2054 1000 2085 veriti
1021 2056 1098 2085 sunt
1117 2054 1221 2085 libros
1239 2062 1340 2094 super
1359 2054 1552 2085 huiusmodi
1569 2053 1762 2085 levitatibus
1780 2062 1981 2094 componere
1999 2062 2126 2094 eosque

307 2117 414 2157 legere
440 2118 471 2147 et
496 2116 572 2147 aliis
598 2116 761 2157 legendos
786 2116 926 2153 tradere,
954 2125 1019 2147 non
1050 2116 1121 2147 sine
1151 2116 1312 2147 scandalo
1338 2118 1369 2147 et
1395 2116 1644 2156 perturbatione
1682 2116 1839 2147 mentium
1879 2116 2057 2156 legentium
2095 2118 2125 2147 et

306 2179 446 2210 aliorum
474 2177 599 2211 Christi
627 2179 786 2216 fidelium,
813 2180 843 2209 et
869 2187 927 2219 per
953 2179 1097 2219 ineptias
1124 2179 1329 2217 huiusmodi,
1356 2187 1443 2219 quos
1470 2178 1541 2210 Deo
1568 2177 1759 2209 lucrifacere
1786 2178 1962 2215 deberent,
1989 2178 2126 2218 perdere

307 2241 478 2272 festinant.

398 2304 469 2335 Nos
494 2304 705 2335 attendentes
720 2303 811 2343 quod
830 2303 1053 2335 clarissimum
1072 2304 1213 2335 ecclesie
1233 2304 1341 2335 lumen
1358 2303 1583 2344 Augustinum
1603 2305 1710 2343 preter
1728 2302 1934 2343 episcopalis
1952 2303 2126 2343 dignitatis

308 2367 457 2397 habitum
484 2366 585 2397 alium
612 2368 776 2407 gestasse,
813 2368 869 2397 aut
896 2365 1100 2406 professioni
1138 2366 1236 2397 alicui
1264 2375 1299 2397 se
1325 2365 1522 2402 subiecisse,
1549 2368 1605 2396 aut
1630 2364 1796 2396 affirmare
1832 2366 1888 2395 aut
1926 2373 2046 2405 negare
2082 2365 2124 2396 ad

308 2438 374 2459 rem
402 2438 466 2459 non
495 2429 646 2468 pertinet,
674 2429 736 2459 nisi
765 2430 925 2468 quantum
952 2428 1122 2459 contentio
1149 2436 1401 2468 supervacanea
1426 2428 1585 2468 aucupari
1613 2427 1735 2464 nititur,
1761 2435 1799 2458 ac
1825 2429 1890 2458 tam
1916 2435 2050 2458 enorme
2079 2426 2128 2458 ta-

308 2491 403 2521 cinus
430 2493 459 2521 et
487 2490 696 2530 periculosas
722 2491 956 2522 contentiones
983 2491 1023 2522 de
1049 2490 1159 2521 medio
1186 2490 1301 2521 tollere
1327 2491 1461 2530 penitus
1486 2492 1517 2521 et
1542 2490 1709 2530 extirpare
1735 2489 1905 2526 volentes,
1933 2491 2022 2520 motu
2050 2498 2127 2529 pro-

309 2553 392 2592 prio,
418 2561 483 2582 non
510 2552 551 2583 ad
578 2553 720 2583 alieuius
746 2553 845 2583 nobis
871 2561 972 2593 super
991 2553 1052 2584 hoc
1071 2553 1183 2584 oblate
1202 2553 1374 2593 petitionis
1393 2552 1595 2589 instantiam,
1615 2551 1673 2582 sed
1693 2551 1732 2582 de
1751 2553 1863 2582 nostra
1882 2553 1968 2582 certa
1987 2551 2125 2582 scientia

309 2618 338 2645 et
366 2623 454 2645 mera
480 2615 676 2646 liberalitate
694 2624 731 2646 ac
751 2615 933 2653 voluntate,
960 2618 1025 2647 tam
1052 2614 1236 2647 Canonicis
1262 2615 1472 2655 regularibus
1498 2614 1584 2645 dicte
1610 2612 1904 2655 Congregationis,
1931 2622 2030 2653 quarn
2057 2622 2127 2644 om-

310 2677 410 2707 nibus
435 2679 465 2707 et
492 2677 636 2716 singulis
663 2676 832 2707 Fratribus
859 2676 998 2709 Ordinis
1025 2677 1266 2709 Heremitarum
1293 2677 1398 2708 sancti
1426 2676 1616 2717 Augustini,
1643 2676 1913 2716 quibuscumque
1933 2675 2126 2707 nominibus

309 2741 518 2773 censeantur,
545 2741 575 2769 et
601 2747 812 2778 quacumque
840 2739 1049 2779 prefulgeant
1076 2740 1248 2779 dignitate,
1268 2740 1298 2770 in
1326 2740 1446 2770 virtute
1472 2740 1585 2770 sancte
1611 2738 1801 2769 obedientie
1820 2740 1850 2768 et
1869 2738 1932 2769 sub
1959 2746 2044 2778 pena
2069 2746 2128 2769 ex-

309 2801 590 2832 comunicationis
617 2800 680 2831 late
706 2802 879 2837 sententie,
907 2810 1006 2841 quam
1034 2802 1064 2832 in
1091 2802 1281 2842 singulares
1306 2804 1371 2832 tam
1400 2801 1547 2832 Fratrum
1575 2800 1815 2831 Heremitarum
1842 2809 1941 2840 quam
1980 2799 2128 2832 Canoni-

309 2872 423 2895 corum
450 2863 673 2903 predictorum
702 2871 865 2902 personas
891 2863 1170 2895 contrafacientes
1196 2863 1334 2894 ferimus
1361 2864 1391 2894 in
1419 2863 1470 2894 liis
1496 2863 1640 2902 scriptis,
1659 2871 1676 2893 a
1696 2871 1761 2902 qua
1787 2862 1920 2893 absolvi
1948 2865 2125 2903 nequeant,

310 2928 340 2957 et
367 2925 506 2966 quilibet
534 2926 682 2965 ipsorum
710 2928 863 2964 nequeat,
890 2926 952 2956 nisi
979 2935 996 2956 a
1024 2926 1122 2957 nobis
1148 2926 1199 2956 vel
1227 2925 1482 2957 successoribus
1508 2925 1632 2956 nostris
1652 2923 1810 2957 Romanis
1829 2924 2049 2956 Pontificibus
2073 2933 2127 2956 ca-

311 2989 429 3019 nonice
455 2987 666 3024 intrantibus,
693 2996 751 3019 seu
780 2987 809 3018 in
838 2988 953 3018 mortis
979 2988 1115 3019 articule
1141 2988 1323 3024 constituti,
1349 2987 1544 3018 auctoritate
1569 2987 1757 3027 apostolica
1782 2989 1895 3018 tenore
1922 2988 2124 3028 presentium

313 3051 514 3087 inhibemus,
551 3051 669 3090 eisque
695 3050 842 3081 districte
869 3050 1086 3090 precipiendo
1113 3050 1334 3086 mandamus,
1372 3052 1538 3089 quatenus
1563 3058 1581 3080 a
1607 3050 1880 3081 contentionibus
1905 3052 1936 3081 et
1962 3050 2002 3080 de
2028 3049 2126 3080 beato

312 3113 502 3154 Augustino
529 3113 753 3144 assertionum
782 3112 974 3143 huiusmodi
1003 3112 1327 3152 periclitationibus,
1365 3112 1655 3152 disputationibus
1680 3114 1710 3143 et
1737 3113 1853 3153 iurgiis
1879 3114 1910 3143 et
1935 3114 2127 3143 controver-
