2347 3444
305 239 369 270 252

1028 419 1408 460 CDLXXXIII.

391 532 406 559 1
431 530 644 559 Procuratori
670 531 722 559 del
748 530 844 558 Clero
871 534 986 558 esente
1011 528 1043 556 di
1069 528 1175 556 Pavia
1199 528 1360 563 eleggono
1397 527 1643 564 l'Agostiniano
1681 527 1829 556 Battista
1853 528 1893 556 de
1917 527 2018 556 Rossi
2053 528 2124 556 loro

303 586 524 613 procuratore
549 593 666 621 presso
693 584 713 612 il
738 585 832 612 Duca
858 583 889 610 di
915 582 1039 610 Milano
1064 591 1124 618 per
1148 586 1288 609 trattare
1314 581 1366 610 del
1391 582 1462 610 loro
1487 581 1689 610 contributo.

956 687 1118 716 1483,
1148 687 1392 719 ginugnloq
1422 687 1474 711 4.

828 776 903 798 (ΛΠ-114
924 776 995 796 Nutar
1021 775 1041 795 di
1060 775 1129 795 l‘aiviu
1147 786 1169 788 ἡ
1186 775 1232 795 Atti
1249 775 1270 795 di
1288 775 1410 795 Gunilorto
1429 775 1603 800 Str-'izzamttii⁴

405 895 449 1008 Ι
550 911 570 935 Ν
599 906 731 935 nornine
758 903 892 934 Domini
921 903 1036 934 Amen.
1064 902 1160 933 Anno
1186 911 1203 933 a
1230 902 1412 933 Nativitate
1438 902 1588 933 ciusdem
1616 902 1793 933 millesimo
1831 902 2125 942 quatricentesimo

570 968 800 1007 octuagesimo
827 967 938 1003 tercio,
978 966 1144 996 indicione
1183 966 1306 1005 prima,
1333 965 1385 995 die
1412 968 1531 1005 quarto
1557 965 1682 996 mensis
1721 964 1824 1001 lunii,
1863 965 1942 995 hora
1969 967 2046 1004 post
2071 973 2127 995 ve-

570 1039 697 1070 speras.
726 1029 756 1059 ln
784 1029 917 1060 civitate
946 1027 1070 1068 Papio,
1109 1028 1263 1059 videlicet
1290 1028 1410 1059 subtus
1437 1029 1600 1068 porticum
1627 1028 1761 1059 claustri
1789 1028 1981 1059 monasterii
2020 1028 2125 1059 saneti

305 1095 437 1127 Marini,
465 1094 494 1124 iu
523 1103 590 1132 quo
617 1094 787 1122 moraniur
814 1091 943 1121 monaci
971 1089 1109 1121 Ordinis
1147 1091 1251 1121 sancti
1280 1089 1454 1126 leronimi,
1497 1091 1549 1121 siti
1578 1091 1608 1120 in
1637 1089 1735 1121 Porta
1764 1089 1880 1121 Pontis
1907 1091 1936 1120 in
1965 1089 2128 1120 Parochia

305 1158 412 1196 ipsius
437 1156 576 1187 ecclesie
603 1154 707 1185 sancti
736 1154 868 1184 Marini.
897 1152 1011 1192 lhique
1038 1153 1067 1183 in
1097 1153 1262 1193 presentia
1290 1162 1363 1193 incy
1383 1153 1500 1183 notarii
1520 1155 1550 1183 et
1569 1153 1702 1183 testiuin
1723 1152 2020 1192 infrascriptorum,
2050 1160 2130 1182 con-

304 1222 423 1249 vocato
449 1222 479 1248 ct
505 1220 709 1257 congregato
737 1217 895 1247 universo
922 1214 1020 1248 Clero
1047 1218 1205 1255 exempto
1232 1214 1390 1247 Civitatis
1418 1214 1531 1255 l'apic,
1548 1215 1810 1255 percitationcm
1826 1214 1945 1246 factam
1963 1224 2020 1255 per
2045 1224 2129 1246 nun-

303 1282 389 1312 cium
417 1281 446 1311 in
476 1281 535 1311 hac
563 1282 654 1320 parte
681 1279 860 1319 specialem
888 1278 1092 1309 venerabilis
1117 1280 1148 1309 et
1174 1279 1337 1318 sapientis
1364 1278 1571 1309 decretorum
1599 1278 1747 1308 doctoris
1774 1277 1899 1308 domini
1928 1277 2126 1308 Bertolainei

305 1345 345 1375 dc
372 1344 552 1380 Burnatiis,
581 1342 795 1383 Episcopalis
821 1340 920 1374 Curie
948 1341 1068 1372 Vicarii
1096 1340 1283 1377 Generalis,
1310 1343 1339 1372 et
1367 1341 1407 1371 de
1433 1341 1529 1371 cuius
1567 1341 1725 1371 mandato
1753 1341 1782 1371 in
1810 1341 2008 1371 executione
2046 1340 2130 1371 litte-

303 1416 410 1438 rarum
438 1406 606 1437 ducaliuin
633 1405 741 1436 eidem
768 1405 906 1435 domino
933 1403 1064 1435 Vicario
1092 1406 1125 1434 ut
1151 1404 1295 1434 asseruit
1321 1403 1519 1434 directarum
1546 1403 1587 1433 ad
1615 1403 1817 1433 monasteria
1843 1405 1872 1433 et
1899 1402 2020 1433 domos
2061 1402 2130 1433 sin-

303 1469 456 1509 gulorum
484 1478 524 1499 ex
553 1468 637 1508 ipsis
664 1468 703 1498 de
730 1467 819 1498 dicto
846 1465 945 1498 Clero
972 1468 1140 1506 exempto,
1169 1467 1199 1496 in
1227 1474 1292 1505 qua
1326 1466 1570 1496 convocatione
1596 1467 1626 1496 et
1652 1465 1912 1505 congregatione
1942 1464 2074 1495 fuerunt
2099 1466 2130 1495 et

302 1534 379 1562 sunt
399 1531 608 1562 venerabilsz
634 1534 663 1561 et
691 1530 837 1570 religiosi
865 1529 1023 1560 dominus
1042 1528 1140 1559 frater
1155 1527 1396 1560 Guidobaldus
1411 1528 1451 1558 de
1467 1527 1583 1558 Baldis
1598 1529 1702 1558 rector
1717 1527 1856 1558 ecclesie
1871 1529 1900 1557 et
1917 1526 2007 1557 scole
2023 1526 2127 1557 sancti

303 1593 429 1625 Oldrici
458 1594 632 1634 papiensis
658 1592 797 1623 Ordinis
824 1591 1092 1628 Humiliatoruni,
1120 1590 1392 1621 dominusfrater
1411 1589 1561 1631 Angelus
1580 1590 1620 1620 de
1639 1588 1835 1621 Gariboldis
1862 1589 2055 1629 prepositus
2080 1597 2133 1620 ec-

305 1658 405 1688 clesie
432 1656 590 1688 Omnium
618 1654 815 1687 Sanctorum
843 1655 1017 1694 papiensis
1043 1654 1121 1685 dicti
1148 1652 1297 1689 Ordinis,
1325 1653 1482 1684 dominus
1509 1653 1574 1683 don
1603 1651 1800 1683 Desiderius
1827 1652 1867 1683 de
1894 1651 1999 1692 Papia
2040 1651 2129 1692 prior

307 1720 411 1750 sancti
439 1718 626 1750 Salvatoris
652 1720 746 1748 extra
772 1719 802 1748 et
829 1725 933 1757 prope
960 1725 1073 1747 muros
1100 1716 1292 1756 papienses,
1320 1715 1478 1746 dominus
1505 1715 1570 1745 don
1592 1714 1736 1745 Michael
1764 1714 1804 1745 de
1831 1713 1935 1754 Papia
1955 1713 2044 1754 prior
2062 1722 2132 1744 mo-

306 1782 441 1813 nasterii
469 1781 573 1812 sancti
602 1780 801 1821 Epiphaney
841 1778 944 1819 Papie
982 1777 1120 1810 Ordinis
1158 1777 1407 1810 Canonicorum
1436 1777 1649 1818 Regularium
1688 1777 1792 1808 sancti
1833 1775 2037 1817 Augustini,
2074 1776 2134 1806 do-

307 1845 417 1875 minus
443 1844 508 1874 don
538 1843 627 1874 Elias
654 1843 693 1873 de
721 1842 917 1873 Mediolano
944 1842 1033 1881 prior
1059 1841 1136 1872 dicti
1164 1840 1357 1871 monasterii
1385 1840 1490 1871 sancti
1519 1839 1652 1877 Marini,
1680 1839 1838 1870 dominus
1876 1839 2034 1879 magister
2060 1837 2134 1869 Ma-

306 1908 404 1938 theus
430 1907 469 1937 de
496 1904 596 1938 Curte
623 1914 715 1936 sacre
742 1904 911 1945 theologie
938 1903 1121 1944 professor,
1147 1902 1355 1943 guardianus
1381 1904 1569 1933 conventus
1595 1902 1700 1933 sancti
1743 1901 1909 1932 Francisci
1936 1900 2132 1941 papiensis,

306 1969 465 2000 dominus
492 1969 649 2008 magister
668 1967 852 1998 leronimus
871 1966 911 1997 de
942 1965 1147 1997 Barachanis
1166 1973 1259 1996 sacre
1277 1965 1446 2005 theologie
1466 1963 1638 2004 professor
1671 1962 1809 1995 Ordinis
1842 1961 2020 1995 Servorum
2055 1971 2134 1993 con-

308 2034 428 2062 ventus
455 2031 559 2062 sancti
589 2029 687 2061 Primi
716 2029 900 2070 papiensis
927 2028 1085 2059 dominus
1123 2028 1280 2068 magister
1317 2026 1485 2067 Georgius
1512 2026 1552 2057 de
1578 2025 1739 2057 Becharia
1756 2023 1808 2065 (l)
1844 2034 1936 2057 sacre
1962 2024 2132 2065 theologie

307 2094 480 2136 professor
506 2092 644 2125 Ordinis
672 2091 821 2123 Fratrum
849 2091 1090 2122 Heremitarum
1117 2090 1223 2121 sancti
1251 2089 1442 2130 Augustini,
1470 2097 1595 2120 moram
1622 2089 1757 2119 trahens
1783 2088 1813 2118 in
1841 2088 1930 2118 dicto
1963 2088 2130 2118 conventu

307 2158 412 2189 sancti
440 2156 632 2196 Augustini,
659 2155 818 2185 dominus
845 2154 1003 2194 magister
1029 2151 1154 2185 Galeaz
1180 2152 1220 2183 de
1247 2152 1277 2183 la
1304 2150 1441 2184 Glarola
1459 2149 1510 2191 (2)
1537 2150 1630 2181 Prior
1667 2149 1866 2182 Conventus
1904 2151 2017 2181 sancte
2054 2148 2132 2180 Mu-

307 2220 392 2251 stole
420 2219 594 2260 papiensis
632 2218 710 2248 dicti
748 2216 888 2248 Ordinis
926 2216 1180 2252 Heremitaruni,
1219 2215 1377 2246 dominus
1402 2211 1452 2253 (in
1478 2211 1613 2253 bianco)
1639 2213 1679 2243 de
1707 2212 1872 2252 Folpertis
1910 2212 1999 2252 prior
2024 2211 2130 2242 sancti

311 2281 459 2314 Simonis
486 2280 661 2321 papiensis
687 2278 826 2311 Ordinis
852 2277 1112 2315 Cruciferorum,
1151 2277 1310 2317 magister
1347 2276 1513 2307 Iohannes
1539 2275 1579 2306 de
1606 2275 1743 2306 Lovatis
1777 2283 1836 2315 pro
1862 2273 2047 2305 reverendo
2074 2273 2135 2304 do-

310 2345 400 2375 mino
428 2343 631 2375 Dominicho
670 2343 710 2373 de
748 2341 885 2372 Lovatis
921 2341 994 2372 eius
1031 2340 1130 2371 fratre
1168 2339 1423 2380 prothonotario
1461 2337 1651 2379 apostolico
1689 2337 1797 2377 priore
1836 2337 1940 2367 sancti
1968 2334 2131 2367 Gervaxii

311 2406 424 2446 Papio,
452 2407 482 2436 in
510 2404 612 2437 Curia
640 2404 789 2437 Romana
816 2404 993 2440 residente,
1020 2405 1050 2434 et
1076 2402 1176 2433 frater
1213 2400 1382 2442 Georgius
1408 2401 1448 2431 de
1476 2399 1716 2433 Rochamaiore
1755 2408 1814 2439 pro
1844 2399 1917 2429 eius
1943 2398 2044 2429 domo
2071 2396 2135 2429 Or-

310 2469 398 2499 dinis
426 2468 681 2504 Humliatoruin,
708 2466 903 2497 nominibus
928 2468 958 2497 et
985 2466 1056 2496 vice
1094 2465 1257 2496 dictorum
1296 2472 1432 2495 suorum
1460 2462 1748 2499 monasteriorum,
1767 2462 2004 2497 conventuum,
2030 2459 2135 2491 eccle-

310 2533 433 2562 siarum
461 2533 490 2561 et
518 2531 664 2561 locorum
693 2532 723 2560 ct
749 2530 852 2560 totius
878 2527 965 2561 Cleri
1004 2528 1151 2568 exempti
1189 2527 1336 2558 civitatis
1374 2524 1488 2565 Papie,
1515 2526 1545 2555 et
1579 2524 1609 2554 in
1635 2523 1873 2554 contumatiam
1912 2523 2052 2553 aliorum
2092 2522 2132 2553 de

312 2594 386 2633 ipso
412 2593 500 2623 clero
526 2594 694 2632 exempto,
722 2592 777 2631 qui
816 2592 904 2622 citati
943 2590 1075 2621 fuerunt
1101 2592 1132 2621 et
1158 2598 1223 2620 non
1251 2590 1423 2625 venerunt,
1448 2587 1528 2618 citra
1565 2586 1813 2617 revocationem
1841 2592 2130 2625 quorumcumque

311 2655 516 2686 sindicoruin
544 2658 573 2685 ct
601 2656 852 2694 procuratorum
881 2662 1029 2690 suorum,
1057 2653 1218 2683 hactenus
1245 2651 1378 2682 nomine
1405 2650 1482 2681 dicti
1502 2647 1589 2681 Cleri
1609 2648 1755 2688 exempti
1784 2647 2040 2687 quomodolibet
2054 2655 2134 2677 con-

309 2717 511 2753 stitutorum,
538 2717 627 2746 omni
656 2717 734 2751 iure,
762 2716 826 2751 via,
855 2715 966 2752 modo,
1003 2723 1106 2745 causa
1132 2716 1162 2744 et
1188 2713 1305 2750 forma,
1344 2711 1468 2752 quibus
1506 2710 1625 2741 melius
1652 2713 1682 2740 ct
1709 2709 1856 2740 validius
1894 2711 2074 2749 potuerunt
2101 2710 2132 2739 et

311 2781 465 2819 possunt,
491 2779 747 2813 constituerunt,
776 2777 1016 2808 ordinaverunt
1041 2778 1071 2807 et
1098 2775 1256 2812 fecerunt,
1282 2783 1319 2806 ac
1345 2773 1563 2810 constituunt,
1590 2772 1746 2803 ordinant
1771 2773 1801 2802 et
1827 2771 1953 2802 faciunt
1995 2778 2133 2802 venera-

312 2841 411 2872 bilem
438 2844 468 2872 et
495 2840 688 2880 religiosum
715 2848 807 2871 sacre
835 2840 955 2879 pagine
982 2838 1208 2879 professorem
1235 2837 1407 2868 dominum
1435 2835 1630 2875 magistrum
1658 2833 1843 2874 Baptistam
1871 2833 1911 2864 de
1939 2833 2064 2866 Rubeis
2080 2829 2132 2872 (3)

368 3000 398 3023 vl)
414 2997 469 3019 Vedi
486 2998 500 3018 il
516 2997 656 3018 documento
672 2996 708 3017 del
724 2996 748 3016 24
764 2996 858 3016 ottobre
877 2996 932 3016 1477.
1250 2995 1314 3014 tanta
1330 2993 1398 3014 stima
1414 2998 1426 3013 e
1442 2992 1526 3013 fiducia
1542 2991 1571 3012 da
1587 2992 1650 3012 tutto
1666 2991 1679 3011 il
1695 2990 1763 3012 ciem
1779 2990 1890 3016 cholare
1907 2990 1928 3011 di
1945 2990 2024 3016 Pavia,
2046 2989 2097 3010 vedi
2114 2989 2127 3009 il

368 3043 398 3067 12)
415 3036 431 3063 E
447 3042 460 3063 il
477 3042 594 3066 religioso,
610 3042 650 3061 che
667 3041 701 3061 nei
718 3040 850 3061 documenti
873 3040 982 3060 abbiamo
1005 3040 1091 3060 vcduto
1107 3039 1137 3059 fin
1153 3039 1192 3064 qui
1248 3038 1389 3059 documento
1405 3037 1440 3057 del
1456 3037 1469 3057 9
1484 3036 1575 3061 maggio
1593 3036 1656 3060 1482,
1680 3035 1740 3056 dove
1755 3036 1768 3056 il
1785 3035 1889 3057 Cornune
1905 3035 1964 3056 della
1980 3033 2042 3056 citra
2058 3033 2128 3055 rende

317 3088 433 3108 chiarnato
451 3086 540 3107 Galeaz
556 3086 584 3107 de
600 3085 681 3111 Papia.
699 3085 778 3106 Vediil
795 3084 935 3105 documento
951 3084 986 3105 del
1005 3085 1027 3104 14
1043 3084 1113 3109 luglio
1131 3084 1188 3104 1479,
1251 3082 1395 3107 amplissima
1411 3081 1590 3102 testimoni-anza
1606 3080 1641 3100 dci
1658 3080 1732 3101 meriti
1748 3080 1770 3100 di
1787 3079 1824 3100 lui.

382 3132 403 3155 3)
419 3131 445 3152 Di
462 3133 546 3156 questo
562 3130 650 3155 insigne
672 3129 802 3155 Religioso,
825 3129 866 3149 che
889 3129 963 3149 riccve
987 3134 1016 3148 un
1039 3129 1153 3148 attestato
1176 3128 1197 3148 di
