2347 3444
320 198 384 229 282

1106 386 1352 426 DXXXI.

407 493 545 521 Laurea
571 493 605 521 in
631 494 784 529 teologia
811 495 845 522 di
871 495 959 522 frate
986 495 1207 523 Alessandro
1233 495 1344 523 vitali
1370 496 1425 524 del
1452 496 1634 525 Convento
1659 497 1694 525 di
1720 498 1755 526 S.
1783 498 1969 534 Agostino,

963 608 1118 639 1589,
1147 609 1406 641 ramsuvag-io,
1438 609 1491 634 4.

803 695 879 715 <Arcu
896 695 975 715 Notar.
993 695 1014 715 di
1033 695 1110 716 Pavia.
1127 706 1152 709 —
1168 695 1216 716 Atti
1232 696 1253 716 di
1271 696 1383 717 Giovanni
1400 697 1492 718 Mattco
1508 697 1634 719 Paltonieri
1651 715 1656 719 .

389 882 511 996 U
564 898 725 925 valiRSlS
750 896 780 924 et
806 894 950 934 singulis
977 897 1150 934 presentes
1188 895 1314 927 litteras
1352 896 1554 936 inspecturis
1580 896 1839 929 Bartholomeus
1866 897 2057 936 Brunatius,
2083 898 2142 930 de-

585 960 747 986 cretorum
776 957 903 992 doctor,
929 957 1113 988 canonicus
1141 960 1354 995 mantuanus,
1381 959 1653 990 reverendissimi
1681 960 1711 990 in
1738 958 1875 992 Christo
1895 961 1999 1001 patris
2018 963 2048 992 et
2068 961 2142 993 illu-

585 1020 741 1050 strissimi
780 1019 907 1050 domini
935 1020 1061 1051 domini
1089 1019 1224 1051 Ascanii
1253 1020 1370 1058 Marie‚
1397 1022 1502 1053 saneti
1529 1021 1593 1053 Viti
1621 1022 1754 1053 diaconi
1782 1021 1986 1061 Cardinalis,
2012 1022 2135 1055 Sfortie

317 1083 541 1116 vicecomitis,
569 1081 720 1112 Bononie
747 1084 806 1112 etc.
834 1081 946 1122 Legati
974 1084 1004 1112 et
1031 1082 1258 1122 Episcopatus
1300 1084 1475 1123 papiensis
1513 1085 1663 1124 perpetui
1690 1085 1974 1117 administratoris
1999 1094 2036 1116 ac
2062 1085 2139 1116 almi

316 1144 491 1185 Gymnasii
531 1145 715 1184 papiensis,
752 1144 942 1184 apostolico
967 1147 998 1175 et
1024 1145 1186 1184 imperiali
1225 1146 1422 1186 privilegiis,
1459 1144 1658 1178 Cancellarii
1697 1147 1912 1185 meritissimi,
1938 1147 2143 1179 vicecancel-

317 1208 418 1238 larius
445 1207 634 1247 specialiter
660 1207 852 1247 deputatus,
880 1207 1020 1237 salutem
1047 1210 1078 1238 et
1105 1208 1328 1238 reverenciam
1355 1210 1421 1239 tam
1448 1208 1594 1239 debitam
1622 1217 1722 1248 quam
1750 1209 1918 1240 devotam.

406 1270 474 1301 Etsi
502 1271 663 1307 omnium,
690 1279 750 1310 pro
777 1270 914 1301 scientie
942 1271 1119 1311 margarita
1146 1271 1357 1310 capescenda
1385 1271 1626 1309 insudantium,
1653 1272 1770 1309 virtus,
1811 1273 1966 1313 exigente
1993 1273 2135 1311 iusticia,

316 1333 428 1373 dignis
454 1333 495 1363 sit
523 1333 659 1373 premiis
685 1333 887 1371 decoranda,
915 1333 958 1363 illi
986 1335 1095 1364 tamen
1123 1334 1179 1373 qui
1207 1334 1237 1364 in
1265 1342 1358 1365 sacra
1385 1334 1567 1375 theologia,
1588 1343 1652 1374 que
1670 1336 1720 1366 est
1738 1335 1887 1365 omnium
1914 1338 2017 1366 mater
2041 1338 2142 1375 atque

315 1396 474 1435 magistra
500 1399 530 1426 et
557 1395 632 1426 fidei
671 1395 926 1426 fundamentum
953 1404 990 1426 ac
1018 1396 1071 1426 via
1099 1398 1185 1426 recta
1211 1395 1253 1426 ad
1281 1396 1382 1426 vitam
1420 1398 1578 1434 eternam,
1617 1397 1752 1437 propria
1790 1397 2017 1437 relinquentes
2050 1400 2081 1429 et
2107 1406 2142 1429 se

316 1458 411 1498 ipsos
435 1458 653 1498 abnegantes,
681 1467 738 1498 per
763 1458 897 1489 diversa
925 1458 1038 1489 mondi
1065 1458 1209 1496 climata,
1236 1458 1347 1489 studia
1374 1461 1579 1497 rotaverunt,
1605 1462 1636 1490 et
1663 1460 1693 1490 in
1720 1460 1769 1491 eis
1788 1462 1903 1491 noctes
1922 1469 2063 1500 persepe
2082 1460 2144 1491 du-

315 1525 428 1551 centes
455 1521 638 1557 insmnnes,
666 1521 838 1551 immensis
866 1520 1040 1551 laboribus
1065 1524 1096 1551 et
1123 1521 1318 1558 sudoribus,
1346 1521 1498 1552 bravium
1524 1522 1714 1562 attigerunt⁷
1741 1522 1884 1562 digniori
1912 1525 1989 1554 sunt
2016 1523 2142 1554 honore

316 1583 501 1623 premiandi
529 1586 559 1614 et
586 1584 701 1614 maiori
729 1584 918 1614 reverencie
945 1584 1036 1614 dono
1063 1583 1255 1614 decorandi.
1282 1582 1367 1615 Cum
1397 1584 1508 1623 itaque
1546 1584 1750 1615 venerabilis
1787 1585 1967 1625 religiosus
1993 1587 2023 1616 et
2049 1585 2139 1616 omni

316 1646 435 1676 virtute
463 1646 644 1677 laudabilis
682 1646 840 1676 dominus
878 1645 977 1676 frater
1015 1645 1206 1676 Alexander
1232 1646 1272 1676 de
1299 1645 1477 1682 Vitalibus,
1504 1647 1589 1677 civis
1616 1647 1801 1686 papiensis,
1828 1646 1966 1678 Ordinis
1993 1646 2142 1678 Heremi-

314 1713 419 1738 tarum
457 1711 645 1739 conventus
672 1709 776 1739 sancti
805 1707 983 1748 Augustini
1013 1707 1115 1748 Papie
1142 1717 1304 1748 expresse
1331 1707 1518 1748 professus,
1546 1712 1623 1748 post
1648 1712 1743 1740 actus
1769 1709 1969 1740 scolasticos
1989 1718 2046 1750 per
2063 1718 2138 1740 eum

315 1771 345 1801 in
374 1771 477 1801 variis
504 1770 632 1802 Studiis
671 1770 808 1802 feliciter
845 1775 1110 1805 consuininat‹t›s,
1148 1771 1330 1810 deputatus
1367 1770 1465 1802 fuerit
1491 1771 1533 1802 ad
1561 1771 1738 1812 legendum
1777 1770 1967 1803 Sententias
1994 1772 2024 1802 in
2051 1770 2142 1803 Con—

314 1837 414 1864 ventu
443 1834 547 1865 sancti
576 1833 755 1874 Augustini
783 1834 941 1869 iamdicti,
970 1834 1110 1874 ipseque
1137 1834 1296 1865 dominus
1322 1833 1421 1864 frater
1448 1833 1640 1865 Alexander
1667 1835 1697 1865 in
1725 1834 1814 1865 dicto
1840 1837 2007 1865 conventu
2035 1835 2139 1866 sancti

313 1896 491 1936 Augustini
520 1896 713 1927 huiusm‘idi
741 1895 932 1928 Sententias
959 1896 1171 1927 laudabiliter
1198 1896 1322 1937 legerit,
1348 1899 1378 1927 et
1405 1905 1523 1927 omnes
1548 1896 1635 1927 alios
1661 1899 1756 1927 actus
1775 1897 1975 1928 scolasticos
2002 1897 2032 1927 in
2061 1896 2142 1929 Uni-

313 1960 470 1990 versitate
498 1960 651 1999 papiensi
679 1959 888 1990 exercendos
916 1968 1023 1999 usque
1050 1959 1091 1990 ad
1118 1959 1258 1999 gradum
1298 1959 1484 1999 Magisterii
1523 1958 1662 1990 feliciter
1698 1959 1983 1990 consummaverit
2009 1968 2046 1990 ac
2073 1959 2141 1990 sin-

310 2022 398 2061 gulis
425 2022 619 2052 reverendis
645 2021 799 2062 patribus
825 2030 918 2052 sacre
944 2022 1114 2061 theologie
1142 2022 1312 2061 magistris
1339 2022 1438 2052 huius
1464 2022 1550 2052 alme
1578 2021 1828 2059 Universitatis,
1856 2022 1886 2052 in
1913 2022 2029 2053 arduis
2056 2030 2137 2061 que-

311 2084 480 2115 stionibus
507 2085 537 2114 in
565 2084 722 2115 facultate
749 2084 917 2124 theologie
944 2084 1203 2124 respondiderit,
1229 2084 1384 2124 aliosque
1410 2086 1504 2115 actus
1524 2084 1726 2115 bachalariis
1745 2093 1805 2124 pro
1824 2083 1930 2115 forma
1950 2084 2139 2125 legentibus

312 2147 543 2177 incombentes
569 2146 782 2177 laudabiliter
807 2147 1003 2183 exercuerit,
1030 2148 1060 2177 et
1087 2146 1317 2186 postmodum,
1343 2155 1454 2177 coram
1494 2146 1603 2183 nobis,
1631 2155 1688 2186 per
1714 2146 1917 2177 reverendos
1944 2149 2055 2186 patres
2081 2146 2141 2177 do-

312 2210 421 2240 minos
448 2210 629 2250 magistros
656 2209 855 2240 Michaelem
883 2209 924 2240 de
950 2208 1074 2245 Tortis,
1101 2208 1239 2240 Ordinis
1265 2208 1454 2243 Servorum,
1483 2209 1657 2245 decanum,
1684 2207 1899 2240 Gunifortum
1919 2209 1960 2239 de
1979 2208 2139 2240 Vachinis

309 2272 460 2302 eiusdem
487 2270 636 2309 Ordinis,
664 2271 843 2302 Henricum
870 2271 910 2302 de
936 2269 1038 2303 Curte
1064 2270 1203 2303 Ordinis
1230 2271 1411 2309 Minorum,
1439 2270 1571 2302 Petrum
1611 2270 1777 2302 Andream
1805 2271 1845 2301 de
1872 2270 2041 2302 lnviciatis
2077 2269 2139 2303 Or-

311 2335 400 2365 dinis
427 2333 689 2371 Predicatorum,
727 2333 919 2365 Gometium
958 2334 1230 2374 portugalensem
1269 2333 1407 2365 Ordinis
1442 2333 1623 2371 Minorum,
1649 2333 1825 2364 Nicolaum
1852 2333 1892 2364 de
1919 2332 2059 2365 Clericis
2077 2332 2139 2365 Or-

311 2397 400 2427 dinis
426 2395 693 2435 Carmelitarum,
732 2395 923 2428 Gabrielem
963 2397 1002 2427 de
1040 2395 1275 2437 Cremagnola,
1315 2396 1494 2427 lohannem
1521 2396 1562 2427 de
1587 2393 1636 2435 (in
1663 2393 1798 2434 blanco)
1825 2395 1963 2427 Ordinis
1990 2396 2138 2427 Heremi-

311 2463 428 2495 tarum,
468 2459 647 2490 Iohannem
687 2459 868 2490 Antonium
897 2460 937 2490 de
964 2458 1151 2491 Caravazio
1178 2458 1316 2490 Ordinis
1356 2458 1617 2495 Predicatorum,
1655 2457 1863 2498 Stephanum
1903 2458 1942 2489 de
1976 2458 2136 2490 Vercellis

311 2520 449 2551 Ordinis
476 2522 581 2552 sancti
610 2521 780 2552 Benedicti
807 2524 838 2552 et
865 2521 1029 2562 Angelum
1058 2522 1098 2553 de
1126 2521 1313 2554 Rizardinis
1339 2521 1477 2553 Ordinis
1505 2519 1766 2557 predicatorum,
1794 2521 1824 2551 in
1851 2529 1945 2551 sacra
1965 2521 2135 2561 theologia

313 2584 493 2623 magistros
520 2586 549 2614 et
576 2584 732 2614 doctores
770 2585 952 2624 deputatos
978 2584 1019 2615 ad
1058 2593 1199 2615 examen
1239 2584 1505 2615 bachalariorum
1543 2583 1584 2614 ad
1624 2583 1854 2623 magisterium
1896 2583 2134 2623 aspirancium‚

313 2646 467 2685 privatim
494 2648 525 2676 et
551 2646 718 2685 rigoroxe,
757 2647 918 2677 hodierna
945 2647 1009 2684 die,
1035 2646 1250 2677 examinatus
1282 2645 1391 2683 fuerit,
1417 2647 1448 2676 et
1473 2654 1491 2676 a
1518 2645 1627 2683 nobis,
1665 2647 1851 2676 convocata
1877 2648 1908 2676 et
1933 2647 2135 2686 congregata

312 2708 342 2738 in
368 2708 444 2738 aula
472 2716 591 2748 magna
619 2708 738 2747 palacii
766 2709 973 2748 episcopalis
1000 2709 1214 2749 prelatorum,
1241 2708 1416 2739 doctorum
1443 2709 1473 2738 et
1499 2707 1679 2738 scolarium
1718 2708 1819 2738 huius
1844 2707 1921 2738 almi
1956 2706 2132 2748 Gymnasii

311 2770 522 2800 multitudine
548 2770 699 2809 eopiosa,
728 2779 787 2809 pro
814 2771 955 2811 negocio
983 2771 1176 2802 huiusmodi
1197 2770 1386 2810 specialiter
1405 2769 1608 2810 peragendo,
1627 2772 1657 2800 et
1676 2770 1769 2800 finito
1787 2772 1818 2800 et
1836 2769 1935 2807 facto,
1962 2769 2002 2800 de
2029 2769 2132 2801 nostri

310 2832 442 2862 licentia
469 2835 502 2862 ut
529 2832 630 2862 moris
656 2834 716 2868 est,
743 2840 896 2863 sermone
923 2842 980 2872 per
1007 2833 1225 2864 reverendum
1264 2835 1390 2872 patrem
1429 2832 1601 2862 dorninum
1640 2832 1835 2872 magistrum
1862 2830 2066 2863 Gabriellem
2092 2831 2133 2862 de

309 2893 546 2935 Cremagnola‚
573 2893 712 2925 Ordinis
738 2897 768 2925 et
794 2893 994 2926 Conventus
1021 2895 1167 2926 iamdicti
1195 2895 1301 2926 sancti
1328 2893 1507 2935 Augustini
1535 2894 1710 2934 papiensis
1747 2893 1951 2934 professum,
1979 2894 2009 2924 in
2037 2901 2131 2925 sacra

309 2957 480 2997 theologia
508 2957 678 2988 doctorem
705 2958 1086 2995 consummatissimum,
1112 2958 1154 2989 ab
1181 2958 1256 2998 ipso
1282 2957 1420 2988 domino
1438 2956 1537 2987 fratre
1557 2955 1762 2993 Alexandro,
1782 2957 1812 2987 in
1833 2957 1990 2987 manibus
2009 2956 2133 2988 nostris

309 3020 449 3060 prestito
475 3019 517 3050 ad
545 3021 660 3050 sancta
688 3017 748 3050 Dei
777 3019 971 3059 Evangelia,
999 3020 1155 3051 manibus
1181 3020 1253 3051 suis
1279 3028 1380 3059 super
1406 3021 1523 3059 pectus
1549 3027 1646 3049 suum
1674 3019 1807 3059 positis,
1834 3019 1935 3050 solito
1961 3020 1991 3050 et
2017 3018 2132 3049 debito

310 3082 507 3120 iuramento,
535 3081 626 3122 quod
653 3090 694 3112 ex
720 3090 822 3112 causa
849 3082 899 3112 sui
927 3082 1109 3122 magisterii
1137 3090 1202 3112 non
1229 3081 1369 3112 excedet
1388 3081 1418 3111 in
1438 3081 1600 3121 expensis
1618 3083 1730 3112 taxam
1750 3079 1959 3113 Clementine
1978 3079 2131 3112 Secunde
