2347 3444
311 210 375 241 284

309 354 382 377 mus
409 348 576 386 quatenus
602 355 664 378 vos
684 347 733 378 vel
753 347 835 378 alter
862 350 1008 378 vestrum
1037 348 1166 378 vocans
1185 348 1349 379 vocandis
1367 348 1408 378 ad
1429 348 1518 379 illius
1536 350 1803 389 exequucionem
1824 351 2014 390 procedatis
2034 353 2126 384 iuxta

308 408 552 439 continenciam
579 412 609 440 et
636 410 854 450 signaturam.
882 408 956 440 Dat.
985 408 1097 444 Rome,
1124 409 1215 449 apud
1242 412 1393 441 sanctum
1422 409 1566 447 Petrum,
1593 411 1657 442 sub
1683 412 1797 442 anullo
1824 413 2037 453 pischatoris,
2075 415 2128 446 die

309 469 421 501 XVIIII
449 471 541 507 Maii,
569 470 946 505 MCCCCLXXXVIIII,
974 470 1194 502 pontificatus
1221 472 1324 502 nostri
1352 480 1440 503 anno
1467 473 1596 512 quinto
1624 473 1667 504 lo.
1695 472 1750 504 Pe.
1777 473 2027 515 Arpinabonus.

398 533 423 564 Α
451 535 564 573 tergo.-
592 533 730 565 Dilectis
757 534 833 564 liliis
861 533 1037 573 I’reposito
1064 534 1169 564 sancti
1196 533 1366 565 Theodori
1393 538 1424 566 et
1443 534 1654 567 Bertolameo
1673 536 1713 566 de
1733 535 1928 577 Aliprandis
1953 536 2128 570 Canonico

311 595 447 627 maioris
474 596 649 636 papiensis
675 596 902 630 ecclesiarum.
931 595 981 626 vel
1008 604 1122 626 eorum
1149 595 1254 626 alteri.

399 712 597 743 Beatissime
625 711 730 742 Pater.

399 774 462 805 Pro
489 779 580 815 parte
604 775 803 805 devotorum
830 776 999 804 oratorum
1027 776 1215 805 vestrorum
1251 772 1376 805 Prioris
1400 776 1431 805 et
1458 773 1606 805 Fratrum
1645 775 1767 806 domus
1804 777 1909 807 sancti
1949 776 2127 817 Augustini

308 838 503 877 papiensis,
541 836 679 867 Ordinis
707 835 947 866 Heremitarum
975 835 1126 866 eiusdem
1154 834 1284 873 Sancti,
1322 837 1504 876 exponitur
1533 835 1706 868 Sanctitati
1746 839 1877 875 vestre,
1915 839 2005 878 quod
2040 838 2128 870 allax

310 900 532 935 Franciscum,
560 897 961 935 Ambrosium,Carolum
988 900 1019 928 et
1046 897 1192 929 Azonem
1220 898 1260 929 de
1288 898 1436 939 Magnis,
1463 899 1568 930 laicos
1594 899 1876 937 mediolanenses,
1903 900 2043 932 heredes
2069 909 2130 941 pro

310 963 456 993 indiviso
484 962 654 1001 quondam
683 961 841 992 Iohannis
868 960 1003 991 Antonii
1031 961 1071 992 de
1098 960 1235 1001 Magnis
1261 961 1334 992 lalci
1362 961 1637 999 mediolanensis,
1663 970 1776 992 eorum
1816 963 1935 1002 patrui,
1965 963 2021 1003 qui
2049 972 2132 994 non-

308 1026 396 1055 nulla
425 1026 512 1055 bona
555 1024 739 1055 immobilia
765 1024 807 1054 ad
834 1024 971 1054 domum
1014 1024 1196 1063 predictam
1237 1023 1382 1064 legitime
1419 1024 1640 1064 spectantia...
1665 1024 1754 1055 aliax
1795 1025 1858 1065 ipsi
1897 1024 2033 1056 Iohanni
2064 1024 2131 1056 An-

308 1088 399 1118 tonio
427 1088 456 1117 in
484 1087 719 1127 emphiteosim
747 1086 811 1117 sub
837 1088 924 1117 certa
950 1094 1060 1117 annua
1088 1086 1152 1117 ficti
1181 1086 1391 1126 prestacione
1417 1088 1494 1117 tunc
1520 1095 1705 1126 expressa,
1731 1095 1892 1117 concessa
1918 1089 1949 1117 et
1975 1096 2039 1127 que
2073 1095 2130 1127 per

308 1151 435 1181 obitum
464 1150 572 1189 ipsius
599 1148 757 1179 Iohannis
784 1147 919 1179 Antonii
946 1148 987 1179 ad
1015 1148 1151 1179 domum
1179 1148 1362 1188 predictam
1389 1157 1522 1179 reversa
1548 1147 1689 1184 fuerant,
1716 1149 1746 1179 in
1775 1148 1900 1188 quibus
1926 1149 2003 1179 dicti
2032 1148 2132 1180 Fran-

306 1213 428 1246 ciscus,
456 1211 667 1247 Ambrosius,
694 1210 838 1243 Carolus
857 1214 886 1241 et
907 1210 986 1247 Azo,
1006 1211 1098 1241 iuxta
1125 1209 1264 1241 formam
1291 1210 1377 1241 dIcte
1403 1211 1647 1247 concessionis,
1675 1211 1854 1242 succedere
1880 1220 1945 1241 nou
1967 1213 2129 1251 poterant,

308 1275 501 1306 detinebant
529 1274 675 1305 indebite
701 1275 875 1313 occupata,
902 1282 1003 1313 super
1029 1273 1091 1304 hoc
1116 1281 1227 1304 coram
1256 1272 1502 1304 Archidiacono
1528 1273 1667 1304 ecclesie
1694 1273 1878 1313 papiensis,
1893 1275 2131 1304 conservatore

309 1338 386 1368 dicti
414 1336 563 1372 Ordinis,
591 1345 648 1376 per
674 1336 800 1367 litteras
826 1334 925 1367 Sedis
952 1334 1148 1375 Apostolice
1175 1335 1347 1375 deputato,
1375 1335 1554 1366 litterarum
1569 1335 1751 1366 eorundem
1780 1335 1905 1375 vigore,
1921 1338 2019 1375 prout
2039 1336 2131 1366 iuxta

308 1399 437 1430 illarum
464 1398 603 1429 formam
631 1400 795 1438 poterant,
821 1399 993 1428 traxerunt
1019 1398 1049 1428 in
1076 1406 1212 1428 causam
1239 1400 1269 1428 et
1296 1397 1382 1428 idem
1410 1396 1688 1435 Archidiaconus,
1715 1397 1745 1427 in
1773 1397 1826 1427 lite
1854 1397 1908 1428 illa
1934 1397 1992 1427 rite
2018 1405 2134 1437 proce-

308 1463 402 1499 dens,
429 1462 629 1492 difinitivam
657 1470 716 1501 pro
743 1461 841 1492 dictis
867 1460 1060 1491 oratoribus
1085 1462 1199 1491 contra
1227 1460 1452 1497 FranciScum,
1478 1459 1711 1497 Ambroxium,
1741 1458 1900 1492 Carolum
1927 1462 1958 1490 et
1984 1458 2130 1490 Azonem

309 1524 476 1565 prefactos
503 1524 701 1555 sententiam
729 1523 966 1563 promulgavit,
993 1525 1023 1554 et
1051 1523 1123 1554 licet
1150 1523 1237 1554 dicta
1264 1523 1428 1553 sententia
1455 1523 1582 1553 eisdem
1611 1522 1823 1558 Francischo,
1841 1521 2041 1560 Ambrosio,
2067 1520 2133 1554 Ca-

308 1587 379 1617 rolo
406 1591 436 1618 et
464 1586 567 1617 Azoni
595 1586 692 1617 fuerit
719 1586 904 1623 inthimata,
931 1588 961 1616 et
989 1586 1052 1625 ipsi
1079 1585 1121 1616 ab
1149 1585 1202 1616 illa
1219 1584 1302 1616 infra
1321 1587 1454 1625 tempus
1473 1585 1621 1616 debitum
1641 1594 1706 1615 non
1725 1585 1970 1625 appellaverint
1988 1587 2017 1615 et
2034 1593 2134 1624 prop-

309 1653 396 1680 terea
424 1649 478 1680 illa
506 1649 536 1679 in
564 1658 630 1679 rem
658 1648 849 1679 transiverit
875 1648 1066 1684 iudicatam,
1093 1649 1202 1678 tamen
1231 1649 1348 1687 postea
1376 1646 1584 1684 Franciscus,
1612 1646 1824 1683 Ambrosius,
1851 1645 1995 1678 Carolus
2013 1649 2044 1677 et
2063 1645 2132 1677 Azo

307 1712 425 1752 prefati
455 1712 543 1742 illam
572 1712 720 1750 iniquam
747 1710 818 1741 tore
844 1712 1045 1747 asserentes,
1071 1710 1113 1740 ad
1140 1708 1260 1741 Sedem
1276 1709 1488 1749 appellarunt
1506 1709 1719 1747 antedictam,
1739 1709 1813 1740 licet
1832 1709 1964 1740 nulliter
1981 1712 2012 1740 et
2030 1717 2131 1750 super

308 1775 537 1815 appellatione
565 1773 759 1804 huiusmodi
801 1772 1019 1813 apostolicas,
1046 1772 1088 1803 ad
1116 1771 1440 1812 Archipresbiterum
1479 1771 1618 1802 ecclesie
1656 1772 1761 1803 sancti
1789 1770 1875 1802 Petri
1903 1772 1943 1802 de
1969 1771 2132 1812 Vipeculo

313 1837 546 1868 Terdonensis
572 1837 730 1873 diocesis,
757 1836 858 1866 tacito
884 1835 975 1875 quod
1002 1835 1166 1866 sententia
1193 1834 1341 1874 predicta
1371 1834 1584 1865 transivisset
1611 1835 1642 1865 in
1669 1843 1735 1865 rem
1775 1834 1965 1871 iudicatam,
2004 1834 2130 1865 litteras

307 1901 535 1940 irnpetrarunt,
563 1898 763 1938 illarumque
790 1900 942 1938 pretextu
971 1896 1117 1928 Priorem
1144 1899 1174 1928 et
1202 1896 1331 1928 Fratres
1357 1896 1526 1937 prefactos
1550 1905 1661 1927 coram
1696 1897 1813 1927 eodem
1845 1896 2134 1936 ArchIpresbItero

304 1962 462 1999 leserunt,
491 1963 521 1992 in
548 1970 650 1992 causa
677 1961 763 1991 dicte
790 1960 1041 2000 appellationis,
1068 1959 1109 1990 ad
1138 1959 1296 1990 iudicium
1323 1959 1513 1996 evocari,et
1529 1959 1615 1990 idem
1644 1958 1911 1999 Archipresbiter
1930 1959 1960 1989 in
1982 1959 2035 1989 illa
2055 1967 2132 1999 pro-

308 2025 431 2056 cedens
458 2023 741 2063 ditfinitivamque
769 2023 857 2054 bona
884 2023 1032 2063 predicta
1059 2022 1101 2053 ad
1128 2022 1249 2053 dictam
1291 2022 1427 2052 domum
1466 2021 1624 2052 devoluta
1661 2022 1805 2052 existere
1831 2029 1868 2052 ac
1895 2020 2131 2059 Franciscum,

307 2087 534 2123 Ambrosium,
562 2084 721 2118 Carolum
748 2088 779 2116 et
805 2084 951 2116 Azonem
979 2084 1148 2125 prefactos
1173 2084 1216 2115 ab
1243 2084 1373 2114 illorum
1401 2086 1513 2115 tenuta
1539 2086 1569 2114 et
1596 2084 1816 2124 possessione
1843 2083 1912 2114 nixi
1932 2083 2025 2123 prius
2043 2085 2130 2114 certa

306 2150 557 2181 melioramenta
577 2158 634 2189 per
652 2148 835 2188 prefactum
853 2147 1032 2178 Iohannem
1049 2146 1230 2192 Antoni-um
1248 2147 1277 2177 in
1297 2147 1423 2178 eisdem
1441 2147 1540 2177 bonis
1558 2146 1644 2177 facta
1665 2147 1729 2177 illis
1748 2146 1967 2183 solverentur,
1982 2146 2130 2177 amoveri

306 2222 370 2243 non
399 2212 520 2243 debere
546 2211 738 2246 declaravit,
766 2211 970 2241 sentenciam
998 2209 1259 2250 promulgavit...
1286 2208 1396 2246 Quare
1424 2218 1483 2249 pro
1511 2212 1645 2249 parte...
1673 2211 1876 2239 oratorum...
1905 2208 2073 2239 humiliter
2098 2206 2131 2240 S.

306 2275 343 2306 V.
370 2275 613 2315 supplicatur...
641 2276 841 2313 quatenus...
867 2281 990 2304 causas
1017 2273 1047 2303 in
1074 2272 1209 2303 civitate
1248 2270 1350 2312 Papie
1376 2271 1565 2302 audiendas
1590 2273 1620 2302 et
1647 2271 1710 2302 fine
1749 2271 1863 2302 debito
1900 2270 2129 2302 terminandas

308 2346 364 2377 per
391 2345 491 2368 unum
520 2336 620 2367 breve
647 2334 679 2367 S.
707 2335 744 2367 V.
771 2344 844 2366 cum
872 2335 932 2366 hac
959 2334 1208 2374 supplicatione
1235 2334 1417 2365 introclusa
1444 2335 1614 2365 comittere
1640 2334 1822 2374 dignemini
1850 2333 1890 2364 de
1916 2333 2027 2373 gracia
2053 2341 2130 2373 spe-

303 2400 389 2436 ciali,
417 2408 481 2430 non
509 2398 726 2429 obstantibus
753 2398 928 2438 premissis
953 2406 990 2428 ac
1006 2397 1112 2428 felicis
1138 2397 1380 2428 recordationis
1407 2396 1442 2427 Β.
1459 2405 1545 2437 pape
1560 2397 1668 2427 octavi
1689 2396 1939 2436 predecessoris
1954 2395 1991 2426 V.
2011 2393 2043 2427 S.
2063 2403 2128 2435 qua

304 2464 440 2492 cavetur
467 2470 505 2492 ne
533 2462 609 2501 quis
635 2463 729 2492 extra
756 2469 851 2491 suain
878 2461 1046 2491 civitatem
1074 2459 1124 2490 vel
1153 2460 1325 2497 diocesim,
1360 2460 1429 2490 nixi
1457 2459 1487 2490 in
1514 2459 1613 2490 certis
1649 2459 1801 2498 exceptis
1827 2458 1974 2495 casibus,
2002 2460 2061 2488 etc.
2087 2465 2124 2488 ac

306 2524 381 2554 aliis
418 2523 718 2554 constitutionibus
757 2525 787 2554 et
813 2522 991 2553 ordinibus
1028 2522 1228 2562 apostolicis
1264 2522 1451 2561 ceterisque
1489 2521 1664 2552 contrariis
1702 2520 1974 2560 quibuscumque
2000 2524 2129 2550 etcum

304 2586 378 2617 aliis
405 2595 470 2616 non
497 2586 714 2616 obstantibus
740 2588 770 2616 et
796 2585 958 2616 clausulis
985 2585 1185 2616 necessariis
1211 2585 1389 2624 oportunis
1416 2585 1446 2614 in
1474 2583 1643 2614 similibus
1672 2583 1855 2614 consuens.

395 2646 604 2680 Concessum
633 2650 666 2678 ut
693 2648 824 2687 petitur,
852 2648 882 2678 in
910 2648 1077 2687 presentia
1105 2647 1230 2678 domini
1259 2647 1361 2677 nostri
1390 2645 1491 2686 Pape,
1519 2645 1555 2676 A.
1582 2643 1774 2677 Cardinalis
1794 2644 1987 2681 Aleriensis,
2013 2646 2044 2675 et
2070 2652 2128 2684 per

307 2711 406 2741 breve
433 2709 465 2741 S.
493 2709 529 2740 V.
555 2718 629 2740 cum
658 2710 717 2740 hac
745 2710 974 2750 suplicacione
1001 2710 1184 2741 introclusa
1209 2717 1420 2746 concessum,
1448 2707 1485 2739 A.
1511 2706 1704 2740 Cardinalis
1730 2706 1924 2738 Aleriensis.

396 2771 517 2803 Datum
546 2771 659 2807 Rome,
686 2772 776 2812 apud
804 2775 954 2803 sanctum
983 2771 1127 2810 Petrum,
1155 2772 1262 2812 pridie
1289 2771 1366 2802 Idus
1393 2770 1486 2808 Maii,
1512 2778 1600 2801 anno
1627 2770 1755 2809 quinto.
