2347 3444
322 211 387 242 264

1089 389 1361 431 CDXCIX.

409 494 542 529 Legato
569 493 838 522 testamentario
864 493 919 520 del
946 492 1025 520 nob.
1054 490 1201 519 Daniele
1228 489 1419 525 Bottigella
1445 498 1465 517 a
1491 489 1611 517 favore
1638 488 1673 516 di
1699 488 1734 516 S.
1762 488 1884 519 Paolo‚

914 587 1068 615 1484,
1094 586 1434 615 sett0111131w-e,
1463 583 1554 608 27.

859 667 935 690 (Archi
953 666 1033 686 Notat*
1050 666 1071 686 di
1090 665 1160 686 l’avia
1176 676 1201 678 —
1216 665 1264 685 Ani
1281 664 1302 685 di
1319 664 1438 685 Bernardo
1454 664 1595 687 Cellanova).

336 863 337 868 =
569 853 591 879 Ν
620 847 748 880 Casclle
774 846 826 878 del
852 845 1004 878 Contaclo
1040 845 1075 876 di
1110 844 1227 876 Ρανία.
1271 844 1479 876 Testamento
1504 844 1558 876 del
1581 844 1667 876 Nob.
1703 844 1844 876 DanIeIe
1880 843 2059 884 Bottigella
2084 843 2140 875 ciel

336 933 337 950 ,
426 837 472 952 Ι
582 910 623 950 su
649 910 755 941 Anton
783 908 925 943 Simone,
953 916 1012 938 con
1039 908 1101 944 cui,
1128 907 1215 947 legat
1240 907 1380 938 ecclesie
1406 910 1437 938 et
1462 907 1642 938 conventui
1669 907 1774 938 sancti
1795 905 1889 937 Pauli
1909 904 2048 938 Ordinis
2075 905 2139 937 He-

335 984 337 1015 4
590 973 778 1004 semitarum
806 971 846 1002 de
872 970 1100 1007 observantia,
1126 970 1191 1001 sito
1217 972 1311 1001 extra
1338 970 1446 1001 menia
1482 970 1629 1001 civitatis
1667 969 1780 1010 Papie,
1806 969 1953 1000 florenos
1979 969 2138 1000 decem...

317 1038 450 1069 dandos
475 1040 504 1067 et
531 1035 762 1067 solvendos...
789 1033 927 1074 quando
966 1033 1037 1073 ipse
1075 1032 1234 1063 dominus
1260 1034 1399 1063 testator
1424 1032 1467 1063 ab
1493 1033 1555 1063 lioc
1581 1032 1696 1063 seculo
1722 1032 1914 1068 decesserit,
1942 1040 2001 1072 pro
2027 1031 2137 1062 anima

319 1100 426 1140 ipsius
452 1098 578 1129 domini
605 1097 774 1128 testatoris
800 1098 830 1127 et
857 1095 1088 1126 defunctorum
1124 1103 1273 1125 suorum.

1212 1243 1271 1282 D.

412 1345 439 1373 11
466 1345 588 1373 Priore
614 1343 785 1372 Generale
811 1343 897 1371 frate
923 1343 1118 1378 Ambrogio
1143 1343 1188 1371 da
1213 1342 1295 1370 Cori
1320 1342 1463 1378 obbliga
1482 1342 1506 1370 il
1525 1342 1685 1378 Capitolo
1704 1342 1739 1370 di
1758 1342 1793 1370 S.
1817 1342 1990 1378 Agostino
2016 1350 2035 1370 a
2061 1350 2141 1370 con-

325 1399 449 1427 cedere
474 1397 530 1426 un’
549 1397 772 1430 investitura,
799 1396 1023 1424 cassandone
1049 1395 1209 1424 un'altra
1235 1395 1291 1432 gia
1317 1403 1502 1424 concessa.

917 1491 1080 1521 1484,
1111 1491 1440 1521 (liee1111)1-e9
1473 1490 1525 1514 7.

838 1572 915 1595 (Arcti.
932 1571 1013 1592 Notar.
1030 1571 1051 1591 di
1069 1571 1148 1592 Pavia.
1166 1582 1190 1585 —
1205 1571 1254 1592 Atti
1270 1571 1291 1591 di
1309 1571 1436 1592 Francesco
1451 1570 1614 1596 strazapatn:

338 1733 339 1794 l
410 1741 498 1858 F
560 1704 689 1794 1ΒΑΤΕΗ
715 1753 881 1784 Antonius
907 1751 1121 1790 Corolianus,
1149 1752 1242 1784 Prior
1268 1751 1454 1789 Generalis,
1480 1753 1540 1782 etc.

338 1798 339 1807 ¹
562 1796 564 1876 l
680 1815 897 1849 Venerabiies
923 1816 954 1846 in
981 1814 1116 1848 Christo
1143 1815 1242 1846 nobis
1268 1815 1395 1846 dilleiti.

339 1870 340 1880 ¹
360 1915 556 1916 ΫΫΫΫΫΫ
563 1881 564 1915 l
681 1878 784 1917 Alias,
811 1879 907 1910 sicuti
934 1879 1135 1918 accepimus,
1162 1887 1225 1909 vos
1250 1878 1533 1918 contemplatione
1566 1877 1836 1909 reverendissimi
1863 1886 1900 1908 ac
1927 1876 2142 1908 illustrissimi

322 1943 448 1973 domini
477 1941 611 1973 Ascanii
640 1941 746 1972 Marie
772 1939 965 1973 Cardinalis
991 1940 1118 1972 Storcie
1145 1940 1370 1978 Vieecomitis,
1397 1940 1578 1980 quamdam
1605 1940 1853 1971 domumculam
1879 1940 1976 1971 sitam
1997 1940 2027 1970 in
2054 1937 2145 1971 Cita-

317 2005 402 2036 della
429 2003 542 2044 Papie,
562 2013 666 2044 prope
693 2003 836 2034 ulmetos
855 2003 959 2034 sancti
980 2002 1088 2034 Blaxii
1103 2000 1166 2043 (l),
1183 2002 1365 2034 loliannine
1384 2002 1542 2034 Iohannis
1561 2001 1738 2040 Dominici‚
1758 2011 1816 2033 seu
1837 2003 1899 2043 ipsi
1920 2001 2057 2033 Iohanni
2077 2000 2145 2032 Do-

324 2067 456 2103 mimico,
483 2065 619 2106 prefacti
647 2066 772 2096 domini
800 2064 935 2096 Ascanii
963 2065 1087 2101 lotrici,
1115 2065 1252 2096 locastis
1279 2074 1338 2105 pro
1366 2065 1458 2096 libris
1485 2067 1628 2104 quatuor
1654 2064 1884 2104 imperialibus
1916 2066 1947 2095 et
1976 2072 2042 2094 uno
2073 2063 2143 2103 pari

324 2138 501 2169 caponum,
528 2128 702 2159 solvendis
728 2128 871 2168 singulis
897 2128 994 2158 annis
1021 2128 1051 2158 in
1078 2127 1164 2158 testo
1190 2128 1295 2158 sancti
1323 2127 1470 2164 Martini,
1511 2136 1584 2158 cuin
1623 2129 1720 2167 pacto
1758 2126 1848 2166 quod
1887 2127 1917 2158 in
1955 2126 2019 2157 t'ine
2058 2126 2145 2156 loca-

325 2192 426 2222 tionis
452 2191 538 2221 dicta
565 2190 814 2221 melioramenta
842 2190 885 2220 ibi
912 2189 998 2220 tacta
1025 2190 1264 2220 extiinarentur
1302 2199 1359 2230 per
1385 2190 1471 2220 duos
1497 2190 1624 2220 amicos
1661 2197 1843 2226 comunes,
1884 2191 1914 2219 et
1941 2188 2061 2219 deinde
2088 2196 2145 2228 per

328 2262 390 2284 vos
417 2253 647 2290 solverentur,
684 2252 778 2283 aliter
803 2261 874 2283 eain
902 2252 942 2283 de
969 2261 1058 2283 novo
1096 2252 1336 2283 reinvestiretis
1361 2255 1391 2282 et
1417 2252 1464 2283 sic
1490 2260 1531 2282 ex
1569 2254 1645 2282 tunc
1679 2251 1871 2282 reinvestita
1909 2250 2145 2291 intelligeretur

326 2316 365 2346 de
391 2315 593 2346 dmnuncula
621 2315 779 2355 predicta.
806 2315 901 2345 Nunc
929 2324 1008 2345 vero
1035 2324 1100 2345 non
1128 2315 1199 2345 sinc
1227 2314 1392 2345 mollestia
1431 2314 1641 2354 percepimus
1672 2322 1734 2344 vos
1760 2313 1996 2344 domunculam
2036 2313 2143 2352 ipsam

328 2378 418 2408 alteri
447 2378 588 2414 locasse,
608 2378 726 2408 reiecta
753 2378 839 2408 dicta
860 2377 1053 2413 loliannina,
1073 2377 1164 2417 quod
1192 2377 1355 2417 prelibato
1375 2376 1668 2409 Reverendissiino
1688 2375 1833 2406 Domino
1853 2385 1917 2406 non
1938 2375 2146 2406 mediocriter

328 2440 508 2479 displicuit,
535 2443 564 2470 et
592 2440 690 2470 nobis
718 2440 992 2470 molestissimum
1020 2440 1172 2470 accessit.
1199 2438 1306 2479 Super
1332 2448 1398 2479 quo
1426 2439 1510 2469 idem
1541 2438 1854 2470 Reverendissimus
1881 2439 1974 2478 petiit
1999 2446 2016 2468 a
2047 2437 2146 2469 nobis

329 2502 368 2532 de
395 2505 586 2541 opportuno
613 2501 779 2541 provideri
808 2501 927 2532 debere
955 2502 1112 2532 remedio.
1139 2500 1314 2538 Quocirca,
1340 2501 1513 2541 cupientes
1540 2501 1569 2531 in
1608 2500 1766 2531 omnibus
1802 2500 1952 2531 eiusdem
1984 2499 2148 2532 Reveren-

329 2564 458 2594 dissimi
488 2562 620 2593 Domini
649 2564 811 2594 voluntati
839 2573 995 2599 annuere,
1022 2564 1121 2594 vobis
1149 2562 1252 2594 Priori
1280 2566 1309 2594 et
1337 2562 1557 2599 Procuratori,
1585 2563 1614 2593 in
1654 2563 1773 2593 virtute
1807 2564 1919 2593 sancte
1957 2562 2146 2593 obedientie

330 2630 359 2656 et
386 2625 449 2655 sul)
475 2626 800 2656 excomunicationis
827 2635 911 2665 pena
938 2635 974 2656 ac
1002 2626 1065 2656 sub
1092 2634 1177 2666 pena
1204 2626 1403 2666 privationis
1430 2624 1615 2656 officiorum
1644 2629 1841 2661 vestrorum,
1860 2625 2099 2655 committimus
2117 2626 2147 2655 et

332 2687 542 2725 mandamus,
570 2691 736 2727 quatenus
761 2688 901 2718 eandem
930 2687 1146 2719 lolianninam
1175 2688 1215 2718 de
1242 2688 1389 2728 predicta
1427 2687 1629 2718 domuncula
1656 2687 1792 2717 omnino
1826 2687 2050 2718 reinvestiatis
2075 2684 2147 2726 (2),

331 2750 459 2780 omisso
485 2750 573 2779 omni
603 2750 682 2779 iuris
708 2750 814 2789 rigore
841 2753 941 2789 atque
969 2750 1184 2791 malignitate,
1211 2759 1270 2790 pro
1297 2759 1336 2780 eo
1363 2750 1468 2790 pretio
1495 2758 1562 2789 quo
1588 2749 1679 2780 alteri
1714 2749 1853 2780 eandem
1892 2749 2039 2786 locastis,
2076 2757 2149 2780 cas-

333 2812 440 2843 sando
466 2814 495 2842 et
522 2811 728 2842 annullando
755 2820 1002 2851 quamcumque
1028 2812 1127 2843 aliam
1167 2812 1408 2849 investituram,
1447 2811 1766 2851 quomodocumque
1803 2811 1895 2842 alteri
1922 2811 2054 2842 factam.
2079 2810 2148 2842 Nec

333 2882 435 2914 snper
463 2874 523 2904 lioc
549 2873 648 2904 aliam
674 2882 691 2904 a
719 2873 818 2903 nobis
844 2875 1030 2913 expectetis
1056 2874 1305 2914 replicationem
1326 2883 1384 2905 nec
1409 2874 1484 2905 alia.
1511 2873 1600 2904 Bene
1627 2873 1745 2904 valete.
1773 2872 1897 2911 Rome,
1935 2874 1987 2904 die
2013 2872 2066 2904 Vll
2093 2873 2149 2904 de-

331 2936 486 2973 cembriS‚
515 2933 795 2967 MCCCCLXXX
823 2939 951 2975 quarto.
980 2934 1106 2975 Signat.
1135 2935 1245 2967 Frater
1272 2934 1479 2976 Serapliinus
1505 2935 1614 2966 scriba
1640 2937 1670 2966 et
1697 2939 1892 2975 procurator
1918 2934 2066 2967 Ordinis.

396 3092 493 3114 :ilcioe
510 3093 585 3113 vicino
599 3093 643 3113 alla
660 3097 787 3117 suppressa
797 3092 874 3112 chiesa
884 3092 905 3112 di
922 3091 944 3112 S.
955 3091 1112 3117 Cruce,gi;‘idi
1123 3092 1145 3113 S.
1157 3092 1244 3117 Biagio.
1327 3092 1356 3116 (2)
1372 3092 1428 3113 Vcdi
1445 3092 1458 3112 il
1475 3092 1615 3113 documento
1631 3092 1690 3118 degli
1709 3093 1728 3112 ll
1746 3092 1844 3117 genunio
1863 3092 1919 3114 1485.
