2347 3444
330 193 374 226 86

1058 383 1415 426 CCXXXVII.

417 497 474 525 Gli
500 496 694 525 Eremitani
720 496 755 524 di
781 496 816 525 S.
843 496 1017 532 Agostino
1043 499 1231 532 ottengono
1257 493 1315 521 dal
1341 493 1440 521 Duca
1466 492 1667 520 Francesco
1693 491 1818 520 Sforza
1836 491 1870 519 la
1889 491 2067 520 conferma
2085 491 2140 520 dei

328 550 492 586 privilegi
518 550 594 578 loro
620 550 800 579 accordati
826 549 884 578 dai
910 540 1085 577 Viscont'i.

947 643 1094 674 1430,
1114 642 1448 672 settelrxbre,
1468 641 1521 666 4.

799 732 865 752 ‘Bibl
883 731 947 752 Univ,
966 731 986 751 di
1004 730 1073 751 l'avin
1089 741 1114 744 κ
1130 729 1186 751 Cod⁴
1203 735 1224 750 n.
1240 730 1287 755 ⁴28,
1304 729 1408 755 Pergam.
1426 729 1447 749 di
1463 728 1486 750 S.
1503 728 1634 754 Agostino).

403 890 507 1006 D
574 909 622 935 Ux
649 903 845 940 Mediolani,
872 904 933 934 etc.
960 901 1065 942 Papie
1092 901 1318 943 Anglerieque
1344 899 1469 934 Comes
1494 909 1532 933 ac
1558 899 1725 933 Cremone
1751 899 1928 932 Dominus.

683 964 917 1005 Supplicatum
944 966 995 996 est
1021 965 1120 996 nobis
1146 966 1239 1004 parte
1266 963 1403 1002 Prioris,
1429 963 1577 1001 fratrum,
1614 961 1762 1004 Capituli
1789 964 1819 994 et
1844 961 2043 995 Conventus
2080 961 2143 995 Or-

394 1064 415 1065 ?
439 1064 481 1065 W
543 1064 561 1065 ἡ
595 1028 685 1059 dinis
712 1027 955 1059 Heremitarum
993 1027 1100 1058 sancti
1138 1026 1318 1067 Augustini
1356 1026 1503 1058 civitatis
1541 1028 1654 1058 nostre
1692 1025 1796 1066 Papie
1823 1026 1854 1057 in
1881 1025 1986 1057 forma
2023 1025 2144 1058 subse-

328 1091 453 1130 quenti,
480 1090 658 1121 videlicet:

418 1152 644 1184 Illustrissinie
671 1151 844 1192 Princeps.
871 1151 991 1183 Felicis
1018 1151 1260 1182 recordationis
1286 1151 1535 1183 illustrissimus
1561 1151 1732 1192 quondam
1752 1150 1916 1182 Iohannes
1935 1149 2059 1182 Galeaz
2078 1150 2144 1191 pri-

329 1223 401 1245 mus
429 1213 505 1245 Dux
532 1218 609 1245 tunc
637 1213 803 1245 Dominus
830 1214 1015 1245 Mediolani
1042 1222 1080 1245 ac
1107 1211 1232 1245 Comes
1258 1213 1434 1251 Virtutum,
1472 1214 1524 1245 cui
1563 1223 1623 1254 pro
1660 1216 1753 1254 parte
1789 1213 1936 1244 fidelium
1975 1215 2143 1245 oratorum

327 1279 515 1308 conventus
541 1277 669 1308 ordinis
696 1276 938 1308 Heremitarum
965 1276 1070 1307 sancti
1098 1275 1277 1317 Augustini
1305 1279 1415 1308 vestre
1442 1276 1588 1307 civitatis
1621 1274 1726 1316 Papie
1760 1275 1987 1315 supplicatum
2015 1275 2075 1306 tuit
2100 1284 2142 1307 ex

328 1348 367 1370 eo
394 1339 470 1379 quia
497 1339 538 1369 ad
566 1341 768 1370 conventum
796 1339 905 1379 ipsum
932 1347 1096 1370 accessus
1132 1336 1410 1370 Cliristit‘idelium
1438 1338 1628 1378 prohibitus
1654 1340 1733 1375 erat,
1759 1346 1799 1369 eo
1825 1337 1916 1377 quod
1936 1338 1967 1368 in
1987 1337 2142 1369 citadella

327 1404 427 1439 esset,
454 1402 597 1432 devocio
623 1402 765 1433 ecclesie
791 1402 898 1433 sancti
925 1400 1116 1442 Augustini,
1143 1399 1342 1433 Conventus
1367 1400 1519 1432 eiusdem
1550 1402 1744 1432 cessaverat
1762 1400 2012 1440 cessabantque
2030 1400 2145 1432 elimo-

327 1464 421 1499 sime,
448 1472 508 1494 nec
536 1463 666 1495 Fratres
693 1464 724 1494 in
751 1464 826 1504 ipso
852 1466 1020 1495 conventu
1047 1463 1231 1495 residentes
1258 1463 1380 1494 habere
1400 1465 1553 1503 poterant
1579 1463 1869 1501 sustentationem,
1896 1471 1955 1503 per
1979 1471 2059 1494 suas
2086 1471 2145 1503 pa-

328 1529 436 1557 tentes
463 1526 598 1563 litteras,
625 1526 733 1557 eidem
761 1526 941 1557 conventui
969 1526 1013 1557 ob
1038 1526 1258 1557 reverentiam
1286 1525 1470 1556 beatissimi
1496 1524 1688 1566 Augustini,
1714 1525 1809 1556 cuius
1835 1533 1960 1565 corpus
1979 1525 2009 1555 in
2028 1534 2142 1556 eorum

327 1588 471 1619 ecclesia
498 1588 695 1627 quiescebat
722 1590 820 1628 prout
853 1588 996 1628 quescit,
1034 1588 1201 1619 concessit
1231 1588 1321 1628 quod
1360 1588 1468 1619 eidem
1507 1587 1647 1627 relinqui
1674 1589 1704 1618 et
1730 1588 1761 1618 in
1799 1588 1873 1628 pios
1911 1596 1994 1619 usus
2031 1588 2144 1628 legari,

328 1650 400 1681 sive
427 1651 509 1681 inter
536 1651 644 1687 vivos,
670 1650 743 1682 sive
771 1651 801 1681 in
829 1651 944 1682 ultima
971 1650 1153 1687 voluntate,
1186 1650 1281 1681 aliter
1317 1650 1648 1690 quomodocumque,
1685 1651 1826 1690 possent
1850 1651 1897 1681 tot
1923 1650 2144 1690 proprietates

331 1715 362 1743 et
389 1713 476 1744 bona
514 1713 707 1751 immobilia,
741 1722 882 1753 quorum
909 1713 1041 1744 fructus
1067 1715 1099 1744 et
1124 1713 1276 1744 redditus
1312 1713 1354 1744 ad
1392 1721 1556 1744 summam
1592 1714 1813 1744 trecentorum
1847 1712 2048 1743 florenorum
2086 1721 2145 1744 an-

329 1776 453 1806 nuatim
480 1775 664 1806 ascendere
691 1778 842 1815 possent,
880 1776 1051 1816 aliquibus
1088 1776 1233 1807 decretis
1259 1776 1331 1807 suis
1357 1784 1416 1807 seu
1443 1775 1577 1807 statutis
1614 1778 1644 1807 et
1681 1775 1936 1816 provisionibus
1973 1776 2144 1807 civitatum

329 1840 360 1868 et
386 1840 545 1868 terrarum
572 1846 721 1875 suarum,
748 1838 820 1869 sive
846 1838 990 1869 alicuius
1016 1846 1129 1869 earum
1158 1838 1189 1868 in
1216 1838 1418 1869 contrarium
1459 1837 1719 1878 disponentibus
1757 1846 1969 1878 nequaquam
2007 1838 2145 1869 obstan-

327 1899 429 1937 tibus,
456 1902 553 1939 prout
579 1900 610 1930 in
637 1900 722 1940 ipsis
749 1900 865 1931 litteris
892 1900 998 1932 lacius
1024 1900 1214 1931 continetur
1238 1900 1326 1931 datis
1352 1899 1456 1940 Papie
1474 1900 1527 1931 die
1545 1899 1600 1931 XII
1620 1900 1737 1931 Marcii
1758 1898 2070 1932 MCCCLXXXXV
2084 1897 2144 1941 (l).

330 1961 398 1993 Has
425 1962 550 1993 litteras
576 1962 762 1994 clarissime
788 1963 946 1994 memorie
973 1962 1222 1994 illustrissimus
1241 1963 1412 2003 quondam
1431 1963 1589 1994 dominus
1608 1962 1761 2003 Filippus
1779 1963 1886 1994 Marie
1905 1962 1983 1994 Dux
2002 1965 2033 1994 et
2050 1972 2146 1994 socer

330 2023 446 2055 Vestre
488 2023 735 2056 Dominationis
762 2033 821 2065 per
854 2033 935 2056 suas
977 2026 1130 2065 patentes
1172 2025 1309 2063 litteras,
1351 2025 1448 2057 datas
1488 2025 1674 2057 Mediolani
1716 2025 1769 2057 dle
1810 2024 1955 2066 XXVIII]
1999 2025 2139 2056 Ianuarii

331 2084 617 2118 MCCCCXXXV
643 2087 853 2118 confirmavit
879 2090 908 2118 et
934 2087 975 2118 de
1002 2096 1090 2118 novo
1116 2088 1286 2119 concessit
1304 2085 1364 2126 (2).
1384 2087 1502 2125 Etiam,
1522 2087 1748 2119 Illustrissime
1767 2086 1940 2128 Princeps,
1960 2088 2145 2128 prelibatus

332 2148 489 2179 dominus
517 2148 680 2180 loliannes
707 2148 832 2181 Galeaz
858 2159 916 2190 per
942 2150 1026 2181 alias
1052 2159 1132 2181 suas
1170 2152 1324 2190 patentes
1361 2150 1487 2181 litteras
1524 2149 1640 2188 Priori,
1678 2149 1849 2181 Fratribus
1885 2152 1917 2181 et
1954 2148 2144 2182 Conventui

331 2210 479 2250 predicte
505 2211 627 2241 domus
654 2211 760 2242 sancti
788 2210 967 2252 Augustini
994 2212 1174 2249 concessit,
1200 2212 1291 2252 quod
1319 2213 1349 2243 in
1377 2213 1500 2245 causis.
1526 2221 1612 2252 quas
1638 2214 1753 2244 contra
1779 2212 1893 2253 laycos
1919 2221 2052 2244 movere
2087 2213 2145 2244 lla-

332 2273 458 2310 berent,
486 2274 529 2304 uti
557 2276 697 2314 possent
723 2276 754 2305 et
779 2274 937 2315 gaudere,
964 2283 1031 2315 quo
1050 2275 1091 2306 ad
1111 2274 1191 2306 littis
1210 2275 1465 2313 ordinationem,
1484 2278 1513 2306 et
1532 2274 1735 2306 decisionem
1756 2275 1918 2306 beneficio
1937 2275 2147 2306 decretorum

336 2344 472 2366 suorum
491 2344 529 2366 ac
547 2337 746 2367 statutorum
767 2337 939 2368 civitatum
966 2339 1195 2377 terrarumque
1214 2346 1361 2375 suarum,
1381 2337 1466 2378 ipsis
1484 2346 1581 2369 versa
1599 2337 1672 2368 vice
1690 2345 1726 2368 se
1744 2337 2003 2369 subiicIentibus
2029 2346 2148 2370 versus

335 2397 450 2438 laycos
477 2406 536 2437 pro
563 2398 739 2438 premissis
765 2399 981 2439 dispositioni
1009 2399 1218 2430 decretorum
1246 2402 1275 2431 et
1302 2402 1501 2431 statutorum
1543 2400 1780 2440 predictorum,
1807 2402 1905 2439 prout
1931 2400 1962 2431 in
1989 2401 2073 2440 Ipsis
2099 2400 2151 2432 lit-

336 2460 414 2490 teris
441 2459 573 2499 plenius
599 2461 784 2492 centinetur
808 2461 896 2492 datis
922 2460 1026 2502 Papie
1045 2462 1098 2493 die
1117 2461 1204 2502 XXIJ
1232 2461 1375 2503 Augusti
1395 2460 1732 2502 MCCCLXXXXVJ,
1751 2463 1869 2502 quarta
1889 2462 2070 2493 indictione
2088 2459 2148 2502 (3).

336 2520 430 2558 Quas
456 2522 590 2561 quidem
618 2522 744 2554 litteras
771 2523 956 2563 prelibatus
982 2524 1141 2555 dominus
1167 2523 1244 2555 Dux
1272 2523 1451 2565 PInIIppus
1477 2524 1585 2555 Maria
1609 2524 1708 2555 etiam
1735 2532 1793 2564 per
1817 2532 1898 2555 suas
1924 2527 2078 2564 patentes
2097 2524 2148 2556 lit-

336 2586 422 2614 teras
448 2584 657 2616 contirmavit
684 2588 714 2616 et
741 2586 781 2616 de
809 2595 897 2617 novo
924 2587 1104 2618 concessit.

426 2644 588 2685 Dignetur
614 2647 725 2686 itaque
752 2648 1038 2679 excellentissima
1067 2647 1260 2680 Dominatio
1286 2648 1405 2680 Vestra
1430 2658 1495 2689 que
1521 2649 1689 2680 civitatem
1716 2647 1820 2689 Papie
1846 2649 2010 2689 gubernat
2036 2650 2067 2681 et
2091 2649 2152 2681 ob-

338 2707 428 2743 tinet,
454 2707 497 2737 ol)
524 2709 748 2739 reverenciam
776 2709 894 2749 prefati
923 2711 1108 2742 beatissimi
1136 2710 1327 2751 Augustini,
1354 2712 1451 2742 binas
1477 2711 1720 2742 concessiones
1748 2711 1939 2742 huiusmodi
1967 2720 2026 2751 per
2051 2712 2149 2752 preli-

341 2769 452 2800 batum
480 2770 650 2800 dominum
679 2769 806 2802 Ducem
834 2771 1012 2804 Iohannem
1039 2771 1162 2804 Galeaz
1190 2773 1307 2811 factas,
1345 2775 1576 2813 sequutasque
1615 2773 1886 2805 confirmationes
1919 2776 1950 2805 et
1987 2774 2028 2806 de
2064 2783 2153 2805 novo

340 2831 581 2862 concessiones
618 2831 835 2863 illustrIssimi
863 2834 987 2865 domini
1016 2833 1120 2866 Ducis
1148 2834 1268 2875 Filippi
1295 2835 1402 2866 Marie
1428 2838 1459 2867 et
1485 2835 1516 2866 in
1542 2836 1591 2866 eis
1628 2839 1794 2875 contenta,
1820 2846 1862 2869 ex
1888 2840 1977 2869 certa
2013 2838 2153 2870 scientia

401 2988 431 3010 tl)
447 2988 501 3008 Vcdi
519 2988 569 3008 doc.
586 2994 607 3008 n,
624 2988 689 3009 cxli.
1279 2999 1322 3013 non
1346 2994 1438 3014 ostante
1456 2993 1476 3014 le
1498 2995 1576 3014 nostre
1599 2993 1698 3015 ricerclic
1723 2995 1758 3015 nei
1780 2995 1864 3016 diversi
1884 2995 1946 3016 tondi
1968 2996 2106 3017 archivistici
2129 2996 2150 3017 di

401 3032 431 3055 (2)
447 3032 502 3053 Vedi
519 3032 569 3053 doc.
587 3039 607 3053 n.
625 3032 721 3054 CXCIII.
1285 3036 1353 3058 Pavia
1369 3043 1381 3058 e
1396 3037 1418 3058 di
1434 3037 1529 3058 Milano.

402 3077 431 3100 (3,
464 3076 514 3097 Non
529 3077 547 3098 ei
564 3077 575 3097 e
595 3079 658 3098 stato
681 3077 791 3103 possibile
807 3078 828 3098 di
845 3078 956 3100 rinvenirc
979 3082 1063 3105 questo
1085 3080 1225 3102 documento
