2347 3444
1921 192 1962 222 89

111 334 114 335 ⁷
151 320 318 362 theologie
346 322 514 361 magister,
541 330 578 352 ac
605 321 814 362 venerabiles
833 323 863 352 et
882 321 1027 361 religiosi
1054 321 1179 352 domini
1200 320 1298 352 frater
1318 320 1465 361 Rapliael
1489 322 1530 352 de
1559 320 1698 361 Rapallo
1722 322 1833 357 lector,
1862 322 1961 354 trater

151 381 269 414 Petrus
295 383 336 414 de
363 382 486 421 Durne,
514 383 613 414 frater
639 383 804 414 Antonius
830 384 871 414 de
898 382 1016 415 Caxali
1045 383 1201 423 magister
1218 383 1430 414 studencium
1450 383 1527 414 dicti
1547 382 1695 421 Ordinis,
1715 383 1813 414 frater
1833 384 1963 415 Luelias

150 445 191 475 de
218 444 364 482 Boemia,
392 445 490 476 frater
516 444 650 485 Gaspar
674 446 715 476 de
742 444 856 485 Papia,
883 445 981 477 frater
1007 444 1198 476 Bernardus
1224 445 1265 476 de
1293 444 1404 482 mens,
1423 445 1521 476 frater
1536 444 1791 476 Bertliolameus
1817 446 1857 476 de
1884 445 1964 476 l’or-

151 506 273 544 charia,
299 506 397 538 frater
423 506 643 547 Tliomaynus
669 507 710 538 de
736 506 909 547 Pergamo,
936 507 1034 538 frater
1059 506 1206 538 Zaninus
1232 507 1272 538 de
1300 507 1422 543 Laude,
1450 507 1548 538 frater
1567 506 1732 538 Antonius
1750 508 1791 538 de
1812 507 1963 541 Astariis.

150 567 249 599 frater
286 567 496 609 Augustinus
521 570 562 600 de
591 568 782 606 Eustacliio,
820 569 918 600 frater
943 568 1197 600 Bertliolameus
1231 569 1271 600 de
1307 567 1434 605 Cumis,
1462 568 1560 599 frater
1587 568 1796 609 Augustinus
1823 570 1862 600 de
1891 569 1966 600 l'la-

150 630 276 667 cencia,
302 632 333 661 et
360 630 459 662 frater
486 630 660 662 Euxebius
686 631 726 662 de
754 631 912 671 Legeriis,
938 640 1056 662 omnes
1083 630 1200 662 fratres
1227 630 1371 670 professi
1398 631 1476 662 dicti
1504 629 1652 668 Ordinis,
1672 631 1832 662 facientes
1858 634 1888 662 et
1917 641 1965 663 re-

151 694 384 731 presentantes
410 694 513 723 totum
541 695 570 723 et
597 693 760 733 integrum
788 691 979 733 Capitulum
1007 693 1085 724 dicti
1113 692 1261 730 Ordinis,
1299 702 1357 724 seu
1397 692 1473 732 plus
1511 702 1609 732 quam
1649 693 1734 724 duas
1773 696 1883 733 partes
1922 703 1962 724 ex

150 753 256 785 tribus
283 754 434 793 partibus
460 754 610 785 eiusdem
637 755 785 794 capituli,
811 756 919 786 dunno
946 755 1134 786 Investi'tnrn
1155 757 1311 794 perpetua
1337 764 1357 785 α
1385 754 1522 793 Gt'orgi'o
1555 754 1676 790 Vecclu',
1705 755 1745 785 de
1771 756 1873 785 domo
1901 764 1963 786 una

151 818 278 846 murata
304 818 334 847 et
360 818 492 856 cupata,
519 825 593 847 cum
620 817 721 853 curia,
747 826 885 857 canepa,
912 818 1048 857 putueo,
1075 817 1197 848 solario
1223 819 1253 848 et
1279 817 1353 848 aliis
1380 817 1451 848 suis
1479 817 1653 853 hedificiis,
1680 817 1742 847 sita
1770 818 1799 847 in
1831 817 1964 848 civitate

151 876 266 917 Papie,
293 877 322 908 in
350 876 448 908 Porta
474 876 506 909 S.
534 878 700 915 loliannis‚
727 879 757 909 in
785 874 942 918 parochia
969 878 1000 911 S.
1026 879 1210 916 Laurencii,
1234 879 1290 919 pel
1314 888 1438 910 canone
1472 888 1580 910 annuo
1606 879 1641 910 di
1665 879 1780 918 cuique
1808 878 1925 918 florini
1949 889 1965 911 e

147 948 230 971 nove
251 940 364 979 grossi
387 940 430 972 da
451 941 592 980 pogorsi'
616 940 650 971 cil
670 941 775 981 prirno
798 942 943 980 gosmato
968 941 1084 981 cl'ogni
1107 950 1204 972 anno.

947 1087 1159 1129 CCXLI.

238 1195 375 1224 Laseiti
401 1196 435 1224 di
462 1196 613 1225 Baldino
639 1197 760 1225 Maffei
787 1206 806 1225 a
833 1197 954 1225 favore
980 1197 1014 1225 di
1041 1198 1076 1226 S.
1104 1198 1286 1226 Mostiola.

828 1301 971 1333 1451‚
991 1302 1191 1333 aprile,
1212 1301 1302 1326 28.

719 1388 794 1412 (Atell.
812 1389 891 1410 Notat.
909 1389 929 1409 di
947 1388 1024 1410 Pavial
1041 1400 1062 1402 —
1081 1389 1128 1410 Atti
1144 1389 1165 1409 di
1182 1389 1286 1409 Nicolino
1302 1389 1397 1414 Siclerif

166 1460 167 1535 l
224 1475 333 1592 T
395 1493 660 1520 ESTAMENTUM
686 1487 817 1519 Baldini
845 1489 885 1520 de
913 1488 1047 1520 Matfeis
1074 1488 1117 1528 lq.
1146 1479 1315 1526 Iohannis,
1342 1489 1539 1520 habitatoris
1573 1487 1720 1529 Papie....
1756 1488 1832 1519 Vult
1858 1493 1888 1519 et
1915 1489 1964 1519 di-

165 1536 167 1603 }
417 1552 574 1592 sponit....
601 1551 703 1591 quod,
729 1552 931 1583 adveniente
957 1551 1010 1583 die
1037 1551 1150 1582 obitus
1176 1551 1239 1588 sui,
1265 1559 1389 1590 corpus
1415 1559 1513 1581 suum
1540 1550 1674 1590 sepeliri
1693 1551 1816 1582 debeat
1842 1551 1883 1581 ad
1910 1560 1965 1582 ec-

165 1607 167 1623 '
418 1613 556 1644 clesiam
583 1614 698 1644 sancte
725 1612 898 1644 Mustiolle
925 1612 1012 1644 dicte
1031 1613 1178 1644 civitatis
1204 1612 1319 1653 Papie,
1334 1613 1375 1644 ad
1392 1622 1491 1653 quam
1511 1613 1583 1652 ipse
1603 1614 1741 1644 testator
1759 1612 1963 1652 singularem

149 1676 233 1716 gerit
257 1676 473 1707 devotionem
499 1678 530 1707 et
555 1675 596 1706 ad
623 1684 723 1715 quam
751 1676 823 1715 ipse
849 1677 988 1706 testator
1013 1675 1076 1706 sibi
1104 1675 1310 1715 sepulturam
1348 1675 1460 1715 ellegit
1485 1677 1517 1706 et
1542 1675 1647 1715 elligit
1651 1700 1712 1706 ......
1740 1674 1815 1706 ltem
1822 1700 1882 1705 ......
1909 1675 1965 1706 dat

149 1739 181 1768 et
207 1737 295 1778 legat
320 1735 478 1777 Capitulo
505 1746 563 1768 seu
590 1737 771 1768 conventui
798 1737 885 1768 dicte
911 1737 1054 1769 ecclesie
1081 1740 1196 1769 sancte
1221 1737 1395 1768 Mustiolle
1420 1737 1568 1768 florenos
1605 1737 1799 1776 quinque...
1826 1746 1886 1776 pro
1913 1745 1965 1768 se-

150 1799 293 1839 pultura,
320 1808 380 1831 seu
406 1793 560 1839 r‘espectu
587 1799 768 1839 sepulture,
788 1799 829 1830 ad
849 1798 956 1839 ipsam
975 1799 1153 1830 ecclesiam
1180 1799 1342 1830 ellecta....
1360 1798 1436 1830 Item
1453 1799 1509 1830 dat
1527 1801 1558 1830 et
1585 1799 1671 1838 legat
1689 1798 1780 1830 dicto
1806 1796 1964 1838 Capitulo

149 1863 181 1893 et
206 1870 266 1893 seu
293 1860 483 1893 Conventui
510 1862 599 1892 dicte
626 1860 776 1892 Ecclesie
803 1862 917 1892 sancte
944 1861 1117 1892 Mustiolle
1145 1861 1247 1892 libras
1273 1870 1333 1892 sex
1361 1861 1475 1901 imper.
1502 1870 1575 1892 cum
1602 1869 1701 1891 onere
1727 1862 1837 1892 tamen
1868 1860 1958 1900 quod

149 1926 289 1965 agentes
326 1924 460 1955 nornine
497 1923 576 1955 dicti
615 1921 762 1963 Capituli
789 1925 820 1954 et
846 1931 904 1954 seu
931 1921 1130 1955 Conventus
1167 1923 1348 1954 cellebrare
1386 1923 1531 1954 debeant
1556 1923 1598 1954 ad
1624 1923 1746 1954 dictam
1786 1922 1962 1954 ecclesiam

150 1988 267 2018 sancte
292 1986 476 2023 Mustiolle,
503 1995 563 2026 pro
589 1986 699 2016 anima
737 1986 845 2025 ipsius
882 1985 1052 2016 testatoris
1100 1987 1131 2016 et
1157 1986 1188 2016 in
1214 1985 1447 2017 remissionem
1485 1987 1698 2025 peccatorum
1733 1993 1881 2022 suorum,
1916 1985 1968 2015 bis

152 2049 275 2080 missas
301 2049 408 2080 sancti
435 2047 589 2089 Gregorii
617 2050 647 2079 et
674 2048 704 2079 in
732 2048 805 2079 eius
843 2048 1080 2079 reverenciam.
1118 2047 1206 2080 Sono
1228 2048 1373 2088 presenti
1396 2056 1486 2079 come
1511 2048 1695 2078 testirnom':
1723 2047 1908 2078 reverendo
1935 2047 1966 2077 in

151 2109 287 2143 Christo
313 2112 406 2151 patre
431 2119 525 2142 sacre
550 2111 672 2151 pagine
710 2110 902 2150 professore
941 2111 1101 2150 magistro
1139 2109 1316 2141 Laurentio
1341 2110 1382 2141 de
1408 2109 1545 2141 Billis...
1584 2109 1683 2141 fratre
1720 2109 1891 2140 Bertolino
1924 2110 1965 2140 de

151 2172 269 2205 Bassis
295 2172 434 2205 Ordinis
452 2171 500 2212 (l)
526 2175 642 2204 sancte
669 2172 842 2203 Mustiolle
869 2172 1055 2212 papiensis.

939 2328 1177 2370 CCXLII.

242 2440 485 2476 Disposizioni
521 2439 788 2468 testamentarie
814 2438 869 2466 del
895 2438 975 2466 nob.
1010 2438 1210 2466 Francesco
1242 2437 1413 2466 Eeccaria
1439 2437 1473 2465 di
1499 2437 1537 2468 S.
1570 2437 1714 2465 Alessio
1740 2445 1760 2465 a
1785 2437 1906 2465 favore
1932 2436 1966 2465 di

155 2494 190 2523 S.
217 2493 400 2522 Mostiola.

806 2543 946 2574 1461,
975 2543 1210 2574 gi11g1109
1238 2541 1324 2567 27.

670 2632 746 2655 (Arcu.
764 2631 843 2652 Notat.
860 2631 882 2651 di
899 2630 976 2651 Pavia.
993 2641 1018 2643 μ
1033 2630 1080 2651 Atti
1097 2630 1118 2650 di
1137 2629 1253 2650 Lodovico
1269 2629 1444 2655 Strazzapatti).

170 2684 173 2702 l

398 2747 630 2775 ESTAMENTO
656 2742 709 2774 del
732 2742 807 2773 nob.
836 2740 1059 2772 Francisclius
1085 2739 1126 2770 de
1141 2738 1304 2770 Becharia
1322 2739 1363 2770 de
1382 2740 1500 2770 saneto
1519 2737 1663 2777 Messio,
1683 2739 1727 2779 tq.
1747 2737 1786 2769 D.
1806 2738 1967 2773 Ludrixii.

227 2729 336 2845 T
392 2784 393 2837 l
420 2805 473 2836 nel
496 2804 594 2846 quale
618 2806 648 2836 si
671 2804 808 2845 dispone
831 2803 882 2843 fra
908 2803 989 2834 altro
1015 2802 1072 2833 clze
1097 2802 1127 2833 si
1150 2800 1301 2833 debbano
1327 2801 1517 2841 dispensari
1545 2801 1746 2832 becondiam
1782 2809 1880 2831 unam
1907 2809 1966 2840 pa-

172 2858 174 2902 l
393 2896 394 2899 ,
423 2868 573 2908 piensem
600 2867 667 2898 vini
694 2869 724 2898 et
750 2866 873 2898 saclios
900 2868 966 2897 tres
992 2864 1175 2905 papienses
1200 2863 1354 2895 furmenti
1392 2864 1481 2894 omni
1507 2872 1606 2901 anno,
1633 2872 1693 2903 pro
1718 2863 1828 2894 anima
1859 2863 1967 2902 ipsius

214 3024 244 3047 (1)
259 3023 401 3045 Cliiamiaino
417 3025 566 3045 l'attenzione
582 3025 679 3045 sull'uso
702 3024 760 3044 della
784 3024 862 3049 parola
888 3023 994 3046 Ordinisv
1017 3022 1036 3041 la
1093 3021 1222 3045 significare
1238 3026 1282 3040 non
1299 3020 1470 3046 proprininente
1485 3019 1596 3040 l'lstituto
1609 3019 1724 3045 Religioso
1740 3019 1914 3041 direttamentc:
1931 3024 1966 3038 ma

163 3068 231 3094 quale
247 3073 328 3094 presso
344 3068 349 3089 i
366 3068 432 3089 Notas
448 3074 460 3089 e
477 3074 557 3094 presso
574 3069 586 3088 il
603 3069 690 3094 popolo
706 3074 743 3088 era
764 3068 891 3093 adopt—ratu
915 3067 1009 3087 talvolta
1025 3072 1038 3086 ιι
1095 3065 1281 3085 indirettmnente
1301 3065 1363 3085 cosi:
1392 3064 1490 3085 Ordinis
1509 3065 1538 3087 (al
1564 3064 1632 3089 quale
1656 3063 1792 3089 appartient*
1808 3063 1821 3083 il
1837 3062 1967 3083 convento)

1941 3116 1963 3134 12
