2347 3444
301 213 338 244 12

298 345 364 376 bati
391 346 421 376 et
446 341 640 380 Canonicis‚
678 342 810 373 nomine
847 341 926 373 dicti
953 340 1145 372 monasterii
1172 341 1202 371 et
1228 338 1364 379 capituli
1391 337 1554 375 eiusdem,
1579 336 1671 376 quod
1697 336 1775 367 dicti
1808 335 1935 367 domini
1961 334 2056 367 Prior
2082 337 2113 367 et

297 407 426 443 fratres,
453 405 585 437 nomine
609 405 688 436 dicti
715 403 852 444 capituli
879 405 910 434 et
935 404 1124 434 conventus
1150 402 1351 442 paraverunt
1376 408 1414 431 ac
1441 400 1577 440 paratos
1603 400 1634 430 et
1660 399 1822 438 paratum,
1838 406 1899 438 pro
1913 406 2027 429 eorum
2044 405 2113 429 me-

299 470 421 501 dietate
447 477 484 500 ac
510 468 622 499 debita
649 469 680 498 et
705 465 910 506 contingenti
927 465 1091 506 portione,
1107 463 1237 504 lapides
1263 465 1293 495 et
1320 464 1518 497 zementum,
1536 469 1575 492 ac
1594 461 1731 501 paratos
1749 459 1920 491 habebunt
1938 461 1969 491 et
1988 459 2109 491 habere

300 531 474 563 intendunt
501 531 532 561 in
558 529 749 561 ebdomoda
776 528 928 568 proxime
955 526 1064 558 futura
1091 525 1281 566 magistros,
1307 524 1448 565 opifices
1474 526 1504 555 et
1530 523 1738 554 laboratores
1763 521 1949 553 occaxione
1964 521 2112 553 construi

300 595 330 625 et
356 593 442 624 refici
469 591 613 623 faciendi
640 599 769 621 murum
797 589 982 629 predictum
1010 587 1092 619 infra
1120 595 1270 618 mensem
1297 589 1395 626 prout
1421 586 1452 616 in
1478 585 1596 616 eadem
1623 584 1796 616 sentencia
1822 583 2019 614 continetur.

390 654 427 685 Et
454 663 494 685 ne
521 653 584 693 ipsi
611 652 737 683 domini
764 651 881 682 Abbas
907 653 938 682 et
963 648 1139 686 Canonici,
1177 649 1218 680 de
1256 649 1329 689 ipsa
1366 647 1617 679 constructione
1643 647 1673 678 et
1699 645 1878 677 retectione
1926 645 2006 676 dicti
2033 644 2116 676 muri

301 717 420 753 fienda,
447 715 642 756 pretendere
669 714 801 754 possint
826 713 973 753 aliquam
1016 712 1236 751 ignorantiam
1264 711 1355 751 quod
1382 710 1534 742 similiter
1560 709 1623 750 ipsi
1650 708 1776 740 domini
1803 707 1921 739 Abbas
1946 710 1976 739 et
2001 705 2114 739 Cano-

301 779 363 810 nici
391 778 523 809 nomine
549 777 628 807 dicti
656 774 848 806 monasterii
876 782 994 814 parare
1020 776 1050 805 et
1077 773 1185 813 parari
1212 772 1321 804 facere
1347 772 1494 803 debeant
1512 771 1644 812 lapides
1662 773 1693 802 et
1719 772 1906 802 zementum
1925 778 1963 801 ac
1980 777 2114 800 omnem

301 841 399 872 aliam
427 839 597 870 materiam
625 837 863 873 necessariam,
890 845 950 867 nec
977 844 1042 866 non
1069 835 1260 875 magistros,
1287 835 1428 875 opifices
1446 836 1477 865 et
1496 834 1703 865 laboratores
1729 841 1789 873 pro
1816 831 2065 864 constructione
2084 833 2115 862 et

303 902 482 933 refectione
509 900 590 931 muri
618 899 757 940 predicti
785 899 815 929 in
843 898 917 938 ipsa
943 897 1134 929 ebdomoda
1161 897 1313 937 proxime
1339 895 1460 933 futura,
1487 896 1530 927 ita
1548 896 1579 927 et
1604 895 1711 926 taliter
1737 894 1827 935 quod
1866 893 1951 925 infra
1987 895 2121 934 tempus

303 964 584 1004 comprehensum
613 963 643 992 in
670 962 758 992 dicta
785 961 955 992 sentencia
982 960 1024 991 sit
1050 962 1080 990 et
1106 967 1182 990 esse
1209 958 1330 989 debeat
1357 958 1429 998 ipse
1468 966 1582 988 murus
1619 958 1851 988 constructus:
1878 955 1983 987 Aliter
2007 955 2120 996 quoad

305 1025 455 1066 predicta
482 1025 592 1055 omnia
619 1024 706 1054 idem
732 1023 833 1054 frater
859 1022 1028 1053 Lucliinus
1054 1021 1145 1052 dicto
1163 1020 1346 1051 sindicario
1372 1022 1403 1051 et
1422 1019 1652 1059 procuratorio
1678 1019 1811 1050 nomine
1838 1020 2044 1058 protestatus
2062 1017 2124 1049 fuit

303 1091 333 1119 ct
360 1089 563 1128 protestatur
588 1087 629 1118 de
656 1086 814 1117 omnibus
848 1085 1016 1124 dampnis,
1043 1083 1205 1123 expensis
1231 1085 1262 1114 et
1288 1083 1451 1113 interesse
1478 1081 1591 1122 passis
1616 1083 1647 1112 et
1673 1080 1771 1112 factis
1797 1083 1828 1112 et
1853 1080 1975 1112 fiendis
2000 1088 2038 1111 ac
2065 1088 2124 1120 pa-

304 1151 434 1182 ciendis
461 1151 491 1180 in
519 1151 700 1190 posterum.
729 1146 836 1180 Cuius
874 1147 1009 1187 quidem
1047 1145 1331 1181 denunciationis,
1358 1144 1608 1181 notificationis,
1635 1143 1835 1181 oblacionis,
1862 1142 2124 1184 protestacionis

305 1216 335 1244 et
361 1213 510 1244 omnium
538 1211 763 1252 predictorum
791 1210 922 1250 copiam
950 1209 1037 1240 idem
1058 1208 1158 1239 frater
1176 1207 1345 1238 Lucliinus
1371 1207 1461 1238 dicto
1487 1206 1669 1237 sindicario
1687 1207 1717 1237 et
1736 1205 1965 1246 procuratorio
1992 1205 2125 1236 nornine

306 1275 437 1306 dimixit
463 1274 600 1305 affixam
628 1274 659 1304 in
686 1272 833 1304 claustro
859 1272 937 1302 dicti
966 1270 1157 1301 monasterii
1185 1270 1237 1301 siti
1265 1272 1299 1300 ut
1325 1277 1445 1309 supra;
1472 1268 1570 1300 dictis
1596 1268 1742 1299 dominis
1765 1267 1896 1299 Abbate
1923 1269 1953 1298 et
1978 1265 2127 1299 Canoni-

306 1338 355 1368 cis
382 1337 515 1367 nomine
542 1335 734 1366 monasterii
761 1334 919 1365 antedicti
947 1333 1071 1364 ibidem
1098 1332 1325 1373 presentibus,
1352 1331 1569 1362 audientibus
1595 1332 1626 1361 et
1653 1330 1918 1371 intelligentibus
1940 1338 1978 1360 ac
2003 1329 2125 1360 dictam

308 1399 439 1439 copiam
479 1398 632 1438 accipere
671 1396 916 1428 recusantibus.
945 1395 983 1426 Et
1009 1395 1085 1426 inde
1111 1394 1152 1425 de
1179 1394 1340 1434 predictis
1377 1393 1537 1424 omnibus
1562 1392 1674 1424 dictus
1706 1391 1807 1423 frater
1844 1391 2013 1423 Lucliinus
2038 1391 2129 1422 dicto

309 1461 491 1492 sindicario
517 1462 547 1491 et
574 1459 805 1500 procuratorio
845 1458 978 1489 nomine
1018 1458 1102 1488 lianc
1141 1458 1266 1488 cartam
1292 1456 1362 1487 fieri
1390 1455 1487 1486 iussit
1517 1457 1547 1486 et
1574 1454 1715 1495 rogavit,
1741 1454 1958 1494 presentibus
1983 1451 2130 1494 Symone

311 1522 423 1564 Spelta
451 1523 518 1554 filio
544 1522 669 1553 domini
698 1521 866 1557 Iohannis,
893 1520 1039 1551 Martino
1066 1519 1107 1550 de
1134 1518 1264 1550 Putheo
1290 1518 1357 1549 filio
1385 1517 1495 1558 lacopi
1522 1519 1553 1548 et
1580 1516 1724 1548 iohanne
1751 1515 1897 1557 Symone
1923 1516 1964 1548 de
1990 1515 2130 1547 Astulfis

312 1586 379 1616 filio
405 1585 576 1625 quondam
603 1584 729 1615 domini
757 1583 892 1614 Martini
921 1583 997 1613 inde
1024 1582 1180 1613 testibus.

403 1647 473 1688 Ego
500 1646 696 1678 Andriollus
722 1646 763 1677 de
790 1644 1008 1685 Guargualiis
1035 1647 1133 1675 natus
1168 1643 1339 1684 quondam
1366 1643 1491 1673 domini
1520 1641 1632 1673 Facini
1660 1641 1818 1682 publicus
1856 1641 2042 1682 papiensis,
2068 1642 2130 1672 etc.

1077 1818 1368 1859 CXXXIX.

402 1932 588 1968 Sepoltura
614 1931 648 1959 di
675 1931 765 1959 Gian
792 1930 971 1959 Galeazzo
998 1928 1162 1957 Visconti
1188 1927 1222 1955 in
1248 1928 1282 1956 S.
1310 1927 1492 1963 Agostino.

919 2036 1077 2066 1402,
1108 2034 1449 2063 settenrnt»re‚
1479 2033 1531 2057 :3-

811 2124 935 2145 ⁴ANNALES
951 2123 1170 2146 MEDlOLANENSES,
1187 2123 1209 2143 in
1225 2122 1278 2143 Rer.
1295 2122 1348 2142 ital.
1364 2122 1454 2147 script„
1471 2121 1528 2144 XVL
1544 2120 1649 2144 859-840).

586 2449 753 2488 portatum
780 2447 841 2478 fuit
867 2446 1007 2487 Papiam
1027 2444 1077 2485 (l)
1102 2448 1133 2477 et
1159 2446 1189 2476 in
1217 2445 1359 2476 ecclesia
1386 2443 1492 2475 sancti
1520 2442 1699 2483 Augustini
1728 2441 1947 2479 reconditum,
1973 2440 2135 2472 extractis

319 2511 496 2545 intestinis,
524 2512 621 2550 prout
648 2511 720 2550 ipse
758 2510 983 2546 ordinaverat,
1023 2509 1178 2539 videlicet
1216 2507 1372 2539 intestina
1410 2506 1532 2537 debere
1571 2505 1693 2545 portari
1733 2505 1774 2535 ad
1813 2503 1991 2535 ecclesiam
2029 2503 2136 2535 sancti

564 2328 614 2354 UX
640 2322 870 2354 Mediolani...
898 2322 951 2352 die
979 2321 1015 2352 lll
1042 2320 1245 2361 septembris
1271 2320 1358 2351 diem
1385 2327 1482 2349 suum
1510 2318 1631 2349 clausit
1656 2318 1885 2348 extremum...
1912 2314 2047 2356 Corpus
2061 2315 2137 2347 eius

587 2388 753 2425 portatum
782 2384 841 2415 fuit
867 2393 908 2415 ex
936 2386 1047 2415 castro
1074 2383 1267 2423 Melegnani
1295 2381 1522 2413 Viboldonum
1542 2379 1680 2411 Ordinis
1700 2379 1967 2410 Humiliatoruin.
2005 2377 2135 2410 Deinde

320 2572 452 2603 Antonii
482 2572 640 2609 Viennae,
667 2582 722 2603 cor
749 2572 779 2602 in
807 2571 951 2603 ecclesia
978 2571 1083 2602 sancti
1113 2570 1291 2601 Michaelis
1319 2568 1454 2609 Papiae,
1480 2576 1605 2608 corpus
1639 2576 1718 2598 vero
1744 2566 1785 2597 ad
1813 2564 2004 2598 Cartusiam
2037 2574 2138 2606 quam

320 2635 391 2674 ipse
419 2635 593 2673 magnifice
621 2638 649 2665 et
676 2637 876 2674 sumptuose
902 2634 1070 2665 aedificari
1098 2634 1241 2673 ceperat.

376 2794 406 2815 (l)
421 2792 518 2816 Quando
534 2792 567 2811 sin
583 2794 699 2812 avvenuto
716 2794 800 2816 questo
824 2793 943 2815 transpono
960 2796 1003 2810 non
1020 2790 1037 2810 si
1062 2789 1108 2815 put»
1131 2790 1202 2814 preci-
1257 2790 1322 2811 tium.
1339 2789 1378 2814 qui
1394 2794 1444 2808 cam
1460 2793 1526 2808 orum
1539 2787 1715 2813 percurrebant,
1733 2786 1876 2812 Papiumest
1887 2787 1985 2811 relatus,
1996 2791 2136 2812 quamquam

324 2842 383 2861 sare,
400 2836 450 2856 vedi
467 2836 486 2856 (i
511 2836 629 2859 l'x'tmmxm,
646 2835 675 2856 Dr
691 2841 737 2855 unu
754 2841 828 2855 ηιιιιιίι
844 2835 930 2860 [portasi
946 2835 1007 2855 ,κιιΙΙιι
1024 2836 1098 2854 murti·
1115 2841 1125 2854 v
1141 2835 1203 2854 sulla

325 2882 445 2906 sepultam
462 2881 486 2900 ili
503 2880 563 2900 (iiim
582 2880 701 2900 Galeas-:0
722 2880 834 2904 l'rsrnsiti,
851 2880 871 2899 in
888 2880 978 2899 Archiv,
1000 2881 1051 2899 star
1075 2880 1120 2899 rin!
1144 2879 1202 2898 serie

325 2925 351 2949 V,
368 2927 415 2945 torn
442 2924 487 2947 XX.
505 2925 605 2949 Fue-nze,
625 2924 680 2943 18⁹7.
703 2924 779 2944 Anclie
803 2924 951 2943 l'ereniitnno
974 2923 1063 2943 Andrea
1088 2923 1151 2943 inilia
1185 2923 1205 2942 in

326 2968 377 2989 li'er.
395 2969 447 2989 itui.
465 2969 533 2994 scrip.
552 2968 608 2993 Nix,
625 2968 657 2988 37·
676 2968 749 2988 scrivc
765 2968 805 2987 elie
821 2967 877 2987 (iinn
901 2967 1016 2987 (iaie-'imo
1039 2966 1060 2987 fu
1078 2969 1172 2992 portato
1187 2972 1199 2986 a

325 3013 346 3033 S.
365 3013 477 3037 Aaostino
493 3013 513 3033 di
532 3012 609 3037 l'avia,
627 3012 720 3037 quando
736 3018 801 3032 narra
818 3013 858 3032 clie
875 3012 957 3032 Fucino
983 3011 1044 3032 Cone
1067 3011 1088 3031 fu
1112 3012 1204 3036 sepulto

326 3058 346 3077 in
363 3057 441 3082 l'zivin,
458 3057 477 3077 ln
494 3057 553 3077 dove
574 3057 738 3077 Viri-comitum
762 3057 875 3081 reliquim-
891 3058 946 3076 xmif
962 3057 984 3076 ct
999 3056 1091 3081 antiqui
1116 3056 1205 3076 (Iuli-az

326 3103 348 3122 ct
409 3101 522 3122 Iohannis
538 3101 619 3121 itidem
638 3101 733 3121 Galeaz.
752 3100 811 3121 Num
827 3106 855 3120 cx
875 3100 1012 3121 Vi'tmldurm
1030 3102 1091 3120 metu
1115 3100 1206 3120 Tricen-

1259 2833 1350 2853 ‹iivitiis
1366 2832 1463 2857 ablutis,
1479 2837 1538 2857 quas
1551 2831 1618 2857 prius
1634 2831 1810 2851 contumulatus
1821 2831 1978 2851 narravimus,
1991 2830 2006 2850 ll
2018 2829 2136 2855 Rommo,

1258 2878 1300 2898 lor.
1319 2877 1356 2897 sirv
1374 2876 1441 2897 crede
1457 2876 1497 2896 clm
1514 2875 1570 2895 Gian
1586 2874 1702 2895 Galeazzo
1719 2875 1752 2895 sia
1768 2876 1831 2895 stato
1847 2876 1992 2899 trasportato
2007 2879 2019 2894 a
2036 2873 2057 2895 S⁴
2079 2874 2138 2900 Ago-

1261 2922 1322 2941 stino
1339 2923 1372 2941 tra
1389 2921 1402 2940 il
1421 2920 1469 2940 1404
1485 2920 1513 2940 ed
1530 2920 1542 2939 il
1562 2919 1618 2944 1406,
1635 2919 1728 2944 quando
1745 2919 1749 2939 i
1766 2918 1868 2940 Collconi
1885 2919 1906 2939 di
1923 2919 2020 2943 Trezzo,
2037 2918 2093 2939 uniti
2108 2918 2138 2939 ad

1257 2972 1285 2986 un
1302 2971 1356 2990 gran
1382 2970 1477 2985 nurnero
1493 2964 1514 2984 di
1531 2964 1588 2984 esuli
1613 2963 1734 2988 lombardi,
1760 2963 1911 2983 dominarono
1934 2963 2095 2984 incontrasfati
2118 2963 2138 2983 le

1260 3010 1304 3030 due
1320 3010 1367 3030 rive
1383 3009 1511 3030 dclvmldn,

1316 3054 1331 3074 Ε
1343 3054 1424 3079 poich-L·
1435 3053 1543 3073 abbiamo
1554 3053 1626 3073 citato
1638 3053 1651 3073 il
1663 3058 1730 3073 nome
1739 3053 1760 3073 di
1770 3052 1828 3073 frate
1838 3052 1928 3073 Andrea
1942 3053 2014 3077 Billia,
2027 3058 2071 3073 non
2087 3057 2141 3078 pos—

1260 3099 1334 3119 sinnio
1345 3098 1448 3119 esiiucrci
1461 3098 1497 3118 dal
1510 3097 1595 3118 riterire
1605 3097 1618 3118 il
1630 3098 1741 3123 seguente
1753 3097 1857 3123 periodo,
1869 3097 1910 3118 clie
1921 3097 1942 3118 di
1955 3097 1984 3118 lui
1996 3097 2081 3118 scrisse
2092 3097 2141 3123 giu-
