2347 3444
282 225 347 256 230

1059 409 1333 452 CDXLIX.

371 523 542 553 Lodovico
567 524 682 560 Spelta
706 524 821 559 elegge
847 523 877 550 la
901 530 963 549 sua
987 520 1158 556 sepultura
1183 518 1216 546 in
1240 518 1273 546 S.
1299 517 1468 546 Mostiola.

948 624 1087 653 1481,
1119 622 1320 654 z1p1-11e9
1352 622 1442 646 22.

828 722 904 746 (Atell,
923 722 1002 742 Notar.
1019 721 1040 741 di
1058 720 1128 741 Pavia
1143 730 1151 734 —
1167 720 1214 741 Atti
1230 719 1252 740 di
1269 719 1380 741 Riccardo
1397 718 1540 742 Ιῖονοεςςειῐα)Δ

528 821 616 848 ELLA
642 824 721 846 casa
747 813 800 845 del
823 815 998 849 testatore,
1028 812 1060 843 ιή
1085 811 1269 842 Parocclu'a
1295 810 1329 842 cli
1353 809 1386 842 S.
1413 809 1552 850 Fr'lippo.
1585 809 1791 840 Testamento
1817 808 1871 840 del
1895 807 2018 847 Signor
2039 807 2101 839 Lo-

346 805 468 921 N
549 880 664 910 dorico
690 877 803 918 Spelta
829 876 882 908 (tel
899 875 940 916 su
966 874 1108 912 Sirnone,
1134 874 1291 905 cittactitzo
1313 882 1445 914 pavese,
1472 872 1525 904 nel
1548 871 1646 912 quale
1671 872 1803 903 ordinat
1832 871 1923 911 quod
1950 871 2103 911 quando-

549 950 691 980 cumque
717 939 863 979 contigct
889 939 998 978 ipsum
1026 939 1216 968 testatorem
1244 936 1404 967 decedere
1429 935 1472 966 ab
1499 936 1560 966 hoc
1586 935 1710 972 seculo,
1729 935 1802 966 eius
1827 942 1950 975 corpus
1968 933 2100 974 sepeliri

283 1001 402 1037 debere
429 1005 469 1036 ad
496 1004 670 1035 ecclesiam
698 1004 811 1033 sancte
838 1001 998 1032 Mustiole
1025 999 1150 1040 Papie‚
1188 999 1243 1030 ubi
1270 1001 1300 1030 et
1327 999 1358 1030 in
1385 1007 1450 1039 qua
1477 998 1598 1038 sepulti
1633 999 1710 1028 sunt
1735 999 1967 1028 antecessores
1994 996 2102 1036 ipsius

283 1068 407 1099 domini
436 1066 604 1098 testatoris
630 1068 660 1096 et
687 1065 717 1095 in
744 1073 857 1095 eorum
885 1065 1111 1094 monumento.

1120 1228 1263 1269 CDL.

372 1341 600 1369 Testamento
627 1340 661 1368 di
688 1340 776 1367 frate
802 1339 941 1375 Filippo
968 1338 1100 1374 Sarego
1124 1337 1239 1374 prima
1265 1337 1299 1365 di
1325 1341 1493 1365 ernettere
1513 1335 1522 1363 i
1541 1335 1615 1364 voti
1634 1334 1792 1371 religiosi
1812 1335 1845 1362 in
1864 1334 1899 1362 S.
1919 1333 2100 1362 Mostiola.

951 1442 1089 1473 1481,
1121 1442 1358 1473 21112110,
1390 1441 1442 1466 6.

855 1532 931 1555 (Ascli.
949 1532 1029 1552 Notar.
1047 1531 1068 1551 di
1086 1530 1164 1551 Pax-ia.
1181 1542 1205 1544 —-
1222 1530 1269 1551 Atti
1286 1530 1307 1550 di
1325 1530 1428 1550 Nicolino
1444 1529 1540 1550 Siclerii.

392 1718 438 1833 I
534 1736 557 1761 N
583 1731 716 1761 nomine
742 1729 888 1765 Domini,
915 1738 1022 1760 amen.
1049 1728 1146 1759 Anno
1173 1728 1357 1759 nativitatis
1393 1727 1543 1758 eiusdem
1571 1726 1748 1758 millesimo
1775 1725 2107 1767 quadringentesimo

555 1793 786 1833 octuagesimo
813 1793 930 1832 primo,
957 1792 1124 1822 iudicione
1151 1790 1411 1831 quartadecima,
1449 1791 1546 1820 sexto
1580 1788 1673 1826 lunii,
1700 1789 1781 1818 hura
1808 1797 1904 1818 none.
1932 1787 1964 1818 ln
1991 1786 2106 1827 Papia,

363 1892 390 1893 ⁷⁷
556 1855 710 1886 videlicet
737 1855 767 1884 in
794 1854 907 1885 studio
934 1853 1055 1884 domus
1082 1852 1306 1883 habitacionis
1333 1853 1394 1883 mei
1422 1852 1540 1883 notarii
1569 1851 1781 1891 infrascripti,
1815 1850 1924 1890 posite
1951 1850 1981 1880 in
2009 1848 2108 1880 Porta

288 1917 454 1955 Damiani,
482 1918 511 1948 in
539 1917 698 1957 parocliia
724 1916 829 1947 sancti
857 1915 1015 1946 Iohannis
1042 1915 1072 1945 in
1100 1914 1222 1955 Burgo.
1250 1914 1364 1954 ibique
1391 1913 1526 1946 Gabriel
1554 1913 1594 1944 de
1621 1912 1793 1945 Seraticlio
1819 1912 1907 1943 tilius
1934 1911 2104 1952 quondam

288 1980 414 2010 domini
442 1979 549 2019 Filipi,
575 1982 606 2010 et
633 1979 688 2018 qui
716 1986 802 2008 nunc
829 1977 947 2008 dicitur
973 1979 1003 2008 et
1030 1977 1163 2008 nomine
1189 1977 1377 2017 appellatur
1402 1976 1501 2007 frater
1528 1975 1656 2016 Filipus
1682 1975 1722 2006 de
1749 1973 1932 2011 SeratichO,
1951 1974 2105 2004 novicius

288 2045 318 2073 et
345 2051 410 2073 non
438 2041 614 2082 professus
641 2041 833 2071 monasterii
860 2042 891 2071 et
917 2048 974 2071 seu
1001 2042 1189 2070 conventus
1215 2041 1328 2070 sancte
1356 2038 1516 2070 Mustiole
1543 2037 1656 2078 Papie,
1690 2036 1828 2069 Ordinis
1864 2037 1969 2068 sancti
1997 2035 2111 2077 Augu-

289 2105 377 2141 stini,
404 2104 523 2135 volens
550 2103 776 2143 nuncupative
803 2102 926 2140 testari,
965 2111 1061 2133 suum
1100 2102 1364 2142 nuncupativum
1402 2102 1636 2132 testamentum
1674 2100 1746 2131 sine
1779 2099 1912 2139 scriptis
1949 2098 2036 2135 fecit,
2062 2098 2111 2128 di-

291 2166 423 2206 sposuit
461 2168 491 2196 et
529 2166 697 2196 ordinavit
723 2173 760 2195 ac
786 2173 861 2195 esse
899 2164 1022 2201 voluit,
1060 2163 1216 2203 facitque,
1255 2163 1405 2203 disponit
1442 2165 1472 2193 et
1509 2162 1640 2193 ordinat
1678 2162 1708 2192 in
1747 2161 1833 2192 hunc
1860 2160 1995 2191 modum
2022 2160 2109 2191 etin

290 2228 448 2258 omnibus
473 2230 503 2258 et
531 2236 587 2267 per
613 2227 724 2257 omnia
751 2229 848 2267 prout
877 2226 959 2257 infra
987 2235 1043 2266 per
1069 2226 1202 2266 singula
1228 2226 1432 2256 continetur:
1460 2225 1492 2255 ln
1520 2225 1635 2265 primis
1673 2224 1807 2263 quidem
1834 2223 1978 2254 animam
2013 2230 2107 2253 suam

291 2290 533 2321 recomendans
560 2289 735 2320 Altissimo
761 2288 910 2321 Creatori
939 2288 1085 2319 Domino
1112 2290 1226 2319 nostro
1254 2287 1349 2319 lliesu
1376 2286 1524 2325 Christo,
1549 2287 1697 2318 cassavit
1722 2288 1752 2316 et
1778 2288 1888 2316 cassat
1926 2285 2037 2316 onmia
2063 2288 2110 2316 te-

293 2356 456 2383 stamenta
483 2361 668 2392 omnesque
694 2351 870 2382 codicillos
895 2353 925 2382 et
952 2351 1153 2382 donationes
1179 2359 1280 2382 causa
1307 2351 1422 2381 mortis
1448 2358 1485 2381 ac
1512 2357 1742 2389 quascumque
1779 2348 1863 2378 alias
1890 2348 2023 2378 ultimas
2050 2356 2109 2378 vo-

294 2415 447 2450 luntates,
474 2417 533 2445 etc.
560 2415 658 2445 etiam
686 2415 712 2445 si
740 2414 770 2444 in
797 2415 846 2444 eis
872 2413 979 2444 forent
1005 2416 1035 2444 et
1061 2416 1174 2445 essent
1200 2413 1312 2453 aliqua
1339 2412 1440 2443 verba
1467 2411 1689 2451 derogatoria,
1714 2413 1774 2441 etc.
1802 2410 1890 2447 Item,
1917 2410 2023 2441 salvis
2041 2418 2115 2450 pre—

295 2477 418 2513 missis,
446 2477 555 2506 dictus
581 2478 719 2507 testator
745 2476 895 2515 disponit
921 2479 950 2506 et
977 2476 1109 2506 ‹⁷›rdinat
1135 2475 1226 2515 quod
1265 2475 1400 2505 domina
1434 2472 1610 2506 Catlielina
1637 2473 1676 2503 de
1703 2472 1830 2503 Tcrciis
1856 2473 1928 2503 eius
1955 2474 2056 2502 mater
2081 2475 2112 2502 et

296 2538 407 2569 relicta
434 2539 522 2569 dicto
549 2538 674 2568 domini
703 2538 798 2577 Filipi
826 2539 867 2568 sit
894 2540 923 2568 et
950 2546 1024 2568 esse
1052 2538 1171 2568 debeat
1198 2546 1257 2577 pro
1284 2539 1353 2568 toto
1372 2539 1520 2576 tempore
1540 2536 1605 2566 vite
1624 2544 1682 2566 sue
1702 2534 1958 2570 usufructuaria,
1977 2534 2113 2565 domina

295 2603 324 2630 et
352 2601 508 2639 magistra
535 2601 682 2630 omnium
711 2600 874 2630 bonorum
902 2608 1038 2630 suorum
1059 2602 1123 2630 tam
1144 2599 1316 2629 mobilium
1337 2607 1436 2638 quam
1457 2597 1676 2628 immobilium
1696 2605 1733 2627 ac
1753 2597 1872 2627 iurium
1891 2599 1921 2627 et
1941 2596 2111 2627 nominum

296 2662 483 2693 debitorum
522 2670 832 2701 quorumcumque‚
859 2664 889 2692 et
924 2662 986 2692 lioc
1024 2662 1095 2692 sine
1132 2661 1245 2700 aliqua
1272 2661 1404 2691 racione
1431 2660 1600 2690 reddenda
1626 2662 1656 2690 et
1683 2659 1908 2689 satisdacione
1936 2657 2115 2698 prestanda

298 2725 337 2756 de
365 2724 488 2755 utendo
514 2726 544 2754 et
571 2723 711 2754 truendo
740 2724 816 2754 boni
846 2724 916 2754 viri.
944 2723 1021 2754 ltem
1048 2726 1078 2754 et
1104 2724 1175 2754 sine
1194 2724 1306 2762 aliqua
1326 2722 1499 2753 inventarii
1530 2721 1749 2756 confectione,
1767 2730 1785 2752 a
1805 2721 1929 2760 quibus
1958 2720 2116 2751 omnibus

300 2788 370 2826 ipse
390 2789 526 2816 testator
546 2786 652 2825 ipsam
673 2785 844 2816 rellevavit
863 2788 892 2815 et
912 2785 1058 2821 rellevat‚
1078 2785 1155 2824 quia
1183 2785 1223 2815 de
1248 2785 1320 2815 eius
1347 2784 1411 2814 fide
1437 2786 1467 2814 ct
1494 2783 1659 2823 legalitate
1685 2783 1726 2813 ad
1747 2783 1880 2823 plenum
1908 2791 1943 2813 sc
1968 2782 2115 2813 contidit.

389 2848 420 2878 ln
447 2847 605 2878 omnibus
630 2850 739 2878 autem
767 2848 838 2877 suis
865 2847 995 2877 bonis...
1023 2847 1086 2877 sibi
1115 2847 1268 2877 heredem
1296 2846 1517 2877 universalem
1546 2846 1686 2876 instituit
1705 2844 1883 2875 loliannem
1904 2844 2115 2875 Dominicum

300 2911 340 2942 de
367 2909 539 2942 Seraticlio
565 2910 638 2940 eius
664 2909 828 2940 tratrem...
857 2910 965 2949 ipsum
993 2918 1048 2939 ore
1076 2909 1213 2949 proprio
1232 2908 1447 2939 nominando.
1468 2907 1505 2938 Et
1525 2908 1586 2938 lioc
1605 2916 1678 2938 cum
1701 2916 1799 2938 onere
1819 2910 1926 2938 tamen
1946 2906 2116 2937 cellebrari

300 2973 442 3004 faciendi
470 2972 559 3002 omni
586 2980 674 3002 anno
700 2971 767 3002 duo
794 2971 903 3002 officia
931 2973 1135 3002 mortuorum
1163 2980 1222 3011 pro
1249 2970 1399 3001 mercede
1424 2970 1533 3001 anime
1559 2978 1619 3001 sue
1644 2972 1675 3000 et
1694 2970 1725 3000 in
1752 2969 1983 3000 remissionem
2002 2977 2118 3009 pecca-

301 3038 407 3066 torum
434 3043 592 3071 suorum,
631 3034 672 3065 ad
698 3033 873 3065 ecclesiam
901 3033 988 3064 illam
1015 3035 1045 3064 et
1071 3041 1129 3064 seu
1158 3033 1188 3064 in
1216 3033 1270 3063 illa
1296 3032 1436 3064 ecclesia
1463 3032 1493 3062 in
1522 3040 1587 3072 qua
1613 3033 1644 3062 et
1669 3040 1727 3062 seu
1765 3031 1807 3062 ad
1846 3039 1946 3071 quam
1984 3030 2117 3071 sepeliri

298 3097 469 3137 continget
495 3105 620 3136 corpus
647 3096 755 3136 ipsius
780 3095 960 3126 testatoris.
989 3094 1178 3126 Proliibens
1204 3094 1344 3135 proinde
1370 3094 1479 3125 dictus
1505 3093 1663 3124 dominus
1689 3095 1827 3125 testator
1853 3101 1970 3124 omnes
1995 3092 2119 3123 aliena-
