2347 3444
303 226 368 258 356

303 360 408 391 sancti
436 359 627 399 Augustini,
654 358 791 398 quando
817 357 1023 389 asociabitur
1047 360 1077 387 et
1104 356 1292 396 portabitur
1316 355 1358 386 ad
1378 354 1621 394 sepeliendum,
1639 357 1670 386 et
1689 355 1780 394 quod
1799 355 1884 386 circa
1903 363 1978 385 eum
1997 353 2123 385 solum-

305 421 406 452 modo
432 421 497 452 sint
523 423 553 451 et
579 428 655 451 esse
681 420 825 451 debeant
851 419 947 450 tortie
974 418 1151 449 duodecim
1178 426 1251 448 cere
1276 425 1427 453 accense,
1454 417 1609 448 videlicet
1635 426 1694 448 sex
1721 420 1796 448 ante
1822 419 1852 448 et
1878 425 1937 447 sex
1965 419 2042 456 post
2071 424 2125 447 ca-

305 484 408 514 daver
435 483 543 523 ipsius
569 483 695 513 domini
723 482 903 512 testatoris.

398 544 475 576 ltem
505 545 590 575 idem
618 544 777 575 dominus
803 545 941 573 testator
968 542 1098 572 iussit...
1126 541 1217 581 quod
1246 542 1275 572 in
1303 541 1356 572 die
1383 541 1572 572 immediate
1602 541 1754 581 sequenti
1776 543 1852 581 post
1871 541 2039 581 sepultum
2058 540 2127 571 dic-

307 612 373 639 tum
400 608 473 638 eius
498 607 642 638 cadaver
667 606 852 637 celebretur
878 608 907 635 et
934 604 1092 635 celebrari
1121 603 1241 634 debeat
1269 603 1298 634 in
1326 603 1414 634 dicta
1440 603 1581 634 ecclesia
1609 603 1714 634 sancti
1742 602 1835 634 Pauli
1855 602 2002 633 officium
2023 611 2123 633 unum

306 680 323 702 a
351 671 491 701 mortuis
517 679 590 700 cum
620 669 722 699 missa
751 669 780 698 in
807 669 904 698 cantu
932 669 962 697 et
988 666 1063 697 aliis
1090 666 1204 697 missis
1231 665 1502 705 vigintiquinque
1529 665 1653 703 bassis,
1679 667 1709 696 et
1735 665 1886 696 similiter
1912 665 1942 696 in
1969 665 2022 695 die
2052 673 2128 705 sep-

308 734 388 763 timo
416 732 607 763 immediate
634 733 710 771 post
737 731 809 760 eius
836 729 962 760 domini
990 728 1161 759 testatoris
1187 728 1364 759 decessum
1391 728 1575 759 celebretur
1601 730 1631 759 et
1656 727 1816 758 celebrari
1843 727 1963 758 debeat
1989 730 2021 758 et
2046 727 2128 765 vult,

309 796 381 835 ipse
407 795 565 826 dominus
591 796 739 828 testator,
767 793 797 822 in
825 792 911 822 dicta
938 791 1079 822 ecclesia
1106 790 1212 821 sancti
1241 789 1334 821 Pauli
1361 790 1452 821 aliud
1479 789 1627 821 officium
1653 799 1671 821 a
1698 790 1838 821 mortuis
1863 798 1937 820 cum
1965 790 2067 820 missa
2095 790 2126 820 in

308 860 405 888 cantu
433 861 463 887 et
489 856 565 887 aliis
592 855 706 885 missis
732 853 978 893 quinquaginta
1005 852 1118 883 bassis
1143 854 1174 883 et
1200 852 1299 883 simili
1327 852 1428 882 modo
1447 852 1478 882 in
1498 852 1550 882 die
1569 852 1741 892 trigesimo
1768 851 1958 882 immediate
1985 853 2129 891 sequuto

310 923 385 959 post
413 918 520 958 ipsius
547 917 672 947 domini
700 916 870 946 testatoris
895 915 1083 950 decessum,
1110 914 1236 954 quibus
1261 913 1383 945 officiis
1408 916 1438 945 et
1464 914 1598 955 singulo
1623 923 1737 945 eorum
1765 913 1835 944 vult
1861 913 1946 944 idem
1974 913 2131 944 dominus

312 984 450 1011 testator
477 979 555 1019 poni
583 982 613 1009 et
640 978 740 1009 teneri
769 977 890 1008 debere
917 986 1018 1017 super
1037 976 1139 1007 altare
1159 977 1267 1007 maius
1293 977 1379 1007 dicte
1405 976 1544 1007 ecclesie
1571 977 1676 1007 sancti
1704 975 1798 1007 Pauli
1826 976 1949 1007 torcias
1975 975 2060 1007 duas
2078 984 2132 1007 ac-

308 1051 428 1073 censas
446 1047 476 1072 et
495 1041 578 1072 alias
605 1041 690 1071 duas
717 1040 869 1071 similiter
894 1048 1056 1070 accensas
1082 1039 1229 1079 desupra
1256 1039 1462 1079 sepulturam
1489 1039 1666 1070 cadaveris
1684 1039 1793 1079 ipsius
1808 1038 1934 1069 domini
1950 1038 2130 1069 testatoris.

312 1104 348 1135 Et
369 1105 410 1134 ita
439 1104 510 1143 ipse
537 1103 696 1133 dominus
723 1105 862 1133 testator
887 1102 928 1132 ad
957 1102 1029 1141 ipsa
1057 1101 1178 1138 officia,
1205 1101 1306 1132 modo
1333 1110 1400 1141 quo
1427 1110 1539 1141 supra,
1565 1101 1723 1132 celebrari
1750 1100 1952 1137 faciendum,
1979 1100 2132 1141 gravavit

309 1170 339 1196 et
357 1169 473 1206 gravat
501 1164 734 1205 infrascriptos
761 1163 1030 1195 usufructuarios
1056 1166 1086 1194 et
1113 1163 1296 1203 quemlibet
1323 1164 1472 1204 ipsorum
1499 1164 1525 1194 si
1553 1164 1680 1194 viveret
1706 1166 1783 1204 post
1809 1163 1918 1203 ipsius
1935 1163 2061 1194 domini
2088 1165 2135 1194 te-

311 1228 448 1258 statoris
475 1228 664 1263 decessum,
690 1229 719 1257 et
746 1226 772 1258 si
801 1235 866 1257 non
894 1227 1046 1257 viverent
1072 1234 1190 1257 omnes
1217 1226 1267 1256 vel
1294 1226 1376 1256 alter
1404 1226 1564 1265 ipsorum,
1592 1225 1825 1265 infrascriptos
1851 1226 1923 1256 eius
1942 1225 2067 1256 domini
2087 1227 2134 1256 te-

311 1290 448 1321 statoris
476 1289 618 1320 beredes
645 1288 888 1320 universales...

404 1351 514 1383 ltem...
542 1351 629 1391 legat
656 1350 845 1382 Venerabili
873 1349 1027 1391 Collegio
1054 1350 1269 1381 Notariorum
1298 1349 1401 1390 Papie
1426 1350 1575 1381 florenos
1601 1350 1781 1381 sedecim...
1807 1358 1867 1389 pro
1893 1349 2027 1389 singulo
2045 1358 2134 1380 anno

314 1415 343 1445 in
372 1417 604 1455 perpetuum...
631 1422 704 1444 cum
733 1413 795 1444 boc
821 1415 930 1444 tamen
957 1422 1056 1444 onere
1083 1413 1175 1453 quod
1201 1414 1340 1453 agentes
1367 1422 1427 1453 pro
1455 1413 1529 1452 ipso
1556 1410 1710 1453 Collegio
1736 1414 1910 1443 teneantur
1935 1413 1965 1442 et
1991 1411 2135 1443 debeant

314 1477 448 1517 singulo
475 1485 563 1507 anno
590 1478 754 1516 perpetuo
779 1475 947 1506 celebrare
974 1475 1122 1506 officium
1150 1484 1251 1506 unum
1278 1484 1296 1506 a
1323 1475 1463 1506 mortuis
1490 1475 1520 1505 in
1547 1477 1644 1505 cantu
1672 1475 1765 1505 iuxta
1803 1482 1926 1505 moreni
1953 1476 1983 1505 et
2009 1474 2133 1505 stillum

313 1539 391 1570 dicti
420 1537 563 1579 Collegii
591 1541 621 1569 et
647 1539 818 1579 agentium
847 1547 906 1578 pro
933 1546 983 1575 eo,
1010 1540 1041 1568 et
1067 1538 1098 1568 in
1125 1537 1267 1568 ecclesia
1293 1538 1380 1569 santi
1409 1536 1503 1568 Pauli
1530 1537 1681 1577 predicti,
1708 1537 1739 1568 in
1766 1545 1832 1577 qua
1851 1537 2020 1577 sepultum
2039 1535 2137 1567 fuerit

317 1602 440 1632 dictum
468 1601 541 1632 eius
567 1601 739 1631 testatoris
764 1600 920 1636 cadaver,
947 1600 977 1631 in
998 1600 1051 1631 die
1078 1600 1249 1640 sepulture
1276 1600 1385 1640 ipsius
1410 1599 1597 1637 cadaveris,
1617 1599 1644 1630 si
1664 1608 1729 1630 non
1749 1601 1898 1630 occurret
1918 1599 1948 1630 in
1968 1599 2021 1630 die
2040 1598 2137 1636 festo,

314 1663 463 1703 alioquin
483 1663 536 1694 die
564 1663 754 1693 immediate
781 1663 934 1702 sequenti
962 1671 1027 1693 non
1054 1661 1190 1699 festivo,
1208 1663 1239 1693 et
1256 1662 1355 1693 etiam
1381 1663 1556 1693 teneantur
1575 1663 1608 1692 ut
1627 1670 1728 1701 supra
1749 1661 1779 1692 in
1799 1661 1957 1692 dictomet
1972 1661 2025 1692 die
2054 1660 2140 1692 cele-

314 1726 399 1756 brari
420 1725 527 1756 facere
547 1726 577 1756 in
594 1726 667 1765 ipsa
686 1725 826 1756 ecclesia
846 1725 951 1755 sancti
972 1723 1066 1755 Pauli
1087 1733 1188 1755 unum
1208 1724 1356 1755 officium
1376 1733 1393 1755 a
1413 1725 1553 1755 mortuis
1572 1725 1603 1755 in
1621 1726 1719 1755 cantu
1740 1733 1797 1764 per
1815 1724 1973 1755 dominos
1991 1722 2138 1755 Priorem

314 1790 345 1819 et
372 1787 500 1819 Fratres
520 1788 629 1828 ipsius
656 1788 848 1818 monasterii
869 1788 974 1818 sancti
996 1786 1089 1818 Pauli
1109 1796 1183 1818 cum
1210 1788 1325 1818 missis
1355 1787 1628 1828 vigintiquinque
1659 1787 1772 1818 bassis
1789 1789 1912 1818 etcum
1942 1787 2139 1827 aposicione

314 1859 386 1881 cere
402 1850 590 1881 necessarie
610 1859 670 1890 pro
690 1850 774 1890 ipsis
793 1849 915 1880 officiis
934 1852 964 1880 et
980 1850 1095 1881 missis
1113 1850 1160 1881 sic
1178 1849 1390 1881 celebrandis
1406 1851 1439 1880 ut
1454 1858 1555 1889 supra
1571 1849 1694 1880 dictum
1710 1851 1769 1887 est;
1785 1851 2025 1889 teneanturque
2043 1849 2140 1880 etiam

316 1912 450 1952 sIngulo
476 1921 565 1943 anno
592 1914 755 1952 perpetuo
783 1912 813 1942 in
841 1912 893 1942 die
921 1912 1111 1943 immediate
1138 1912 1329 1952 precedenti
1356 1912 1443 1942 diem
1471 1911 1584 1952 vigilie
1610 1911 1685 1942 festi
1705 1912 1811 1942 sancti
1831 1910 2010 1952 Augustini
2029 1911 2142 1943 cuius-

316 1974 395 2005 libet
421 1975 498 2005 anni
526 1974 686 2005 celebrari
713 1973 822 2005 facere
848 1974 890 2005 ad
918 1974 1079 2005 bonorem
1107 1975 1213 2005 sancti
1241 1973 1422 2015 Augustini
1450 1974 1601 2014 predicti,
1636 1973 1800 2005 Advocati
1839 1976 1869 2005 et
1907 1974 2140 2005 intercessoris

319 2037 427 2076 ipsius
454 2036 579 2067 domini
608 2037 790 2074 testatoris,
806 2037 944 2067 missam
972 2045 1071 2068 unam
1091 2037 1300 2077 solempnem
1321 2037 1352 2068 in
1371 2038 1469 2068 cantu
1490 2037 1521 2068 in
1540 2037 1682 2068 ecclesia
1701 2037 1806 2068 sancti
1826 2036 2005 2077 Augustini
2025 2035 2140 2076 papie,

318 2099 348 2129 in
375 2098 572 2129 confessore
598 2101 628 2129 et
654 2099 696 2129 ad
723 2099 825 2130 altare
852 2099 907 2129 ubi
935 2099 975 2130 de
1002 2099 1147 2139 presenti
1174 2099 1295 2130 dicitur
1320 2099 1390 2130 fore
1416 2107 1540 2139 corpus
1573 2099 1678 2130 sancti
1706 2098 1885 2140 Augustini
1913 2098 2074 2139 predicti,
2111 2100 2142 2129 et

318 2161 343 2191 si
373 2161 403 2191 in
430 2160 577 2191 futurum
605 2161 777 2201 continget
804 2161 914 2201 ipsum
941 2170 1066 2202 corpus
1091 2161 1281 2192 translatari
1308 2164 1339 2192 et
1365 2170 1423 2192 seu
1451 2162 1566 2202 reponi
1587 2162 1617 2192 in
1637 2161 1703 2192 alio
1722 2161 1806 2198 loco,
1826 2161 1916 2201 quod
1937 2161 2039 2192 missa
2067 2160 2140 2200 ipsa

317 2223 502 2254 celebretur
527 2226 557 2254 et
584 2223 744 2254 celebrari
772 2223 893 2254 debeat
918 2224 960 2254 ad
986 2223 1089 2254 altare
1117 2223 1172 2254 ubi
1200 2224 1385 2264 repositum
1412 2223 1511 2255 fuerit
1537 2224 1646 2264 ipsum
1673 2232 1808 2263 corpus.
1846 2223 1884 2254 Et
1911 2223 1973 2254 boc
1999 2232 2057 2263 per
2082 2222 2142 2253 do-

320 2286 429 2315 minos
457 2284 604 2316 Priorem
631 2288 661 2316 et
689 2285 819 2317 Fratres
846 2286 1039 2317 monasterii
1067 2287 1172 2317 sancti
1213 2285 1391 2327 Augustini
1431 2286 1569 2327 predicti
1597 2288 1627 2317 et
1653 2294 1710 2326 per
1751 2286 1909 2316 dominos
1946 2284 2140 2318 Canonicos

320 2348 511 2378 monasterii
539 2348 644 2378 sancti
673 2346 759 2378 Petri
788 2349 818 2379 in
845 2348 930 2379 cello
955 2357 1057 2379 aureo
1084 2349 1270 2389 papiensis,
1298 2349 1329 2379 in
1356 2349 1527 2386 societate,
1555 2348 1680 2388 quibus
1705 2348 1852 2379 dominis
1879 2347 1983 2379 Priori
2009 2350 2040 2379 et
2066 2348 2143 2379 Fra-

320 2409 426 2440 tribus
453 2410 530 2440 dicti
559 2411 752 2442 monasterii
781 2411 886 2442 sancti
915 2410 1106 2451 Augustini,
1134 2420 1193 2451 pro
1212 2411 1396 2442 elemosina
1422 2411 1664 2442 celebracionis
1682 2410 1768 2441 dicte
1788 2411 1889 2441 misse
1916 2411 1985 2441 dari
2004 2412 2034 2442 et
2053 2411 2140 2442 solvi

320 2471 439 2502 debeat
466 2474 496 2502 et
523 2472 593 2503 vult
620 2473 706 2503 idem
734 2473 893 2503 dominus
919 2475 1060 2503 testator
1086 2473 1221 2513 singulo
1247 2482 1336 2504 anno
1363 2482 1421 2514 per
1446 2475 1584 2513 agentes
1610 2473 1744 2503 nomine
1782 2472 1859 2503 dicti
1899 2471 2041 2513 Collegii
2080 2473 2140 2503 flo-

322 2542 434 2564 renum
463 2543 563 2564 unum
591 2538 722 2566 monete
748 2538 824 2566 tunc
850 2535 1024 2572 currentis,
1050 2538 1080 2566 et
1107 2535 1258 2566 similiter
1284 2535 1421 2566 totidem
1449 2535 1547 2566 dictis
1573 2535 1720 2565 dominis
1745 2533 1928 2566 Canonicis
1954 2535 2031 2566 dicti
2073 2544 2143 2566 mo-

322 2596 456 2626 nasterii
485 2597 590 2627 sancti
620 2596 706 2628 Petri
735 2598 764 2628 in
792 2597 876 2628 cello
902 2606 1004 2628 aureo
1029 2599 1060 2628 et
1086 2606 1186 2637 quam
1215 2598 1352 2629 missam
1379 2597 1538 2628 celebrari
1567 2597 1637 2628 vult
1662 2606 1736 2628 cum
1764 2597 1961 2637 pulsacione
1998 2606 2142 2639 organo-

322 2666 391 2687 rum
419 2658 506 2688 dicte
531 2659 672 2690 ecclesie
699 2668 769 2690 san(
783 2660 804 2690 ti
832 2659 1024 2699 Augustini.
1051 2658 1114 2691 Cui
1142 2659 1249 2691 Misse
1276 2659 1412 2699 quando
1449 2659 1639 2690 cantabitur
1664 2661 1694 2690 et
1719 2659 1943 2691 celebrabitur
1980 2661 2140 2692 interesse

323 2719 465 2750 debeant
491 2729 508 2750 a
536 2721 701 2761 principio
729 2730 836 2761 usque
862 2722 903 2752 ad
932 2722 1028 2753 finem
1058 2722 1269 2753 venerabiles
1295 2722 1421 2753 domini
1448 2720 1618 2754 Consules
1637 2722 1714 2753 dicti
1734 2720 1876 2763 Collegii
1896 2725 1927 2753 et
1945 2731 2003 2754 seu
2023 2722 2140 2754 saltem

324 2782 428 2812 maior
454 2791 532 2822 pars
558 2792 684 2813 eorum.
