2347 3444
1953 211 2016 242 227

986 390 1258 433 CDXLIII.

292 499 398 528 Frate
423 499 598 536 Agostino
624 500 772 528 Rancati
798 509 963 537 competa
988 509 1055 528 una
1081 500 1186 536 vigna
1210 509 1271 536 per
1297 500 1331 528 la
1357 500 1525 536 Cappella
1552 500 1586 528 di
1613 501 1647 529 S.
1676 501 1790 529 Maria
1816 502 1909 530 della
1928 502 2017 530 Con-

204 552 386 581 solazione
411 553 456 581 da
482 553 530 581 lui
556 553 700 582 fondata
726 554 781 582 nel
807 554 973 582 Chiostro
999 554 1033 582 di
1060 554 1093 585 S.
1119 553 1305 590 Agostino.

834 658 972 683 14⁸0
979 675 992 689 ‚
1022 659 1243 683 ottobre
1251 673 1264 689 ‚
1294 658 1371 682 10.

700 747 772 767 *Arclr
791 746 870 767 Notari
887 746 908 767 di
927 746 1003 767 Pavia.
1021 757 1045 760 Α
1061 746 1108 767 Atti
1124 746 1146 766 di
1162 745 1219 767 Gian
1236 746 1348 767 Giacomo
1377 745 1489 767 Canevari
1507 763 1510 766 ⁴

303 930 350 1045 Ι
444 948 468 974 Ν
493 944 639 975 claustro
664 946 851 976 conventus
877 945 981 975 sancti
1010 944 1199 985 Augustini,
1225 944 1278 975 siti
1306 944 1336 974 in
1363 942 1529 976 Citadella
1565 944 1711 975 civitatis
1738 943 1840 984 Papie
1846 969 1896 975 .....
1936 944 2016 975 Gro-

468 1007 566 1038 νιιηηῐ
596 1006 732 1041 Roberti
759 1016 775 1038 ι
804 1007 948 1038 Lorcnzo
987 1007 1125 1043 Τι’,οναίί
1157 1007 1191 1038 di
1217 1007 1375 1045 Monam,
1397 1005 1477 1046 figli
1504 1006 1538 1037 di
1568 1005 1657 1038 Gilia
1686 1006 1824 1038 Maletta
1855 1015 1914 1046 pei
1944 1016 2017 1038 suc-

261 1104 268 1105 ?
288 1103 299 1105 a
324 1104 327 1105 ⁷
422 1054 438 1105 J
465 1070 584 1101 cessivi
607 1069 642 1101 di
665 1069 708 1100 lei
730 1070 938 1107 mathl'monii
952 1078 1014 1110 per
1035 1070 1091 1101 lire
1116 1070 1273 1101 duccento
1298 1069 1459 1110 imperiali
1485 1069 1631 1101 vendono
1656 1070 1690 1101 al
1715 1070 1896 1101 venerabili
1923 1079 2015 1101 sacre

198 1132 366 1173 theologie
392 1132 530 1162 domino
557 1132 716 1172 magistro
743 1131 832 1162 fratri
860 1131 1049 1172 Augustino
1075 1132 1116 1163 de
1142 1131 1310 1165 Ranchate
1336 1131 1474 1163 Ordinis
1501 1132 1740 1163 Heremitarum
1767 1133 1872 1163 sancti
1900 1132 2013 1173 Augu-

196 1194 273 1225 stini
300 1194 485 1234 papiensis,
513 1194 556 1224 ibi
583 1195 740 1234 presenti
766 1194 938 1234 stipulanti
957 1197 987 1225 et
1005 1195 1188 1234 acquirenti
1216 1203 1275 1235 pro
1294 1203 1329 1225 se
1347 1196 1378 1225 et
1395 1194 1437 1225 ad
1456 1195 1528 1225 eius
1544 1194 1716 1225 utilitatem
1744 1195 1856 1234 quoad
1884 1195 2014 1232 vixerit,

197 1258 228 1287 et
253 1265 312 1296 pro
349 1265 387 1287 ac
424 1257 558 1287 nomine
583 1258 614 1287 et
640 1257 711 1287 vice
737 1258 767 1287 et
792 1256 834 1287 ad
861 1259 986 1296 partern
1013 1259 1043 1287 et
1069 1257 1242 1288 utilitatem
1279 1255 1426 1297 Capituli
1453 1259 1484 1287 et
1509 1255 1707 1288 Conventus
1744 1257 1882 1297 predicti
1909 1258 2013 1288 sancti

195 1317 374 1359 Augustini
401 1320 431 1349 et
458 1328 517 1358 pro
544 1317 683 1358 Capella
710 1327 767 1349 seu
795 1318 887 1349 altari
916 1328 972 1358 per
1000 1319 1108 1358 ipsum
1135 1318 1306 1349 dominum
1335 1319 1528 1359 magistrum
1557 1318 1780 1359 Augustinum
1819 1318 1957 1349 fundata
1984 1321 2014 1350 et

194 1383 302 1412 erecta
328 1389 386 1412 seu
412 1380 553 1411 fundato
579 1382 609 1411 et
635 1383 743 1411 erecto
771 1381 801 1411 in
829 1381 917 1411 dicto
954 1383 1120 1411 conventu
1148 1383 1178 1411 et
1204 1381 1235 1411 in
1263 1381 1369 1421 primo
1406 1381 1551 1412 claustro
1590 1381 1697 1421 ipsius
1722 1383 1920 1418 conventus,
1947 1381 2011 1412 sub

195 1442 362 1474 vocabulo
382 1442 482 1474 Beate
509 1442 615 1474 Marie
641 1443 788 1483 Virginis
815 1443 855 1474 de
881 1441 1129 1475 Consolacione
1147 1440 1198 1482 (l)
1222 1445 1253 1474 et
1279 1452 1338 1483 pro
1365 1444 1438 1483 ipsa
1464 1442 1604 1483 Capella
1629 1445 1660 1474 et
1685 1443 1787 1474 altare
1805 1444 1957 1474 ornando
1983 1446 2014 1474 et

193 1508 309 1536 ornata
335 1507 365 1536 et
391 1504 537 1536 officiata
575 1505 719 1536 tenendo
744 1507 775 1536 et
801 1508 898 1545 prout
935 1506 1001 1536 alio
1040 1506 1113 1536 loco
1139 1508 1169 1536 et
1195 1508 1345 1546 tempore
1372 1506 1577 1546 disposuerit
1603 1506 1643 1536 de
1671 1506 1746 1546 ipso
1771 1506 1865 1536 altari
1892 1508 1921 1536 et
1947 1504 2013 1538 Ca-

193 1568 291 1609 pella,
317 1576 383 1599 ιιηα
410 1568 509 1608 vigna
534 1568 565 1599 ιή
591 1568 747 1599 territorio
772 1568 807 1599 cii
838 1568 1032 1604 Villcmterlo,
1061 1568 1092 1599 in
1119 1570 1267 1599 contrata
1286 1569 1336 1599 cui
1357 1568 1475 1599 dicitur
1494 1569 1524 1599 in
1545 1567 1943 1609 Bolognoli,dipcrtisl1e
1959 1569 2013 1600 20.

962 1715 1239 1756 CDXLIV.

284 1825 478 1853 Promessa
504 1825 539 1853 di
565 1824 709 1853 vendita
736 1824 770 1852 di
795 1829 887 1852 terre
914 1825 1001 1852 satta
1027 1833 1046 1852 a
1072 1824 1160 1852 frate
1186 1824 1360 1860 Agostino
1387 1824 1548 1852 Rancati.

799 1920 953 1951 1480,
982 1921 1325 1951 110ve111111·e‚
1354 1920 1407 1944 4.

708 2009 785 2031 (Arrii.
803 2009 882 2029 Notat⁴
900 2009 920 2029 di
939 2008 1008 2029 Pavia
1024 2019 1047 2021 ἡ
1065 2008 1112 2028 Atti
1129 2007 1149 2028 di
1167 2007 1224 2028 oian
1240 2008 1351 2028 Giacouio
1367 2007 1496 2032 Canevuri),

210 2234 212 2268 >
300 2193 347 2309 I
435 2211 465 2267 kN
491 2215 620 2237 camera
646 2206 827 2237 cubiculari
848 2205 1047 2246 infrascripti
1067 2206 1192 2236 domini
1213 2206 1360 2246 magistri
1381 2204 1570 2245 Augustini,
1589 2205 1651 2235 sita
1672 2205 1701 2235 in
1721 2207 1886 2235 conventu
1907 2205 2010 2235 sancti

210 2269 212 2356 Ι
435 2283 437 2321 Ι
465 2268 688 2309 Augustini...
703 2268 830 2299 Vianus
845 2268 885 2299 de
900 2267 1007 2299 Serris
1022 2268 1109 2299 filius
1128 2268 1298 2308 quondam
1314 2267 1438 2298 domini
1457 2266 1579 2297 Fenoni
1596 2266 1762 2297 habitator
1781 2266 1842 2297 loci
1862 2264 2011 2306 Gropelli

198 2393 365 2427 Rancliate
392 2393 530 2425 Ordinis
567 2393 807 2424 Heremitarum
846 2393 950 2424 sancti
989 2392 1166 2433 Augustini
1193 2394 1224 2423 et
1253 2392 1409 2422 residenti
1438 2392 1468 2422 in
1494 2393 1659 2422 conventu
1694 2392 1798 2422 sancti
1833 2390 2011 2431 Augustini

196 2455 310 2496 Papie,
337 2456 381 2487 ibi
409 2457 553 2496 presenti
579 2459 609 2487 et
636 2456 809 2496 stipulanti
837 2456 969 2485 nomine
995 2458 1025 2485 et
1052 2455 1123 2485 vice
1150 2454 1377 2485 venerabfflcim
1405 2454 1616 2484 dominorum
1637 2452 1762 2484 Prioris
1780 2455 1810 2484 et
1830 2453 2010 2484 Fratrum...

435 2324 437 2364 l
466 2331 646 2362 Lomelline
674 2331 879 2371 papiensis...
899 2331 1059 2371 promittit
1078 2330 1260 2361 reverendo
1280 2338 1371 2360 sacre
1390 2329 1558 2369 theologie
1585 2329 1744 2369 magistro
1763 2328 1952 2369 Augustino
1971 2329 2011 2359 de

196 2520 383 2550 conventus
409 2519 494 2549 dicte
520 2518 670 2555 ecclesie,
697 2518 737 2549 de
762 2518 869 2549 eidem
907 2518 1043 2548 domino
1082 2517 1241 2557 magistro
1280 2515 1468 2556 Augustino
1502 2515 1679 2546 vendendo
1705 2517 1735 2546 et
1761 2516 1852 2555 quod
1891 2515 2011 2546 vendet

197 2581 308 2621 precio
334 2581 376 2612 ad
401 2583 595 2621 computum
622 2581 778 2611 librarum
813 2580 925 2610 decem
965 2579 1183 2619 imperialium
1223 2588 1281 2618 pro
1319 2578 1451 2619 singula
1489 2578 1635 2618 perticlia
1674 2577 1882 2617 infrascripte
1920 2578 2010 2617 pecie

195 2643 290 2683 prati,
309 2644 339 2674 et
358 2643 514 2674 librarum
540 2646 615 2674 octo
643 2642 862 2683 imperialium
890 2651 949 2682 pro
975 2641 1107 2681 singula
1134 2641 1279 2681 perticlie
1307 2640 1498 2680 infrascipte
1525 2640 1610 2680 petie
1636 2642 1718 2670 terre
1737 2639 1833 2677 culte,
1852 2648 1893 2670 1111
1914 2641 2010 2679 prato

197 2705 232 2736 di
251 2705 394 2745 perticlze
418 2706 467 2736 sei
490 2705 679 2736 all'ilzcirca
705 2705 746 2736 ecl
769 2713 834 2736 ιιιιιι
860 2706 941 2735 terra
968 2704 1086 2735 coltiva
1113 2703 1148 2734 di
1166 2703 1310 2743 petra-lie
1336 2703 1421 2733 cissa
1453 2702 1547 2740 (licei,
1574 2703 1605 2733 in
1631 2702 1794 2733 territorio
1832 2702 1908 2732 dicti
1948 2702 2009 2732 loci

197 2765 346 2806 Gropelli
373 2767 428 2797 ubi
456 2767 575 2798 dicitur
600 2767 721 2799 subtus
747 2766 921 2804 Cassinas,
948 2768 977 2797 et
1005 2766 1059 2796 ubi
1087 2766 1206 2796 dicitur
1233 2765 1262 2795 in
1290 2763 1505 2805 Castigneto3
1542 2764 1621 2805 peti)
1646 2766 1791 2795 ottenuta
1816 2763 1873 2794 dal
1902 2764 2011 2794 vendi-

197 2830 264 2860 tore
289 2828 321 2860 Ia
346 2828 473 2860 licenza
505 2829 558 2860 del
596 2828 745 2869 Collegio
770 2829 805 2860 di
827 2829 931 2860 Notai
954 2828 988 2860 cli
1020 2827 1126 2858 Ριιινία
1152 2836 1168 2858 e
1193 2827 1225 2857 Ιιι
1251 2827 1400 2858 rinunzia
1426 2827 1460 2858 <li
1483 2828 1617 2866 questo,
1641 2835 1695 2866 pet
1720 2826 1876 2866 pubblifo
1913 2826 2008 2856 istru-

197 2892 313 2926 mento,
341 2890 375 2922 al
397 2891 505 2922 diritto
531 2891 589 2922 che
614 2891 637 2923 il
663 2890 812 2931 Collegt‘o
833 2892 955 2931 potem
980 2898 1074 2921 avere
1099 2898 1137 2920 su
1162 2888 1267 2929 quelle
1292 2890 1370 2920 terre
1394 2886 1455 2928 (2).

256 3048 286 3071 (1)
301 3047 357 3068 Vedi
373 3047 378 3068 i
395 3047 527 3068 documenti
543 3047 579 3068 del
594 3048 607 3069 5
622 3053 700 3069 marzo
716 3054 728 3069 e
742 3048 765 3069 21
782 3048 855 3074 aprile
870 3048 906 3068 del
925 3048 981 3068 1479.
1137 3046 1226 3067 doveva
1242 3045 1329 3066 servire
1345 3051 1385 3071 per
1401 3045 1421 3065 la
1437 3045 1561 3066 dotazione
1576 3044 1636 3065 della
1655 3044 1776 3070 cappella,
1799 3049 1864 3064 come
1886 3043 1921 3063 nel
1937 3042 2006 3062 ducu—

256 3092 286 3117 (2)
302 3091 358 3113 Vedi
374 3092 388 3112 il
404 3091 544 3114 documento
560 3092 596 3114 del
611 3093 637 3114 28
651 3093 776 3114 novembre
794 3093 852 3114 1480.
868 3092 958 3118 Questo
973 3093 1081 3118 acquisto
1137 3092 1215 3111 mento
1231 3090 1378 3115 precedente.
