2347 3444
1955 190 2019 221 233

1015 397 1210 438 CDLV.

293 507 321 534 11
345 507 440 534 Duea
464 505 496 534 di
521 505 646 534 Milano
671 506 841 534 autarizza
858 507 889 534 la
914 505 1093 534 Comunita
1117 505 1150 534 di
1175 506 1207 533 S.
1233 504 1392 533 Mostiola
1416 513 1435 532 a
1459 504 1642 532 concedere
1668 504 1687 533 l'
1702 504 1808 533 affitt2
1834 506 2018 534 novennale

205 567 258 595 dei
282 567 359 596 beni
383 567 415 596 di
440 567 630 603 Cilavegria.

813 680 950 711 1481,
979 682 1171 705 setten
1180 681 1315 711 ›lu-e,
1344 680 1434 704 23.

752 768 828 791 (Ascli.
848 769 926 789 Notas.
944 769 965 789 di
983 769 1051 789 l'nvin
1068 780 1091 782 -—
1109 768 1155 789 Atti
1171 768 1192 789 di
1210 768 1351 789 Bernardino
1367 768 1463 793 Giurgi1.

217 1004 218 1020 χ
273 952 380 1067 D
446 970 496 997 ΠΧ
522 965 719 1003 Mediolani,
745 968 804 997 etc.
832 965 934 1006 l'apie
961 965 1184 1007 Anglerieque
1210 964 1334 998 Comes
1359 974 1396 997 ac
1423 964 1539 997 Genue
1565 967 1595 996 et
1621 964 1786 997 Cremone
1812 965 1980 996 dominus.

216 1033 218 1081 5¹
557 1026 756 1068 Recepimus
782 1028 1062 1068 supplicationem
1090 1029 1214 1059 tenoris
1241 1028 1453 1068 infrascripti,
1480 1028 1656 1059 videlicet:

216 1091 231 1126 l.
408 1125 430 1126 Π
556 1089 645 1121 Illme
663 1092 694 1121 et
713 1090 817 1121 Exme
844 1090 996 1121 Domine.
1023 1089 1107 1122 Cum
1134 1090 1246 1121 debita
1273 1090 1423 1121 liumilita
1449 1092 1479 1121 et
1494 1090 1677 1121 reverentia
1703 1098 1836 1130 expone
1855 1090 1886 1120 lo
1906 1092 2017 1120 vestro

200 1150 297 1182 fidele
324 1160 422 1182 servo
449 1151 643 1183 Bertollono
669 1153 709 1183 de
736 1150 847 1184 Guida
874 1153 913 1183 de
940 1152 1051 1183 Allino
1078 1152 1118 1183 de
1144 1153 1173 1183 la
1200 1155 1283 1183 terra
1309 1152 1349 1183 de
1376 1150 1568 1193 Celavegna
1594 1152 1654 1182 clic
1680 1152 1720 1182 de
1747 1152 1802 1192 qui
1842 1152 1970 1182 indreto
1997 1152 2013 1182 e

200 1215 287 1244 stato
312 1216 343 1244 et
367 1215 513 1245 anchora
539 1215 556 1245 e
583 1215 725 1245 fictabile
767 1215 807 1245 de
835 1215 853 1245 li
874 1214 946 1245 frati
973 1217 1002 1246 et
1035 1217 1201 1246 convento
1228 1215 1268 1245 de
1295 1217 1409 1245 sancta
1447 1214 1619 1245 Mostiolla
1647 1215 1686 1245 de
1713 1213 1817 1255 Papia
1855 1215 1894 1245 de
1931 1217 2017 1245 certe

199 1283 258 1306 sue
285 1277 504 1316 possessione
530 1277 590 1308 che
618 1278 705 1308 liano
733 1277 763 1307 in
791 1277 820 1308 la
847 1277 1075 1308 iurisdictione
1102 1277 1142 1308 de
1167 1285 1244 1308 essa
1270 1279 1364 1314 terra,
1391 1285 1408 1308 a
1435 1285 1557 1317 pagare
1577 1285 1640 1307 una
1660 1277 1750 1308 volta
1769 1277 1879 1308 l’anno
1906 1277 2013 1307 fiorini

199 1338 280 1368 vinti
308 1339 444 1378 pizinini
472 1339 513 1370 da
540 1339 627 1370 soldi
654 1338 771 1380 XXXlJ
800 1348 856 1379 per
883 1340 1011 1370 fior-ino,
1039 1338 1072 1370 Li
1100 1339 1176 1370 dicti
1205 1338 1289 1370 Frati
1316 1348 1332 1370 e
1359 1337 1536 1371 Convento
1564 1339 1733 1370 haverano
1758 1348 1776 1370 a
1802 1348 1878 1370 caro
1905 1339 2018 1370 reafic—

198 1400 292 1431 tarlla
319 1409 376 1440 per
401 1401 473 1432 altri
500 1410 586 1432 nove
612 1402 700 1432 anni.
721 1400 844 1432 Perclie
870 1401 966 1432 allias
992 1401 1032 1432 de
1059 1401 1169 1432 l'anno
1197 1399 1369 1442 MCCCCJ
1397 1409 1454 1441 per
1481 1400 1511 1431 lo
1538 1400 1630 1431 Illmo
1657 1400 1749 1432 Duca
1776 1401 1807 1432 di
1827 1401 1956 1432 Milano
1981 1400 2015 1432 fu

198 1461 286 1492 facto
313 1472 378 1493 uno
406 1463 538 1494 decreto
566 1464 596 1494 in
623 1463 789 1494 contrario
816 1463 846 1493 lo
873 1463 971 1503 quale
998 1463 1072 1494 dell'
1088 1472 1176 1494 anno
1203 1461 1496 1495 MCCCCLXX....
1523 1463 1562 1494 de
1589 1462 1742 1503 Augusto
1762 1472 1819 1503 per
1838 1463 1868 1493 lo
1888 1464 2017 1494 noviter

198 1523 356 1555 defuncto
383 1524 476 1556 Duca
502 1525 536 1556 fu
562 1526 758 1556 confirmato
784 1527 815 1556 et
841 1534 897 1565 per
924 1534 989 1556 non
1015 1524 1240 1556 contrafacere
1265 1524 1329 1556 alla
1356 1525 1580 1565 dispositione
1607 1525 1647 1556 de
1674 1525 1786 1565 quello
1812 1534 1831 1555 0
1857 1525 1929 1556 altri
1955 1526 2015 1556 clie

201 1587 220 1617 li
248 1587 296 1618 sia
324 1587 513 1627 prohibito,
539 1590 569 1619 et
595 1588 635 1619 de
662 1590 782 1628 questo
808 1589 941 1618 restano
968 1588 999 1618 10
1026 1587 1114 1618 dicto
1140 1589 1306 1618 convento
1334 1587 1373 1618 de
1400 1587 1478 1618 dare
1504 1590 1534 1618 et
1561 1587 1591 1618 lo
1617 1587 1707 1619 dicto
1733 1588 1945 1628 supplicante
1970 1588 2012 1619 ad

200 1651 372 1689 acceptare
400 1649 429 1680 la
456 1650 543 1681 dicta
570 1650 789 1690 possessione
815 1659 833 1681 a
859 1650 934 1681 ficto
961 1658 996 1681 se
1023 1650 1052 1680 la
1079 1649 1099 1680 1.
1126 1648 1158 1681 S.
1177 1649 1214 1680 V.
1233 1658 1298 1680 non
1326 1649 1345 1680 li
1364 1652 1534 1681 consente.
1553 1649 1574 1680 ll
1594 1650 1714 1690 perche
1733 1652 1824 1690 parte
1844 1651 2017 1690 utriusque

198 1711 407 1750 supplicatur
432 1711 496 1742 alla
523 1711 669 1752 prefacta
696 1712 732 1743 V.
759 1710 791 1743 S.
819 1714 985 1752 quatenus
1011 1721 1068 1752 per
1093 1720 1153 1742 sua
1180 1711 1278 1742 solita
1304 1711 1478 1742 clementia
1505 1720 1540 1743 se
1566 1712 1674 1752 degna
1711 1712 1928 1752 dispenssare
1965 1712 2015 1743 ale

198 1773 344 1812 predicte
371 1776 473 1813 parte,
499 1774 558 1804 che
586 1783 650 1804 non
678 1774 833 1804 obstante
859 1773 935 1804 dicti
963 1774 1094 1804 decreto
1120 1776 1150 1804 et
1176 1773 1437 1804 confermatione
1463 1782 1613 1814 possano
1640 1774 1745 1804 l'altro
1765 1774 1842 1805 dare
1861 1777 1891 1805 et
1910 1774 2016 1805 l'altro

197 1837 371 1875 acceptare
397 1836 532 1876 impune
559 1836 645 1867 dicta
672 1836 892 1876 possessione
917 1836 959 1866 ad
985 1836 1072 1873 ficto,
1099 1844 1164 1866 non
1192 1836 1334 1867 ledendo
1362 1836 1392 1866 in
1418 1836 1560 1867 alchuna
1586 1845 1685 1868 cossa
1723 1837 1811 1868 dicto
1848 1839 2015 1868 convento

196 1897 268 1927 anci
296 1896 462 1928 facendoli
490 1906 551 1929 suo
590 1898 673 1929 bene
699 1900 729 1929 et
754 1900 879 1928 attento
907 1898 935 1928 la
961 1906 1060 1929 cossa
1097 1906 1208 1929 essere
1234 1898 1274 1928 de
1301 1899 1436 1929 minima
1472 1907 1571 1930 cossa
1597 1901 1627 1929 et
1654 1899 1837 1939 quantitate
1863 1902 1893 1930 et
1918 1908 2015 1930 como

197 1967 232 1989 se
257 1959 435 1990 confidano
463 1960 492 1990 in
513 1960 542 1990 la
568 1961 673 2000 gratia
699 1960 739 1990 de
766 1960 852 1990 dicta
880 1959 970 1990 lllma
996 1958 1028 1991 S.
1055 1959 1091 1990 V.
1118 1960 1159 1990 ali
1188 1959 1264 2000 pedi
1291 1960 1331 1990 de
1359 1960 1387 1990 la
1415 1960 1512 2000 quale
1538 1969 1669 2000 semper
1694 1961 1838 2001 genibus
1864 1961 1962 1992 flexis
1981 1970 2016 1992 se

197 2021 456 2052 racomandano.

285 2082 517 2115 Assentientes
543 2084 682 2115 libenter
701 2084 765 2114 liiis
784 2093 848 2124 que
867 2084 908 2115 ad
929 2084 1102 2115 utilitatem
1129 2084 1431 2115 ecclesiasticorum
1460 2085 1624 2116 bonorum
1643 2085 1782 2116 tendunt
1800 2085 2014 2125 subditisque

197 2146 320 2176 nostris
345 2146 524 2177 comodum
551 2147 691 2177 afferunt
716 2148 829 2177 tenore
857 2147 1071 2186 presentium,
1098 2148 1258 2186 quantum
1287 2147 1316 2177 in
1348 2147 1447 2178 nobis
1484 2149 1544 2185 est,
1581 2148 1798 2178 concedimus
1823 2150 1853 2178 et
1879 2148 2016 2187 dispen-

197 2215 312 2238 samus
352 2208 443 2248 quod
469 2208 511 2239 ad
538 2209 732 2248 requisitam
770 2208 974 2239 locacionem
1001 2208 1042 2239 ad
1069 2208 1159 2239 aliud
1197 2209 1400 2240 novennium
1439 2209 1479 2240 de
1506 2209 1603 2240 bonis
1641 2210 1880 2249 suprascriptis
1918 2214 2015 2249 prout

196 2271 383 2309 requiritur,
410 2271 544 2311 procedi
572 2271 690 2311 possit,
706 2271 866 2311 quodque
893 2271 1032 2311 quilibet
1059 2271 1208 2302 notarius
1235 2271 1377 2302 idoneus
1403 2271 1534 2309 valleat,
1561 2273 1799 2312 premissorum
1826 2272 2014 2307 occasione,

197 2335 362 2372 oportuna
389 2333 606 2364 instrumenta
631 2333 793 2364 conficere
818 2341 856 2364 ac
881 2334 930 2365 eis
956 2333 1093 2365 secundi
1121 2334 1238 2364 notarii
1265 2336 1295 2364 et
1321 2335 1423 2365 testes
1460 2334 1679 2374 expedientes
1705 2335 1864 2365 interesse
1891 2336 2014 2374 queant

195 2396 273 2432 tute,
300 2395 401 2426 libere
426 2397 458 2426 et
483 2396 628 2436 impune,
644 2396 708 2427 hiis
734 2396 774 2427 de
800 2396 925 2436 quibus
951 2404 1052 2436 supra
1078 2396 1112 2426 fit
1139 2396 1261 2426 mentio
1289 2396 1319 2426 in
1345 2397 1545 2427 contrarium
1564 2396 1765 2427 facientibus
1785 2405 1849 2427 non
1868 2397 2013 2431 attentis,

197 2457 321 2498 quibus
347 2458 378 2488 in
406 2458 466 2489 hac
492 2460 583 2498 parte
609 2458 784 2489 dumtaxat
809 2468 850 2489 ex
877 2460 964 2489 certa
990 2458 1128 2489 scientia
1155 2458 1367 2498 derogamis.
1395 2457 1426 2488 ln
1454 2467 1595 2498 quorum
1615 2459 1840 2490 testimonium
1860 2462 1919 2489 etc.
1939 2457 2012 2489 Dat.

198 2519 394 2557 Mediolani,
421 2520 473 2551 die
499 2519 599 2561 XXlIJ
625 2520 815 2552 settembris
841 2520 1071 2561 mcccclxxxj:
1099 2518 1225 2560 Signat.
1252 2516 1411 2558 Irius(l).

255 2676 284 2699 (li
299 2676 360 2703 Vedi
371 2676 385 2696 il
401 2675 541 2697 documento
557 2676 593 2697 del
608 2677 621 2697 2
636 2677 730 2697 ottobre
748 2676 804 2697 1480.
