2347 3444
1973 176 2030 207 311

225 300 487 342 trascriptorum,
514 302 630 342 prefati
658 302 783 334 domini
824 303 917 334 Prior
942 307 973 335 et
1000 304 1129 336 Fratres
1159 304 1292 336 fuerunt
1328 304 1476 335 confessi
1515 307 1546 336 et
1583 306 1781 336 confitentur
1812 307 1972 339 habuisse
2008 311 2038 339 ct

224 364 402 403 recepisse.
429 363 477 395 Ex
505 364 643 404 reliquis
669 373 748 395 vero
775 366 905 397 ducatis
931 369 1061 398 centum
1088 369 1261 398 teneantur
1287 367 1365 398 dare
1392 376 1452 407 pro
1471 368 1602 408 singula
1623 377 1708 408 paga
1728 369 1922 400 ducatorum
1958 379 2040 409 qua-

225 426 430 457 tuorcentum
459 426 509 457 vel
535 427 631 464 circa,
658 427 799 458 ducatos
825 428 950 465 decem,
966 438 1073 469 usquc
1087 430 1128 461 ad
1145 430 1304 470 integram
1320 430 1557 460 extinctionem
1574 430 1735 461 dictorum
1752 431 1946 462 ducatorum
1966 442 2040 463 cen-

225 489 304 518 tum.
331 487 370 519 Et
395 489 421 519 si
448 489 622 529 contigerit
648 489 849 521 solutionem
877 491 944 522 fieri
973 492 1003 522 in
1031 492 1215 532 quantitate
1242 492 1438 523 ducatorum
1454 494 1664 523 octocentum
1692 502 1752 532 pro
1779 493 1911 533 singula
1943 503 2039 533 paga,

225 551 302 580 tunc
327 552 500 581 teneantur
525 551 603 582 dare
629 551 770 583 ducatos
797 553 925 593 viginti,
953 553 1036 585 ultra
1055 554 1163 585 dictos
1189 553 1330 585 ducatos
1349 554 1747 594 quinquagintaquinque
1765 557 1796 585 et
1815 557 1912 594 prout
1938 564 2038 595 supra

225 612 256 642 in
283 613 390 652 primo
415 613 562 653 capitulo
587 613 785 651 continetur,
813 623 991 655 usquequo
1017 616 1094 647 dicti
1122 616 1231 647 ducati
1258 618 1388 647 centum
1415 615 1537 647 fuerint
1562 616 1698 647 extincti
1727 619 1759 647 ut
1778 625 1879 657 supra
1897 619 1928 648 et
1946 618 2038 648 firma

223 682 355 714 semper
381 677 534 706 manente
559 675 647 706 dicta
673 676 841 707 solutione
868 677 977 709 fienda
1003 678 1043 709 de
1070 678 1168 709 dictis
1205 678 1335 709 ducatis
1373 679 1772 718 quinquagintaquinque
1811 688 1870 719 pro
1908 680 2038 720 singula

224 745 310 777 paga
336 736 532 768 ducatorum
559 740 769 769 octocentum
797 739 848 770 vel
875 740 971 777 circa,
997 743 1027 771 et
1053 749 1111 772 seu
1132 740 1300 771 solutione
1318 740 1427 771 fienda
1447 740 1487 771 de
1506 740 1604 771 dictis
1623 740 1754 772 ducatis
1774 742 1890 782 viginti
1910 743 2037 782 septem

222 807 296 829 cum
323 799 463 830 dimidio
490 809 549 840 pro
576 800 709 841 singula
735 809 824 841 paga
849 802 1043 833 ducatorum
1071 805 1348 842 quatuorcentum
1375 803 1426 834 vel
1452 803 1549 834 circa.
1577 803 1615 834 Et
1640 803 1837 843 generaliter
1863 804 1954 835 firma
1974 813 2041 835 ma-

224 863 320 892 nente
346 870 558 903 quacumque
584 862 752 894 solutione
778 863 898 901 fienda,
927 867 959 895 ut
985 874 1085 905 supra
1106 866 1136 896 in
1157 866 1263 905 primo
1282 866 1430 906 capitulo
1448 866 1646 903 continetur,
1665 866 1790 906 quibus
1809 866 2037 897 solutionibus

225 923 255 954 in
280 924 395 963 aliquo
422 933 486 955 non
514 925 708 965 derrogetur
734 935 791 965 per
828 926 1020 958 soluciones
1058 927 1187 958 fiendas
1213 928 1253 958 de
1280 928 1377 959 dictis
1414 928 1545 959 ducatis
1581 929 1969 968 centumquatuordecim
2006 931 2038 959 ut

223 994 335 1026 supra.
363 986 401 1017 Et
426 987 485 1017 bec
510 987 622 1018 omnia
649 997 708 1028 pro
734 989 823 1019 omni
850 991 881 1020 et
906 991 975 1020 toto
1000 999 1039 1020 eo
1066 990 1157 1030 quod
1185 991 1247 1030 ipsi
1287 990 1412 1021 domini
1452 989 1545 1021 Prior
1570 993 1600 1021 et
1639 990 1768 1021 Fratres
1794 992 1825 1021 et
1850 993 2038 1022 conventus

222 1048 344 1080 babere
371 1049 530 1080 deberent
555 1051 585 1080 et
611 1052 721 1090 petere
759 1054 898 1091 possent
923 1060 960 1082 ac
985 1053 1119 1092 exigere
1145 1055 1175 1084 et
1200 1053 1362 1093 consequi
1389 1061 1407 1084 a
1434 1053 1532 1084 dictis
1569 1053 1773 1084 dominabus
1800 1052 1983 1084 Abbatissa
2009 1056 2039 1084 et

224 1110 432 1142 Monialibus
458 1114 523 1142 tam
550 1112 666 1152 vigore
692 1113 768 1143 dicti
796 1114 984 1144 testamenti
1012 1114 1097 1145 dicte
1124 1115 1294 1154 quondam
1322 1115 1547 1145 illustrissime
1585 1115 1718 1145 domine
1756 1114 1914 1152 Blanclie,
1942 1115 1981 1146 de
2007 1118 2037 1146 et

223 1182 282 1213 pro
307 1175 473 1205 contentis
501 1175 530 1205 in
558 1175 655 1205 dictis
683 1175 798 1206 litteris
826 1177 1013 1207 monitoriis
1038 1177 1122 1222 alias
1148 1177 1272 1207 eisdem
1312 1176 1515 1207 dominabus
1542 1176 1724 1207 Abbatisse
1761 1179 1791 1208 et
1830 1177 2038 1208 Monialibus

221 1235 318 1267 factis
343 1238 374 1267 et
399 1237 607 1268 transmissis
632 1237 673 1268 ad
701 1238 897 1269 instanciam
925 1239 1087 1270 dictorum
1115 1239 1325 1270 dominorum
1354 1238 1479 1269 Prioris
1504 1241 1535 1270 et
1562 1239 1720 1277 Fratrum,
1745 1240 1901 1270 mandato
1921 1239 2037 1280 prefati

222 1297 347 1328 domini
376 1297 611 1330 Arcliidiaconi
639 1301 715 1330 tunc
741 1301 991 1332 conservatoris
1017 1310 1116 1340 quam
1142 1301 1206 1332 alia
1234 1302 1355 1341 quavis
1380 1310 1482 1332 causa
1508 1303 1539 1332 et
1564 1302 1748 1332 occaxione
1775 1311 1839 1341 que
1865 1302 1928 1332 dici
1957 1311 2039 1342 quo-

222 1360 407 1391 modolibet
433 1361 484 1391 vel
511 1362 694 1401 excogitari
722 1365 848 1402 posset,
875 1363 1098 1402 predictorum
1125 1364 1272 1394 omnium
1300 1372 1401 1394 causa
1428 1366 1458 1394 et
1484 1364 1672 1401 occasione,
1691 1366 1723 1394 et
1741 1364 1888 1394 omnium
1916 1364 2040 1404 depen—

222 1422 382 1460 dentium,
407 1424 646 1464 emergentium
673 1427 704 1455 et
730 1434 971 1463 connexorum,
997 1434 1014 1456 a
1041 1425 1130 1456 dicto
1155 1434 1244 1456 anno
1272 1424 1531 1457 MCCCCLXVI
1560 1426 1723 1457 inclusive
1750 1428 1845 1457 retro.

311 1484 388 1516 Item
415 1485 518 1525 quod,
545 1486 571 1517 si
599 1487 773 1526 contigerit
801 1487 868 1517 ullo
896 1495 1042 1527 unquam
1070 1486 1181 1518 futuro
1207 1490 1355 1527 tempore
1383 1488 1474 1527 quod
1502 1488 1638 1524 utinam,
1666 1488 1847 1527 predictam
1887 1488 2040 1519 illustris-

222 1548 339 1578 simam
367 1546 637 1579 Dominationem
665 1548 877 1587 Venetorum,
904 1558 962 1580 seu
990 1549 1153 1580 officiales
1179 1558 1271 1587 suos,
1299 1549 1348 1580 vel
1377 1550 1569 1589 penitentia,
1596 1549 1646 1580 vel
1674 1550 1879 1581 conscientia
1918 1552 2037 1587 motos,

221 1610 352 1641 solvere
378 1612 408 1641 et
433 1610 617 1641 exbursare
643 1620 744 1651 super
771 1612 936 1642 iamdictis
963 1611 1191 1642 solutionibus
1217 1611 1314 1642 factis
1341 1621 1400 1652 pro
1426 1620 1515 1642 anno
1542 1610 1803 1643 MCCCCLXVI
1830 1614 1860 1642 et
1885 1612 1927 1642 ab
1962 1612 2037 1642 inde

223 1674 320 1710 retro,
347 1673 533 1713 quidquam
560 1683 620 1713 pro
647 1674 711 1704 liiis
736 1675 844 1711 annis,
871 1674 954 1704 ultra
982 1675 1043 1705 iarn
1071 1674 1181 1705 soluta
1207 1676 1238 1705 et
1263 1676 1393 1715 recepta
1420 1683 1477 1714 per
1504 1675 1610 1714 ipsam
1638 1675 1793 1705 dominas
1820 1674 2036 1705 Abbatissam

221 1736 252 1765 et
280 1734 459 1773 Moniales,
486 1736 618 1776 singula
645 1736 788 1776 singulis
814 1736 1009 1773 refferendo,
1037 1737 1202 1774 videlicet,
1221 1746 1238 1767 a
1258 1737 1367 1768 ducati
1394 1738 1604 1767 octocentum
1632 1745 1742 1777 supra,
1764 1737 1855 1776 quod
1882 1746 1922 1768 ex
1951 1737 2036 1777 ipsis

220 1797 396 1828 solvendis
423 1806 523 1837 super
550 1798 716 1829 iamdictis
741 1799 839 1829 annis
865 1799 1038 1830 retroactis
1064 1801 1094 1830 et
1120 1799 1162 1830 ab
1188 1808 1276 1830 anno
1304 1797 1564 1830 MCCCCLXVI
1607 1799 1771 1830 inclusive
1809 1801 1916 1836 retro,
1954 1798 2037 1830 ultra

221 1860 284 1890 iarn
311 1860 420 1891 soluta
448 1862 481 1891 ut
507 1869 608 1901 supra
635 1861 732 1892 dictis
758 1861 905 1892 dominis
932 1860 1035 1893 Priori
1062 1863 1092 1892 et
1119 1861 1289 1892 Fratribus
1314 1870 1415 1901 super
1441 1861 1686 1901 quantitatibus
1711 1861 1853 1901 receptis
1877 1870 1934 1901 per
1959 1861 2039 1892 iam-

223 1923 347 1954 dictum
375 1924 626 1960 monasterium,
653 1924 799 1955 habeant
824 1933 937 1955 eorum
965 1926 1067 1955 ratam
1095 1926 1220 1964 partem
1248 1933 1308 1964 pro
1335 1925 1403 1954 rata
1429 1924 1501 1954 eius
1520 1923 1611 1963 quod
1638 1923 1724 1954 dicta
1752 1922 1946 1954 Dominatio
1972 1923 2039 1954 sol-

221 1986 303 2016 verit
329 1985 370 2016 ad
397 1988 603 2026 computum,
629 1986 669 2017 de
696 1995 763 2026 quo
789 1988 820 2017 et
846 1988 944 2026 prout
970 1995 1082 2027 supra,
1109 1986 1263 2017 videlicet
1289 1988 1420 2017 centum
1448 1995 1507 2026 pro
1534 1986 1678 2025 singulis
1696 1985 1784 2016 mille
1803 1986 1833 2016 in
1853 1994 1952 2023 anno,
1971 1986 2039 2016 sin-

218 2047 296 2088 gula
322 2047 466 2088 singulis
491 2048 675 2080 refferendo
703 2050 736 2079 ut
762 2057 874 2089 supra,
901 2051 931 2079 et
956 2057 1021 2079 non
1049 2049 1143 2085 ultra,
1170 2057 1228 2079 nec
1254 2048 1357 2085 aliter,
1385 2056 1442 2078 nec
1468 2047 1534 2078 alio
1561 2047 1661 2078 modo
1688 2047 1821 2084 habere,
1841 2049 1951 2087 petere
1978 2056 2036 2078 nec

218 2110 380 2150 consequi
408 2111 541 2151 possint
566 2119 584 2141 a
611 2110 700 2142 dicto
728 2111 931 2142 monasterio
958 2119 1016 2142 nec
1043 2111 1141 2141 dictis
1174 2110 1377 2141 dominabus
1403 2109 1587 2140 Abbatissa
1613 2112 1643 2140 et
1670 2109 1900 2146 Monialibus,
1937 2108 2035 2140 factis

219 2182 351 2214 semper
376 2173 500 2204 debitis
525 2173 863 2213 compensationibus
889 2175 919 2204 et
945 2173 1098 2204 deductis
1124 2172 1342 2209 deducendis,
1361 2174 1391 2203 et
1410 2172 1515 2203 salvis
1534 2181 1665 2212 semper
1683 2172 1923 2211 suprascriptis
1948 2171 2036 2202 alliis

218 2235 375 2276 capitulis
400 2238 431 2266 et
457 2235 691 2276 infrascriptis.

309 2298 398 2336 Item,
425 2299 530 2330 salvis
557 2299 726 2339 predictis,
753 2300 926 2330 teneantur
952 2299 1024 2338 ipse
1051 2300 1172 2338 partes,
1198 2297 1331 2338 singula
1357 2297 1500 2337 singulis
1526 2297 1721 2334 refferendo,
1747 2297 1788 2328 ad
1820 2297 1960 2328 invicem
1988 2306 2036 2327 re-

219 2362 380 2398 nuntiare,
406 2363 437 2392 et
462 2370 503 2392 ex
530 2370 616 2392 nunc
643 2364 755 2392 tenore
782 2362 948 2401 presentis
975 2361 1182 2392 instrumenti
1209 2360 1488 2390 renunciaverunt
1513 2362 1544 2390 et
1574 2360 1778 2396 renunciant,
1816 2359 2035 2399 quibuscum-

218 2433 282 2464 que
307 2424 489 2464 rescriptis,
515 2424 700 2461 sententiis,
727 2424 854 2461 litteris,
889 2424 1086 2460 monitoriis,
1125 2423 1377 2458 denuntiativis,
1414 2422 1721 2462 appellationibus,
1760 2421 1978 2462 processibus
2003 2423 2033 2452 et

217 2487 300 2518 actis
327 2487 487 2518 hactenus
513 2486 620 2524 factis,
646 2495 683 2518 ac
710 2487 879 2527 rescriptis
906 2487 1176 2526 quibuscumque
1203 2485 1387 2525 impetratis
1425 2493 1531 2524 usque
1559 2485 1588 2515 in
1623 2486 1810 2525 presentem
1838 2484 1947 2519 diem,
1990 2484 2031 2514 ita

217 2549 308 2589 quod
336 2558 400 2579 non
428 2549 560 2589 possint
585 2548 730 2589 amplius
756 2558 797 2580 ex
824 2549 908 2589 ipsis
934 2557 969 2579 se
996 2549 1109 2579 iuvare
1135 2556 1193 2578 nec
1218 2556 1259 2578 ex
1287 2547 1371 2587 ipsis
1396 2555 1493 2587 agere
1520 2555 1578 2577 nec
1605 2546 1785 2587 prosequi;
1822 2554 1859 2577 ac
1897 2546 2033 2585 insuper

217 2611 323 2642 salvis
349 2619 480 2651 semper
505 2611 755 2651 suprascriptis,
782 2611 1017 2647 liberaverunt,
1058 2610 1291 2649 quietaverunt
1320 2611 1350 2640 et
1376 2608 1605 2645 absolverunt,
1631 2617 1668 2639 ac
1706 2608 1868 2644 liberant,
1906 2608 2031 2647 quietat

216 2676 247 2704 et
271 2673 455 2705 absolvunt
481 2675 592 2714 partes
618 2674 690 2714 ipse
716 2674 791 2705 hinc
829 2674 916 2710 inde,
954 2673 996 2704 ad
1024 2673 1176 2709 invicem,
1214 2672 1285 2702 suis
1311 2673 1341 2702 et
1378 2671 1467 2702 dicto
1505 2671 1639 2702 nomine
1676 2671 1888 2711 stipulantes,
1925 2670 2030 2701 salvis

217 2738 326 2767 tamen
353 2744 484 2776 semper
509 2736 668 2776 predictis
693 2736 862 2773 omnibus,
888 2736 930 2767 ab
956 2735 1114 2766 omnibus
1141 2735 1204 2765 biis
1230 2743 1294 2773 que
1321 2734 1396 2764 hinc
1423 2733 1498 2764 inde
1525 2733 1646 2764 habere
1677 2733 1835 2764 deberent
1861 2741 1897 2763 ac
1921 2734 2030 2772 petere

218 2800 359 2839 possent
384 2799 498 2830 causis
523 2800 554 2830 et
579 2799 828 2836 occasionibus,
854 2798 894 2830 de
921 2798 1045 2838 quibus
1071 2800 1101 2828 et
1127 2798 1225 2837 prout
1251 2805 1352 2836 supra
1378 2798 1409 2826 et
1435 2796 1465 2826 in
1493 2796 1591 2827 dictis
1618 2795 1735 2826 litteris
1760 2795 1948 2826 monitoriis
1966 2794 2030 2825 eis-

217 2861 291 2892 dem
318 2861 522 2893 dominabus
547 2861 729 2893 Abbatisse
755 2863 785 2892 et
811 2861 1021 2892 Monialibus
1046 2859 1254 2891 transmissis
1272 2858 1306 2889 fit
1344 2859 1478 2895 mentio,
1504 2861 1534 2890 et
1570 2859 1755 2889 occaxionc
1792 2858 1940 2888 omnium
1975 2857 2031 2887 de-

217 2923 443 2963 pendentium,
469 2924 706 2964 emergentium
733 2925 764 2954 et
788 2932 1029 2960 connexorum,
1055 2922 1160 2953 salvis
1186 2923 1293 2951 tamen
1321 2929 1453 2960 semper
1478 2920 1728 2961 suprascriptis,
1755 2920 1798 2950 ita
1823 2919 1914 2958 quod
1947 2926 2026 2949 casu

216 2994 284 3025 quo
310 2986 387 3016 dicti
414 2985 547 3016 domine
574 2985 757 3017 Abbatissa
782 2988 813 3016 et
840 2985 1007 3016 Moniales
1034 2993 1098 3015 non
1125 2983 1335 3019 attenderint,
1361 2991 1426 3013 non
1452 2982 1698 3023 adinpleverint
1715 2984 1746 3012 et
1765 2990 1829 3012 non
1857 2980 2027 3015 solverint,

215 3056 273 3079 seu
291 3048 454 3079 cessarint
480 3048 510 3078 in
537 3048 765 3079 solutionibus
791 3048 831 3078 de
857 3047 982 3087 quibus
1019 3054 1131 3087 supra,
1158 3054 1214 3085 per
1252 3053 1384 3076 menses
1413 3045 1500 3076 duos
1525 3046 1601 3084 post
1627 3044 1849 3083 receptionem
1877 3043 2025 3082 ipsorum
