2347 3444
293 188 353 220 168

401 347 473 353 .......
479 322 528 353 Ad
557 323 836 354 subdiaconatum

335 384 447 416 Frater
470 384 618 416 Zaninus
644 386 684 416 de
712 384 827 425 l’apia,
853 384 991 416 Ordinis
1017 384 1122 415 saneti
1150 382 1339 422 Augustini.

334 446 447 478 Frater
472 446 669 478 Dominicus
695 448 736 479 de
763 447 884 478 Lancia
910 446 1047 477 Ordinis
1073 445 1178 476 saneti
1207 444 1397 484 Augustini.

1043 610 1349 650 CCCLXIV.

376 722 535 758 Religiosi
560 720 770 757 Agostiniani
795 719 963 756 promossi
987 719 1053 755 agli
1078 718 1195 748 Ordini
1220 719 1316 748 sacri.

906 833 1060 863 1472,
1090 833 1346 864 lxlznggio‚
1376 833 1466 858 23.

850 921 926 942 ¹Ai‘cli.
944 921 1024 941 Notar,
1042 921 1063 941 di
1082 920 1152 941 anm
1168 932 1192 934 -
1209 921 1256 941 Atti
1273 921 1294 941 xli
1312 921 1429 942 Lodovico
1446 921 1531 947 Leggi).

301 1094 303 1164 ἐ
339 1107 483 1222 M
529 1124 738 1159 CCCCLXXU,
765 1119 926 1151 inditione
952 1119 1079 1159 quinta,
1105 1120 1158 1151 die
1185 1120 1305 1157 sabati,
1332 1118 1433 1160 XXllJ
1461 1119 1553 1158 Maii,
1585 1120 1664 1152 liora
1690 1121 1877 1152 terciarum.

641 1182 845 1222 lnfrascripti
873 1184 949 1213 sunt
976 1183 1198 1222 promovendi
1225 1183 1266 1214 ad
1293 1191 1409 1214 sacros
1435 1180 1581 1214 Ordines
1606 1185 1638 1214 et
1663 1183 1796 1223 primo:

416 1280 451 1281 ἡ
684 1244 734 1276 Ad
762 1246 902 1285 primam
929 1247 1101 1276 tonsuram

373 1307 485 1339 Frater
510 1307 627 1339 Daniel
654 1308 695 1339 de
722 1308 918 1340 Mediolano
945 1306 1084 1339 Ordinis
1110 1308 1217 1339 sancti
1244 1306 1350 1339 Pauli.

372 1369 484 1401 Frater
510 1369 566 1401 lob
592 1370 632 1401 de
658 1369 767 1401 Brisia
793 1369 931 1402 Ordinis
957 1372 1073 1401 sancte
1100 1369 1284 1401 Mustiolle.

438 1432 488 1463 Ad
516 1435 659 1473 quatuor
684 1433 831 1464 minores
856 1431 1004 1464 Ordines

372 1494 484 1526 Frater
509 1494 626 1526 Daniel
654 1495 694 1526 de
721 1495 918 1526 Mediolano
944 1493 1084 1526 Ordinis
1110 1495 1216 1527 sancti
1245 1494 1351 1527 Pauli.

371 1557 483 1588 Frater
509 1557 565 1589 lob
591 1558 632 1589 de
659 1557 768 1589 Brisia
794 1556 933 1589 Ordinis
959 1559 1073 1589 sancte
1100 1557 1284 1589 Mustiolle.

438 1610 488 1642 Ad
515 1611 744 1643 sacerdotium

328 1672 440 1704 Frater
465 1672 616 1714 Angelus
642 1674 683 1705 de
711 1673 926 1707 Rusconibus
952 1675 1068 1705 sancte
1094 1672 1256 1705 Mustiole
1275 1671 1335 1713 (1).

1052 1848 1332 1889 CCCLXV.

372 1967 437 1994 Fra
463 1966 616 1995 Cornelio
641 1967 682 1994 da
706 1966 814 1995 Biella
838 1968 1058 1995 Procuratore
1083 1966 1115 1995 di
1139 1967 1172 1995 S.
1198 1967 1300 1995 Paolo
1325 1967 1478 2004 acquista
1503 1976 1547 1995 un
1571 1971 1704 1996 terreno
1728 1975 1846 2004 presso
1871 1966 1893 1995 il
1913 1967 2097 1996 Convento.

938 2080 1088 2113 1472,
1118 2081 1355 2113 gitugllo,
1384 2081 1458 2106 12.

845 2177 922 2198 *Arclr
940 2177 960 2198 di
977 2177 1044 2198 stato
1061 2178 1082 2198 di
1099 2179 1194 2199 Milano.
1212 2190 1235 2192 —-
1252 2179 1355 2204 Pergam,
1373 2179 1394 2199 di
1411 2178 1432 2199 S.
1452 2178 1538 2203 Panlo).

391 2361 436 2475 I
531 2380 553 2405 Ν
581 2374 695 2415 Papia,
723 2376 752 2405 in
780 2376 881 2405 domo
907 2376 1030 2406 nobilis
1049 2375 1172 2406 Fenoni
1192 2376 1232 2407 de
1253 2375 1433 2407 Eustacliio
1459 2376 1629 2415 quondam
1646 2375 1813 2411 Iohannis,
1833 2374 1930 2406 porte
1949 2374 2098 2406 Pertuxii

554 2436 715 2468 Parocliie
742 2438 846 2468 sancti
875 2437 1056 2468 Theodori.
1095 2436 1328 2469 Cliristoforus
1354 2438 1395 2469 de
1422 2436 1590 2474 (landino,
1617 2437 1749 2468 nomine
1775 2436 2030 2478 Domenegliine
2056 2437 2097 2469 de

555 2499 715 2531 Rolandis
742 2500 814 2531 eius
841 2501 968 2537 uxoris,
996 2501 1102 2540 pretio
1130 2501 1287 2531 librarum
1313 2499 1795 2539 trigintatriumimperialium,
1823 2499 1974 2530 vendidit
2002 2508 2102 2530 vene-

288 2562 380 2592 raliili
410 2562 480 2591 viro
506 2562 642 2591 domino
669 2562 758 2592 fratri
786 2561 943 2593 Cornelio
969 2563 1010 2593 de
1038 2562 1188 2602 Bugella,
1207 2562 1346 2593 Ordinis
1366 2562 1606 2593 Heremitarum
1626 2561 1730 2592 sancti
1751 2561 1942 2601 Augustini,
1961 2562 1991 2592 in
2011 2559 2102 2593 Con-

288 2626 387 2654 ventu
416 2624 521 2654 sancti
549 2623 642 2654 Pauli
670 2628 763 2654 extra
791 2634 903 2655 muros
930 2625 1077 2655 civitatis
1104 2624 1217 2664 Papie,
1245 2625 1373 2665 peciam
1402 2633 1499 2654 unam
1519 2627 1602 2654 terre
1621 2624 1763 2659 zerbide,
1783 2624 1983 2663 perticarum
2003 2623 2099 2655 trium

288 2689 318 2717 et
344 2685 533 2716 taliulurum
561 2687 700 2716 trium...t
729 2695 833 2725 prope
860 2687 982 2717 dietant
1010 2687 1154 2718 ecelesia
1181 2687 1285 2718 sancti
1314 2686 1419 2723 Pauli,
1445 2696 1486 2717 ex
1514 2686 1607 2725 pecia
1635 2695 1699 2716 una
1718 2689 1801 2717 terre
1820 2687 2020 2726 perticarum
2040 2695 2100 2717 sex

289 2751 319 2779 et
346 2748 532 2778 tabularum
560 2756 619 2778 sex
647 2749 815 2778 communi
843 2758 916 2779 cum
945 2750 1020 2788 ipso
1047 2750 1249 2780 monasterio
1268 2748 1327 2787 (2).

378 2809 499 2840 Nolui:
528 2809 592 2840 loli.
621 2809 853 2840 Bartoloineus
892 2811 932 2841 de
970 2810 1136 2842 Gandello
1174 2811 1344 2851 quondam
1383 2810 1548 2841 Laurentii
1576 2814 1605 2841 et
1640 2809 1803 2841 Baldasar
1839 2811 1879 2842 de
1918 2810 2101 2851 Regalibus

290 2871 416 2902 domini
444 2870 589 2902 Antonii.

349 3030 378 3052 (1)
394 3029 449 3049 Vetti
466 3029 478 3049 il
495 3029 634 3049 documenti·
651 3028 686 3049 del
701 3029 713 3048 5
728 3029 854 3049 settembre
872 3029 927 3049 14:51⁸.
1224 3032 1332 3053 goinentu
1342 3029 1503 3053 dell'attivitir,
1520 3035 1561 3050 con
1578 3030 1613 3050 cul
1630 3030 1734 3050 lflnuovn
1758 3030 1880 3051 Coniunitn
1897 3031 1917 3051 tli
1934 3030 1956 3051 S.
1975 3030 2045 3051 l’aulo
2061 3030 2099 3050 mi-

351 3074 380 3096 (2)
397 3074 487 3097 Questn
505 3079 623 3098 composa,
645 3078 709 3093 coine
722 3073 796 3098 quella
813 3073 848 3093 del
864 3073 915 3093 doe
933 3079 952 3093 nv
971 3073 1104 3096 CCCNLlll,
1120 3074 1131 3093 e
1147 3080 1180 3093 ar·
1237 3080 1289 3094 rava
1306 3080 1317 3094 a
1335 3074 1429 3094 rendere
1445 3074 1584 3099 importante
1601 3074 1613 3094 il
1630 3075 1724 3100 proprio
1740 3074 1867 3096 convento.
