2347 3444
1911 161 1953 192 93

891 369 1209 411 CCXLVIII.

233 478 475 515 Disposizioni
500 479 768 508 testamentarie
794 479 828 507 di
854 479 973 507 pietro
999 478 1131 507 Vecchi
1157 477 1192 506 di
1218 478 1392 514 Bergamo
1418 487 1437 506 a
1463 478 1584 506 favore
1610 478 1645 506 di
1671 478 1706 507 S.
1734 478 1920 514 Agostino,

779 574 932 605 1433,
960 574 1235 604 fenus-nio,
1265 573 1303 597 1.

625 662 701 685 (Arcti⁴
719 663 798 683 Notat⁴
815 663 836 683 di
854 662 931 683 Pavia.
948 673 973 676 —
988 661 1035 682 Atti
1052 662 1073 682 di
1089 661 1146 682 Gran
1164 661 1279 682 Lodovico
1295 660 1470 686 Strazzapatn).

160 764 162 832 l
250 766 298 881 Ι
380 761 411 827 &N
437 778 552 820 Papia,
580 780 610 810 in
637 788 767 811 camera
794 780 977 811 cubiculari
1003 779 1125 811 domus
1151 779 1368 810 habitationis
1395 778 1596 820 infrascrIpti
1628 780 1808 817 testatoris,
1835 780 1897 811 site
1925 779 1955 810 in

160 834 162 922 Ι
381 839 382 843 ’
410 841 509 873 Porta
534 843 640 873 sancti
668 841 754 873 Petri
781 842 822 873 ad
850 851 989 880 murum,
1016 843 1046 873 in
1074 841 1237 873 Parocliia
1263 843 1378 873 sancte
1406 841 1512 873 Marie
1532 842 1562 872 in
1582 842 1741 882 perticha,
1768 840 1887 873 Petrus
1913 842 1954 873 de

191 938 198 939 .
411 903 526 945 Vegiis
552 904 597 944 tq.
624 903 663 935 D.
691 903 846 936 Suardini
885 904 970 936 civis
1008 905 1250 944 pergamensis,
1289 912 1376 935 nunc
1413 912 1538 935 moram
1576 904 1713 935 trahens
1751 904 1781 934 in
1820 904 1954 935 civitate

144 964 291 1006 Papie....
319 967 512 1006 procuravit
549 974 646 998 suum
684 968 920 997 testamentum
958 966 1066 997 facere
1092 967 1123 997 in
1151 966 1238 997 hunc
1277 966 1412 997 modum
1418 991 1468 997 .....
1495 964 1673 1006 Disposuit
1711 966 1783 1006 ipse
1820 967 1959 997 testator

143 1028 217 1059 eius
243 1028 389 1059 cadaver
415 1028 550 1068 sepeliri
576 1028 699 1059 debere
726 1028 767 1059 ad
794 1028 970 1059 ecclesiam
998 1029 1102 1059 sancti
1130 1027 1308 1069 Augustini
1343 1027 1468 1068 Papie;
1496 1027 1573 1059 Item
1600 1028 1692 1059 dedit
1718 1030 1748 1059 et
1775 1028 1899 1068 legavit
1904 1053 1954 1059 .....

143 1089 232 1121 dicte
258 1090 400 1121 ecclesie
426 1091 532 1121 sancti
560 1089 738 1130 Augustini
767 1090 880 1130 Papie,
907 1099 967 1130 pro
994 1091 1190 1122 remissione
1224 1093 1437 1130 peccatorum
1464 1099 1612 1128 suorum,
1637 1090 1784 1121 florenos
1810 1090 1960 1130 quinque

145 1155 276 1184 monete
303 1153 512 1184 currentis...

922 1256 1188 1297 CCXLIX.

232 1364 338 1392 Frate
364 1364 520 1398 Stefano,
548 1364 765 1397 Eremitano,
805 1373 910 1392 cessa
947 1363 1030 1392 dall'
1049 1364 1312 1400 insegnamento
1337 1364 1431 1393 della
1456 1365 1627 1393 Filosofia
1652 1365 1732 1393 nell'
1752 1366 1957 1394 Universita

145 1425 278 1454 pavese
295 1416 358 1456 (1).

782 1495 936 1526 1463,
957 1501 1177 1526 marzo,
1206 1495 1296 1520 23.

654 1583 731 1605 (Aren.
749 1583 783 1603 del
801 1583 888 1604 Rettor.
905 1583 1027 1604 dell'Univ.
1045 1584 1066 1604 di
1088 1584 1157 1604 Pavia
1174 1595 1198 1597 —
1217 1584 1313 1605 Ducum.
1331 1584 1451 1610 originali).

211 1688 357 1804 M
387 1667 578 1748 jCCCCLllJ‘ss
604 1702 657 1733 die
684 1701 786 1742 XXllJ
813 1703 938 1733 marcii.
965 1702 1128 1733 Mandato
1154 1702 1350 1742 spectabilis
1388 1702 1501 1734 militis
1531 1701 1665 1734 Domini
1692 1703 1894 1736 Bartolomei
1921 1704 1963 1736 de

387 1753 388 1811 ἒ
416 1763 579 1805 Corrigiis
606 1765 755 1805 magistri
783 1765 975 1796 intratarum
1003 1767 1033 1796 et
1059 1763 1199 1796 Camere
1226 1764 1489 1796 Possessionum
1504 1774 1542 1797 ac
1559 1765 1786 1798 Referendarii
1807 1765 1963 1798 Civitatis

173 1861 205 1863 Π
298 1862 358 1864 vj
387 1843 388 1846 κ
415 1829 446 1858 et
471 1824 659 1858 Comitatus
686 1826 800 1867 papie,
827 1829 858 1859 et
884 1828 915 1858 in
942 1827 1141 1858 executione
1169 1827 1349 1858 litterarum
1387 1827 1556 1859 ducalium
1595 1829 1785 1868 patencium
1824 1838 1964 1861 conces-

149 1896 260 1920 sarum
287 1889 421 1929 egregio
446 1889 564 1920 artium
591 1890 621 1920 et
648 1889 811 1920 medicine
836 1889 965 1920 doctori
991 1889 1128 1920 domino
1155 1889 1314 1930 magistro
1352 1889 1488 1921 Iohanni
1514 1891 1555 1922 de
1581 1889 1774 1931 Giringelis‚
1811 1892 1962 1924 datarum

149 1950 334 1982 Mediolani
360 1952 414 1982 die
440 1951 548 1991 primo
584 1950 740 1982 februarii
777 1952 929 1991 proxime
965 1952 1122 1992 preteriti,
1161 1952 1409 1992 registratarum
1447 1953 1488 1984 ad
1527 1953 1759 1985 cancellariam
1798 1953 1963 1987 Comunis

148 2011 264 2053 Papie,
290 2022 348 2053 per
374 2011 592 2044 Cancelarios
618 2016 648 2044 et
675 2013 907 2046 Rationatores
933 2014 1010 2044 dicti
1038 2012 1212 2051 Cominus,
1239 2023 1340 2055 super
1366 2015 1458 2046 libris
1486 2014 1594 2048 Rotuli
1623 2016 1833 2047 dominorum
1873 2016 1963 2049 Doc-

148 2076 254 2106 torum
281 2076 357 2107 anni
384 2075 562 2115 presentis,
589 2076 620 2106 in
647 2078 676 2106 ct
702 2085 805 2116 super
830 2076 956 2115 quibus
982 2077 1174 2116 descriptus
1202 2077 1385 2116 reperiatur
1410 2077 1451 2108 ad
1479 2077 1638 2109 lecturam
1665 2079 1867 2110 ordinariam
1887 2079 1961 2119 phi-

149 2137 303 2178 losophie
330 2138 360 2168 in
388 2138 510 2169 celebri
537 2136 656 2169 Studio
683 2138 836 2178 papiensi
864 2138 1023 2178 magister
1048 2137 1217 2170 Stetfanus
1243 2139 1370 2170 ordinis
1408 2139 1649 2171 Heremitarum
1683 2141 1894 2179 cancelletur,
1933 2143 1963 2173 et

149 2200 257 2240 ipsius
284 2201 357 2232 loco
383 2201 595 2232 describatur
620 2201 791 2240 predictus
817 2201 974 2231 dominus
1001 2202 1159 2240 magister
1184 2200 1348 2232 lohannes
1374 2201 1415 2233 de
1442 2200 1634 2242 Giringelis
1661 2205 1721 2234 etc.

1044 2357 1175 2397 CCL.

238 2465 304 2493 Per
329 2465 351 2492 l'
368 2465 531 2493 onorario
557 2465 591 2493 di
618 2465 705 2493 frate
732 2465 897 2493 Gabriele
924 2465 1058 2497 Sforza.
1087 2466 1302 2499 Eremstano,
1331 2466 1540 2495 Professore
1566 2467 1881 2497 nell'Universita.

814 2560 968 2591 1463,
997 2560 1190 2591 aprile,
1220 2561 1296 2586 16.

673 2648 748 2669 «Arcti.
766 2648 801 2668 del
819 2647 906 2669 Rcttor.
923 2647 1051 2669 dell'Univ.
1068 2648 1089 2668 di
1107 2648 1176 2669 l‘nvia
1202 2660 1224 2662 -
1242 2649 1338 2669 Docum.
1356 2649 1432 2675 orig),

165 2697 168 2840 Ι
386 2700 560 2794 ‘CCCCLHL
586 2757 640 2789 die
666 2757 738 2788 XVI
765 2757 891 2797 aprilis.

165 2843 167 2871 ί
209 2744 356 2861 M
503 2817 666 2850 Mandato
692 2819 927 2859 spectabilium
954 2819 1099 2849 virorum
1126 2819 1336 2853 dominorum
1365 2821 1589 2854 Bartholomei
1608 2823 1649 2854 de
1668 2821 1820 2863 Corrigia
1836 2823 1960 2859 militis,

165 2873 167 2899 Ι

415 2884 563 2921 magistri
579 2885 771 2916 intratarum
786 2887 817 2916 et
836 2894 964 2917 camere
980 2885 1236 2925 possessionum
1255 2894 1292 2916 ac
1308 2884 1535 2917 Referendarii
1552 2883 1708 2916 Civitatis
1723 2887 1753 2916 et
1771 2883 1960 2916 Comitatus

206 3037 236 3062 (l)
252 3038 293 3059 Per
308 3038 509 3061 l'identilicazionc
524 3040 545 3061 di
561 3042 646 3066 questo
661 3040 719 3061 frate
743 3040 838 3061 Stelaino
859 3041 910 3061 verti
927 3041 939 3061 il
956 3040 1025 3061 docu-
1080 3042 1156 3061 mento
1173 3046 1193 3060 nv
1210 3040 1285 3061 CCVl⁴
