2347 3444
256 259 320 291 366

253 397 315 427 est,
342 400 496 423 sermone
524 400 581 431 per
609 390 877 430 suprascriptum
898 387 1116 419 reverendum
1138 389 1264 426 patrem
1284 385 1457 415 dominum
1478 384 1672 424 magistrum
1694 382 1873 413 Iohannem
1893 381 2075 412 Antonium

255 455 294 486 de
321 458 437 485 sancto
464 453 618 487 Nazario,
645 452 785 484 Ordinis
812 451 1053 482 Heremitarum
1081 449 1186 479 sancti
1223 447 1414 487 Augustini,
1442 446 1472 476 in
1499 454 1593 477 sacra
1619 445 1790 485 theologia
1828 444 1999 475 doctorem
2026 452 2078 474 ce-

255 517 478 552 leberrimum,
504 516 547 546 ab
574 516 718 555 ipsoque
745 515 883 545 domino
911 513 1008 543 fratre
1037 511 1294 543 l3rsrtholl-:nne‹›,
1323 509 1353 539 in
1382 508 1539 539 manibus
1567 508 1690 538 nostris
1711 507 1861 547 prestito,
1880 510 1940 537 etc.
1958 505 2076 545 (segue

256 588 346 610 come
372 587 470 618 sopra
489 577 562 618 sino
589 576 626 616 ιι)
641 588 650 608 .·
677 578 786 608 dictus
814 575 1058 606 Bertollameus
1078 582 1134 613 per
1154 571 1318 612 prefatum
1346 570 1478 601 fratrem
1500 569 1679 600 Iohannem
1700 569 1881 600 Antonium
1901 569 1941 599 de
1960 571 2077 599 saneto

256 641 398 672 Nazario
427 641 456 670 in
484 648 578 671 sacra
617 639 787 678 theologia
826 637 1021 676 magistrum
1061 635 1273 674 vesperiatns
1300 633 1372 670 fuit,
1399 637 1432 663 ut
1459 633 1561 663 moris
1587 634 1647 668 est,
1674 632 1850 671 eidemque
1884 630 1974 662 fratri
2002 629 2079 661 Ber-

255 703 450 738 tliollorneo,
475 707 536 733 etc.
562 699 670 739 (come
695 698 810 740 sopra)
836 699 977 737 eiusque
1004 697 1116 737 capiti,
1143 697 1183 727 de
1211 696 1314 726 nostri
1354 695 1484 725 licentia
1519 703 1577 734 per
1602 694 1744 724 eundem
1783 702 1876 724 sacre
1910 693 2078 733 theologie

257 766 452 805 magistrum
480 765 653 795 dominum
682 762 814 793 fratrem
843 761 1022 792 Iohannem
1051 759 1233 790 Antonium
1262 758 1419 788 birretum
1447 756 1640 797 magistrale
1667 756 1845 787 rotondum
1881 756 2076 796 impositum

257 832 317 863 est,
344 833 404 859 etc.
431 824 540 865 (come
565 834 663 866 sopra
682 825 755 864 sino
782 822 838 861 ‹1):
878 822 998 854 Datum
1038 824 1067 853 et
1105 824 1215 852 actum
1255 820 1368 860 Papie,
1396 821 1426 851 in
1454 819 1530 850 aula
1558 828 1678 859 magna
1707 817 1837 849 Pallatii
1866 818 2080 858 Episcopalis

257 891 442 931 papiensis,
469 890 532 920 sul)
558 898 646 919 anno
673 887 868 918 Nativitatis
907 884 1041 916 Domini
1081 884 1260 915 millesimo
1298 882 1647 923 quinquecentesimo‚
1682 881 1850 912 indicione
1891 881 2002 917 tercia,
2028 880 2080 911 die

261 954 433 993 trigesimo
461 952 587 982 mensis
615 950 708 986 lullii,
737 950 817 979 hora
844 956 1074 988 vesperarum,
1101 945 1317 987 presentibus
1343 945 1498 976 discretis
1536 945 1618 975 viris
1643 942 1790 984 Symone
1816 945 1846 974 et
1872 942 1990 974 Nicola
2016 941 2081 973 fra-

259 1016 366 1046 tribus
392 1016 432 1045 de
459 1013 628 1049 Garaldis‚
667 1012 745 1043 filiis
783 1011 954 1051 quondam
994 1009 1144 1050 magistri
1184 1008 1282 1045 Petri,
1317 1007 1451 1039 bidellis
1477 1006 1693 1048 generalibus
1719 1006 1805 1037 dicte
1832 1005 2082 1042 Universitatis‚

265 1078 340 1109 inde
367 1077 522 1108 testibus.

349 1140 379 1170 ln
407 1139 508 1170 simili
537 1138 654 1175 forma,
682 1138 746 1169 sub
773 1137 826 1168 die
852 1140 882 1168 et
910 1137 990 1167 hora
1018 1135 1282 1176 suprascriptis:

350 1202 495 1232 Domino
522 1201 611 1232 fratri
639 1199 789 1232 Gabrieli
817 1200 858 1231 de
884 1198 1030 1231 Savietis
1057 1198 1196 1229 Ordinis
1223 1197 1374 1238 predicti,

354 1264 499 1295 Domino
526 1263 616 1294 fratri
644 1262 762 1294 Paullo
789 1263 829 1293 de
857 1262 957 1293 lanua
984 1260 1123 1293 Ordinis
1149 1260 1301 1301 predicti,

351 1326 497 1357 Domino
522 1325 613 1357 fratri
642 1325 820 1356 Francisco
847 1324 887 1355 de
914 1323 1027 1355 Tortis
1053 1322 1192 1355 Ordinis
1218 1323 1368 1363 predicti.

1047 1471 1297 1512 DCXLV.

354 1576 483 1611 Legato
509 1573 767 1603 testamentario
792 1574 880 1602 della
904 1573 980 1601 nob.
1009 1572 1167 1601 Caterina
1191 1572 1344 1600 Landolfi
1370 1570 1513 1599 Nazzari
1537 1580 1556 1599 a
1581 1570 1696 1598 favore
1721 1569 1754 1598 di
1778 1570 1811 1598 S.
1839 1569 1953 1597 Paolo.

897 1659 1057 1689 1500,
1087 1660 1315 1690 agosun
1345 1658 1403 1682 2(
1423 1673 1436 1683 .

829 1740 906 1763 (Aren
925 1740 1004 1761 Notar.
1023 1740 1043 1760 di
1062 1740 1131 1760 Pavia
1148 1751 1172 1753 —
1188 1739 1236 1760 Atti
1253 1739 1274 1759 di
1291 1739 1395 1765 Caspare
1411 1739 1511 1760 Tacconi
1529 1756 1533 1759 .

340 1839 461 1955 N
517 1856 607 1882 ELLA
632 1860 712 1882 caso
738 1850 792 1882 del
814 1851 937 1885 notaio,
964 1851 995 1881 1'11
1017 1849 1213 1890 parroccln‘a
1239 1849 1273 1880 di
1297 1848 1330 1880 S.
1356 1848 1465 1879 Marso
1483 1848 1613 1879 Nuova.
1637 1847 1844 1878 Testamento
1862 1845 1949 1877 della
1967 1845 2092 1876 nobilis

539 1917 570 1945 et
595 1914 729 1955 egregia
756 1916 906 1944 matrona
933 1913 1069 1944 domina
1095 1911 1278 1945 Catherina
1304 1912 1344 1943 de
1372 1911 1555 1947 Landulfis,
1582 1910 1648 1941 tilia
1675 1909 1847 1950 quondam
1875 1909 2000 1939 domini
2033 1907 2095 1940 Ra-

489 2012 495 2013 ?
539 1977 637 2008 faelis
663 1979 693 2007 et
719 1976 832 2007 relicta
859 1976 1031 2016 quondam
1058 1976 1182 2016 egregii
1209 1974 1372 2006 causidici
1414 1973 1541 2004 domini
1580 1972 1707 2003 Mathei
1734 1972 1774 2003 de
1800 1971 1952 2002 Nazariis
1957 1996 2007 2001 .....
2044 1969 2096 2001 col

271 2040 369 2080 quale
395 2042 591 2071 testamento
617 2039 673 2070 dat
699 2042 729 2070 et
757 2039 844 2079 legat
871 2039 1077 2069 monasterio
1103 2038 1209 2069 sancti
1239 2036 1333 2068 Pauli
1360 2045 1418 2067 sen
1446 2036 1594 2067 dominis
1621 2034 1726 2066 Priori
1752 2037 1783 2066 et
1802 2034 1974 2065 Fratribus
2006 2034 2095 2064 eius·

271 2103 345 2134 dem
373 2102 566 2133 monasterii
594 2102 647 2132 siti
675 2103 768 2132 extra
794 2103 825 2132 et
852 2110 956 2141 prope
983 2099 1122 2140 Papiam
1149 2100 1298 2131 florenos
1323 2099 1491 2139 triginta...
1518 2097 1764 2138 expendendos
1783 2099 1813 2128 et
1832 2106 1920 2137 quos
1949 2098 2095 2138 expendi

274 2165 344 2196 vult
370 2169 400 2195 et
427 2164 517 2195 iubet
545 2165 575 2194 in
602 2163 729 2195 fabrica
756 2164 834 2194 dicti
862 2163 1067 2199 monasterii,
1094 2171 1167 2193 cum
1206 2171 1306 2193 onere
1332 2164 1362 2192 et
1388 2161 1583 2202 gravamine
1620 2160 1811 2191 celebrandi
1839 2160 1869 2190 in
1896 2168 2010 2192 eorum
2047 2169 2100 2191 ec-

273 2228 376 2259 clesia
402 2227 551 2258 officinm
580 2236 681 2257 unum
708 2236 781 2258 cum
810 2227 914 2257 missa
941 2235 1061 2266 magna
1087 2228 1118 2256 et
1145 2226 1260 2256 missis
1286 2225 1401 2265 parvis
1419 2233 1436 2255 a
1456 2224 1596 2254 mortuis
1623 2232 1682 2263 pro
1701 2223 1811 2254 anima
1832 2223 1940 2262 ipsius
1959 2223 2093 2254 domine

276 2290 456 2321 testatricis
473 2286 536 2327 (l).

1053 2356 1328 2396 DCXLVI.

366 2459 393 2487 11
421 2458 582 2494 Capitolo
609 2458 643 2486 di
670 2458 703 2489 S,
735 2457 910 2493 Agostino
936 2457 1107 2485 rinnuova
1133 2458 1167 2485 la
1193 2457 1405 2485 investitura
1431 2455 1487 2484 dei
1513 2455 1591 2483 beni
1618 2455 1652 2483 di
1680 2455 1892 2484 Parasaceo.

862 2544 1024 2573 1600,
1054 2545 1400 2573 settennn·e,
1430 2544 1519 2567 23.

784 2624 861 2647 (Aren.
879 2623 959 2644 Notat
986 2623 1007 2643 di
1026 2623 1095 2644 ania
1113 2634 1135 2637 —
1152 2623 1200 2644 Atti
1217 2623 1239 2643 di
1256 2623 1369 2643 Giovanni
1387 2622 1464 2643 l’ietro
1481 2622 1602 2647 linodcui).

389 2720 436 2834 l
532 2738 554 2763 Ν
582 2733 654 2764 loco
682 2733 779 2763 solite
805 2730 1085 2773 congregacionis
1111 2731 1260 2772 Capituli
1288 2730 1488 2764 Conventus
1513 2732 1619 2763 sancti
1646 2730 1825 2771 Augustini
1854 2730 1968 2771 Papie,
1994 2732 2059 2762 sito
2077 2734 2107 2763 et

556 2795 781 2834 respondente
808 2795 973 2825 deversus
999 2795 1142 2834 primum
1168 2794 1386 2825 claustrum...
1412 2792 1612 2826 Convocato
1638 2791 1830 2833 Capitulo..,
1869 2793 1909 2824 de
1947 2793 2106 2824 mandato

338 2894 343 2895 ⁷
415 2894 422 2895 ἶ
557 2857 730 2888 reverendi
757 2857 884 2887 domini
912 2856 1023 2887 fratris
1050 2856 1136 2888 Petri
1164 2856 1320 2897 Morigie,
1347 2854 1474 2886 Prioris
1499 2855 1577 2885 dicti
1603 2856 1803 2892 conventus,
1830 2855 1948 2894 inquo
1974 2855 2109 2895 quidem

288 2920 448 2962 Capitulo
475 2919 641 2950 fuerunt...
668 2918 818 2958 prefatus
845 2918 1003 2949 dominus
1023 2917 1116 2949 Prior
1134 2921 1165 2949 et
1183 2927 1256 2949 cum
1276 2927 1349 2949 eo...
1369 2917 1574 2948 reverendus
1593 2916 1751 2947 dominus
1771 2917 1929 2957 magister
1948 2916 2113 2948 lohannes

297 3062 399 3088 presenti
416 3061 475 3081 nellu
491 3062 570 3081 stesso
585 3059 667 3084 giorno
683 3060 778 3084 quattro
801 3057 918 3078 candidati
941 3058 962 3078 :tl
985 3058 1123 3083 Magistero.
1146 3058 1176 3078 Le
1284 3058 1314 3081 (l)
1331 3058 1345 3078 ll
1369 3058 1511 3078 testamento
1533 3057 1556 3077 in
1579 3057 1702 3078 rinnovatu
1717 3057 1738 3077 ai
1755 3057 1767 3077 2
1782 3057 1803 3077 di
1820 3062 1899 3077 marzo
1918 3057 1968 3078 1502
1992 3062 2034 3078 con
2058 3058 2110 3077 aito

297 3107 434 3128 turbolenzc
450 3105 559 3131 politicus:
575 3104 597 3124 di
614 3103 690 3129 questi
707 3103 780 3123 ultimi
791 3103 844 3123 :inni
856 3108 900 3122 non
913 3103 1004 3123 valsero
1015 3108 1027 3123 a
1039 3103 1174 3127 distrigliere
1230 3102 1291 3122 dello
1307 3103 1385 3122 stesso
1401 3102 1488 3125 notaio,
1505 3107 1541 3121 ma
1557 3101 1580 3121 in
1597 3103 1732 3122 mantenuta
1755 3101 1838 3121 intatta
1855 3101 1874 3121 la
1890 3101 2048 3126 disposizione
2071 3106 2110 3126 per

299 3152 328 3177 gli
344 3150 488 3177 Agustiniani
505 3149 566 3174 dagli
582 3148 652 3169 studi
1232 3146 1254 3167 S.
1273 3146 1352 3167 Paolo.
