2347 3444
1909 161 1950 191 79

143 291 250 331 luogo,
277 292 456 322 convocato
481 289 505 322 il
528 290 669 331 capitolo
695 290 736 322 de
763 290 919 322 mandato
945 289 1147 321 venerabilis
1171 289 1296 320 domini
1324 289 1433 321 fratris
1460 289 1545 321 Petri
1571 290 1612 321 de
1638 289 1754 322 Calvis
1780 292 1820 322 ue
1848 292 1947 323 Bina-

144 353 227 385 scho
260 351 384 383 prioris
413 352 576 384 dictorum
614 354 802 384 conventus
839 355 870 384 et
906 351 1081 384 ecclesie...
1109 352 1139 383 in
1177 360 1245 392 quo
1282 352 1417 392 quidem
1456 352 1603 392 capitulo
1640 352 1793 384 afuerunt
1819 356 1849 384 ct
1876 358 1951 385 sunt

144 415 215 455 ipse
241 414 397 445 dominus
424 413 518 445 Prior
543 416 573 446 et
598 424 672 446 cum
699 424 771 446 eo...
798 414 1002 446 reverendus
1021 414 1051 445 in
1071 422 1165 445 sacra
1185 414 1307 454 pagina
1327 414 1487 454 magister
1504 414 1661 445 dominus
1679 414 1778 446 trater
1797 414 1953 446 Albertus

143 477 184 508 de
211 475 352 516 Crispis,
380 486 439 507 nec
467 486 530 507 non
559 477 779 508 venerabilles
805 477 929 508 domini
958 476 1074 507 fratres
1101 476 1297 507 Laurentius
1323 476 1364 507 de
1390 476 1487 507 Binis
1528 477 1684 513 biblicus,
1721 476 1887 517 Georgius
1914 478 1954 508 dc

144 538 308 570 Pusterlla
339 538 433 569 Prior
452 538 630 576 placentie,
650 537 763 570 Guido
781 539 822 570 de
841 538 988 576 Franzia,
1016 538 1180 570 lohannes
1207 538 1431 569 Francischus
1449 539 1490 569 dc
1516 538 1741 570 Trovamallis
1770 539 1811 570 de
1842 538 1952 576 Sallis,

144 599 326 638 Quintinus
352 600 393 632 de
419 600 609 639 Tornacho,
649 600 813 632 lohannes
839 601 879 632 de
906 600 1030 641 Vegiis,
1069 600 1232 631 lohannes
1257 600 1298 631 de
1326 599 1474 637 Franzia,
1513 600 1737 631 Heustacliius
1764 601 1805 631 de
1839 600 1955 638 Nocte,

144 662 310 695 Antonius
336 663 376 694 de
403 662 521 701 Gallis,
542 662 705 694 lohannes
724 663 764 694 de
785 662 957 694 Alamania
984 665 1014 694 et
1041 662 1216 694 Marcnion
1236 662 1276 693 de
1296 662 1452 693 Luzino...
1480 664 1749 702 representantes
1776 662 1953 702 plusquam

144 725 230 756 duas
257 727 368 765 partes
393 725 556 756 (lictorum
584 726 770 756 conventus
789 727 818 756 et
836 725 1019 765 capitulli...
1046 734 1119 756 cum
1147 725 1326 765 presentia,
1354 725 1497 762 licentia,
1523 725 1718 756 auctoritate
1738 726 1767 755 et
1786 734 1954 756 consensu

145 796 182 819 ae
210 787 440 818 insinuacione
468 786 639 818 reverendi
667 787 697 817 in
725 795 819 818 sacra
847 787 969 827 pagina
996 787 1143 827 magistri
1171 787 1295 817 domini
1323 786 1432 818 fratris
1458 785 1594 818 Steflani
1622 787 1662 818 (lc
1682 786 1824 817 Marinis
1853 787 1957 826 patris

145 848 375 890 provinciallis
403 849 574 888 provincie
602 848 799 880 Lombardie
849 848 986 880 Ordinis
1013 848 1161 880 Fratrum
1201 848 1440 880 Heremitaruin
1467 849 1574 880 sancti
1602 847 1792 889 Augustini,
1831 849 1952 879 ibidem

146 912 346 952 presentis...
372 910 558 942 deliberatio
584 910 618 941 a'i
642 910 822 949 accogliere
847 910 881 941 la
906 911 1073 942 domanda
1098 910 1185 941 della
1209 910 1317 941 nobile
1340 910 1485 942 Tismina
1505 910 1613 943 Ozola
1631 912 1661 941 ct
1681 911 1741 941 noe
1761 919 1951 950 procorum

145 974 247 1005 tercio
273 975 412 1004 tractatu
439 974 470 1004 et
496 981 556 1012 pro
589 972 689 1003 tercia
723 972 983 1004 deliberacione.

234 1034 358 1074 Qainali
380 1034 465 1065 nello
491 1036 595 1065 stesso
619 1035 737 1073 giorno
763 1043 779 1065 e
803 1034 888 1065 nvllo
914 1037 1018 1065 stesso
1044 1035 1143 1073 luogo
1169 1034 1284 1066 all'ora
1310 1035 1344 1066 (li
1368 1035 1537 1075 corripieta,
1557 1034 1610 1066 nel
1626 1035 1779 1075 capitolo,
1797 1035 1864 1065 allo
1883 1043 1956 1074 pre-

143 1105 243 1128 senza
269 1096 322 1128 ciel
346 1096 552 1127 Provinciale
577 1095 714 1136 Stefano
741 1096 869 1131 Marini,
897 1096 950 1127 del
975 1096 1086 1128 Priore
1112 1096 1220 1128 Pietro
1249 1096 1344 1129 Calvi
1367 1097 1401 1128 ali
1425 1096 1578 1133 Biiiasco,
1605 1106 1621 1128 e
1647 1097 1681 1128 a'i
1705 1097 1778 1128 tatii
1799 1096 1848 1135 gli
1883 1096 1958 1127 altri

143 1158 289 1198 religiosi
309 1158 368 1197 gia
394 1159 572 1193 aecerrrzati',
599 1167 692 1189 meno
719 1158 753 1189 (li
776 1158 955 1197 Ambrog‘io
981 1159 1023 1190 clo
1052 1158 1173 1191 Casale
1198 1168 1214 1190 e
1239 1159 1274 1190 di
1298 1159 1414 1190 Enrico
1440 1159 1533 1190 Notii
1556 1159 1599 1190 da
1625 1159 1742 1196 Biella,
1768 1160 1797 1189 si
1813 1159 1854 1199 fa
1880 1158 1958 1189 l'as-

143 1221 343 1260 segrzazione
368 1230 384 1252 e
409 1221 441 1252 la
467 1220 647 1252 tradizione
673 1220 740 1251 alla
765 1220 873 1251 nobile
904 1221 1048 1252 Tismiaa
1077 1221 1193 1257 Ozola,
1221 1221 1307 1252 della
1332 1221 1482 1261 cappella
1507 1221 1670 1257 suadella,
1698 1221 1761 1252 sub
1789 1221 1956 1252 vocabulo

145 1283 355 1314 devotissimi
382 1283 487 1314 sancti
514 1282 655 1323 Nicolay
682 1283 722 1314 de
749 1282 946 1319 'solentium
973 1292 988 1313 e
1014 1283 1045 1313 lo
1074 1283 1181 1315 Ozola
1200 1283 1242 1323 fa
1268 1284 1413 1314 cessioni·
1439 1283 1473 1314 al
1497 1285 1654 1314 convenio
1680 1283 1766 1314 delia
1791 1283 1956 1323 proprieti'z

143 1345 229 1377 della
256 1346 353 1385 vigna
379 1354 398 1376 a
424 1344 456 1377 S.
483 1345 624 1376 Martirio
651 1344 859 1381 Siccornario,
886 1345 968 1376 colle
993 1346 1110 1377 riserve
1132 1346 1191 1385 gia
1216 1348 1393 1377 accemzate
1421 1354 1482 1386 per
1504 1345 1709 1386 l'asofratto.

906 1492 1182 1532 CCXXIV.

234 1601 427 1638 Quietanza
453 1601 485 1629 d’
503 1601 614 1629 affitto
640 1600 822 1629 rilasciata
848 1600 906 1628 dal
932 1600 1112 1629 Convento
1138 1601 1172 1629 di
1199 1601 1233 1629 S.
1261 1601 1447 1637 Agostino.

790 1698 944 1728 1440,
970 1699 1207 1729 ottol)re‚
1233 1698 1309 1723 15.

716 1787 793 1810 (Ascli.
810 1787 889 1808 Notar.
907 1787 927 1807 di
945 1786 1022 1807 Pavia.
1039 1798 1063 1800 —
1079 1787 1126 1807 Atti
1142 1786 1163 1807 di
1180 1786 1284 1812 Gaspare
1301 1786 1384 1809 Ριιπῑῐ)Δ

251 1863 299 1977 Ι
390 1882 413 1908 Ν
439 1886 519 1908 casa
545 1877 598 1908 alel
633 1877 800 1909 caasia'iso
837 1877 979 1909 Antonio
1015 1877 1190 1914 Preottoni,
1218 1878 1248 1909 in
1270 1877 1465 1917 parroechia
1490 1877 1524 1908 a'i
1549 1876 1581 1909 S.
1615 1877 1694 1909 Vito.
1732 1877 1828 1908 Frate
1856 1876 1959 1909 Gaal-

412 1939 490 1970 terio
508 1939 547 1970 ale
567 1938 662 1971 Corte
683 1941 893 1979 procuratore
910 1939 963 1971 del
979 1941 1135 1971 convento
1153 1939 1187 1971 cii
1204 1939 1236 1972 S.
1255 1939 1425 1979 Agostbzo,
1445 1939 1593 1971 diclziara
1611 1940 1646 1971 cli
1662 1940 1797 1971 ricevere
1815 1940 1857 1971 a'a
1878 1939 1959 1971 Gia-

297 2036 338 2037 j
373 2036 375 2038 ,
411 2010 504 2032 como
529 2000 693 2041 Pergamo
718 2001 753 2033 cii
776 2001 809 2033 S.
834 2002 1003 2033 Nazzario
1029 2001 1218 2037 Lomellina,
1246 2002 1331 2033 venti
1351 2002 1463 2041 grossi
1471 2010 1533 2042 per
1543 2001 1649 2042 affitto
1668 2002 1702 2033 ali
1718 2011 1759 2033 aa
1778 2011 1873 2038 anno,
1892 2003 1958 2043 spi-

144 2064 215 2094 rato
233 2062 267 2094 al
279 2064 385 2103 primo
407 2065 547 2103 passato
573 2066 701 2103 agosto,
729 2064 764 2095 ali
787 2073 828 2095 un
850 2066 946 2104 prato
972 2064 1003 2095 in
1028 2064 1104 2103 quel
1139 2064 1238 2103 luogo
1263 2063 1459 2104 affittatogli
1483 2064 1540 2095 alal
1565 2063 1731 2096 Corwento
1746 2074 1756 2101 ,·
1782 2074 1797 2095 e
1823 2065 1857 2095 u'i
1881 2065 1959 2096 rice-

148 2133 217 2156 vere
242 2125 284 2156 cla
313 2125 468 2158 Ubertirio
496 2124 646 2158 Colleoni
669 2126 703 2157 cii
729 2125 925 2158 Cor-teoloaa
962 2126 1046 2157 dieci
1080 2125 1194 2157 sacclzi
1216 2126 1251 2157 di
1274 2126 1387 2166 segale
1419 2135 1480 2166 per
1502 2125 1610 2166 affitto
1636 2126 1670 2157 ali
1694 2126 1756 2157 clue
1781 2127 1860 2157 armi
1884 2135 1957 2157 sca-

144 2186 233 2218 denti
255 2187 289 2218 al
307 2188 471 2227 prossimo
498 2186 530 2220 S.
557 2187 699 2219 Martino
720 2196 782 2228 per
803 2196 868 2219 una
895 2188 993 2227 vigim
1019 2188 1049 2219 in
1078 2187 1273 2220 Corteolona
1299 2189 1333 2220 cli
1352 2188 1518 2229 proprieta
1543 2188 1596 2220 del
1625 2187 1789 2221 Conventa
1806 2187 1867 2227 (l).

927 2335 1176 2376 CCXXV.

235 2444 339 2472 Frate
365 2445 524 2473 Lorenzo
551 2444 632 2472 Biffi
657 2445 769 2473 vende
794 2454 861 2473 una
887 2453 972 2473 casa
998 2444 1170 2473 ereditata
1196 2444 1253 2472 dal
1280 2444 1459 2473 Convento
1483 2445 1518 2473 di
1544 2445 1579 2473 S.
1607 2445 1786 2476 Mostiola,

788 2540 883 2564 144
889 2540 941 2570 6,
968 2540 1205 2571 ott01u·e‚
1235 2539 1311 2564 17.

584 2627 659 2651 (Arch.
677 2628 756 2649 Notar.
773 2628 794 2648 di
812 2627 889 2648 Pavia.
906 2639 930 2641 —
947 2628 993 2648 Atti
1009 2627 1030 2648 di
1047 2627 1126 2648 Nicola
1142 2627 1177 2648 dei
1193 2627 1299 2652 Capitani
1316 2627 1337 2648 di
1354 2627 1504 2650 Vinanrerio).

254 2713 299 2828 Ι
388 2732 411 2758 Ν
437 2728 593 2759 domibus
620 2727 821 2768 infrascripti
848 2729 1034 2758 conventus
1060 2729 1175 2759 sancte
1203 2727 1375 2759 Mustiolle
1390 2730 1421 2759 ct
1440 2737 1544 2768 prope
1571 2737 1733 2759 cameram
1754 2728 1953 2768 infrascripti

410 2790 559 2830 magistri
587 2788 757 2821 Alberti....
785 2789 993 2821 Venerabilis
1020 2789 1069 2819 vir
1094 2789 1252 2820 dominus
1278 2789 1377 2821 frater
1415 2789 1612 2821 Laurentius
1630 2790 1670 2822 de
1689 2789 1783 2821 Bittis
1811 2790 1954 2821 biblicus

410 2854 440 2883 et
465 2851 564 2884 frater
588 2851 834 2883 conventuallis
860 2850 1059 2883 Conventus
1085 2854 1115 2882 et
1141 2851 1283 2883 ecclesie
1321 2853 1436 2883 sancte
1476 2852 1648 2884 Mustiolle
1680 2853 1866 2893 papiensi&
1892 2851 1955 2883 Or-

200 3011 229 3033 (1)
245 3009 412 3030 Riassuiniaino
427 3008 529 3029 soltanto
543 3008 670 3034 l'originale
685 3008 825 3029 documento
841 3009 923 3034 perclit-
939 3009 958 3028 la
979 3014 1020 3028 sua
1076 3007 1196 3028 Convento
1218 3008 1239 3028 di
1264 3007 1286 3028 S.
1312 3008 1432 3033 Agusium,
1451 3014 1462 3029 c
1484 3008 1506 3029 di
1528 3009 1572 3029 due
1597 3009 1763 3034 possediincnri
1788 3009 1847 3028 dcliii
1872 3009 1949 3028 stesso

147 3055 291 3080 iinportanza
312 3053 414 3074 consiste
434 3052 484 3073 solo
506 3052 541 3073 nel
557 3052 618 3073 darei
640 3052 725 3073 notizia
747 3052 783 3073 del
806 3052 958 3073 Prucnratore
981 3052 1015 3072 del
1071 3051 1199 3073 convento.
