2347 3444
1940 202 2002 234 347

194 340 378 380 quolibet...
404 340 481 371 Item
508 339 599 370 dedit
625 340 654 369 et
681 338 838 379 legavit...
866 337 1069 368 monasterio
1095 338 1125 367 et
1150 335 1330 367 conventui
1357 344 1394 366 ac
1420 335 1559 365 ecclesie
1586 336 1690 365 sancti
1720 334 1811 365 Pauli
1843 338 1935 366 extra
1962 336 2005 366 ei-

193 403 327 434 vitatem
355 402 458 433 libras
484 401 754 441 vigintiquinque
771 399 992 440 imperiales...
1019 399 1182 430 dandas...
1209 397 1293 428 infra
1308 406 1430 428 annum
1448 406 1547 427 unuin
1568 398 1643 437 posi
1660 399 1795 427 mortem
1813 398 1921 437 ipsius
1947 398 2005 427 do-

194 465 271 495 mini
298 465 478 498 testatoris,
505 473 564 504 pro
590 464 699 494 anima
727 463 835 502 ipsius
862 461 1031 492 testatoris
1046 463 1075 491 et
1092 461 1153 491 lioc
1168 460 1257 490 omni
1277 459 1470 499 temporem
1493 462 1699 498 perpetuum,
1718 468 1790 489 cnm
1813 460 1871 489 liac
1891 460 2007 489 condi-

191 528 286 558 cione
311 530 341 558 et
368 527 490 557 honere
517 525 682 562 videlicet,
709 525 799 564 quod
827 526 999 555 teneantur
1027 524 1110 563 ipsis
1136 523 1261 553 domini
1280 521 1372 552 Prior
1390 523 1420 552 et
1437 521 1565 552 Fratres
1593 521 1760 551 lredilicari
1782 521 1888 551 lacere
1907 530 2005 561 cape-

194 589 290 620 letam
307 597 404 619 unam
431 590 461 619 et
487 597 544 619 seu
571 587 673 618 altare
700 586 865 617 desubtus
892 586 999 616 locum
1017 585 1070 616 ubi
1089 585 1218 616 Fratres
1233 586 1493 616 stanteteorum
1520 582 1630 614 officia
1645 583 1824 619 celebrant,
1840 584 1894 622 qui
1913 584 2005 614 locus

192 654 242 682 est
267 660 324 691 per
350 653 578 681 transversum
607 649 715 689 ipsius
740 649 891 684 ecclesie,
918 648 982 679 sub
1010 648 1175 678 vocabulo
1202 647 1306 678 sancti
1336 646 1444 683 Firmi,
1473 647 1503 676 in
1530 654 1596 685 qua
1624 646 1759 685 quidem
1786 646 1936 685 capeleta
1963 649 2007 676 te-

193 715 332 744 neantur
356 712 524 743 celebrare
549 711 658 742 tacere
684 710 872 742 aniversale
900 719 1000 741 unum
1027 719 1100 741 cnm
1129 711 1231 741 missa
1259 718 1322 740 una
1351 710 1380 740 in
1407 711 1504 740 cantu
1532 717 1548 739 a
1577 708 1716 738 mortuis
1736 711 1766 738 et
1790 708 1866 738 aliis
1893 709 2006 739 missis

191 776 305 816 parvis
330 775 478 805 omniurn
505 774 613 814 ipsius
638 776 826 804 conventus
852 773 1074 810 sacerdotum,
1100 773 1189 803 omni
1216 781 1304 803 anno
1324 772 1354 802 in
1375 773 1570 811 perpetuum
1591 773 1623 801 ut
1642 779 1754 810 supra;
1782 771 1856 801 item
1884 771 2006 801 missas

191 840 335 878 quatuor
359 836 492 877 singula
518 835 710 866 ebdomoda
738 835 767 865 in
796 837 992 875 perpetuum
1019 835 1060 865 ad
1089 836 1198 874 ipsum
1235 834 1337 865 altare
1375 843 1434 874 pro
1471 834 1581 864 anima
1620 833 1728 873 ipsius
1765 834 1935 863 testatoris
1973 836 2005 863 nt

191 908 303 940 supra,
328 901 359 930 et
384 898 475 938 quod
503 898 547 928 ibi
573 898 615 928 ad
643 898 752 937 ipsum
778 897 881 928 altare
906 900 936 928 et
964 898 994 927 in
1020 899 1201 937 conspectu
1230 897 1348 937 ipsius,
1375 897 1446 927 sive
1472 898 1564 927 extra
1591 896 1663 926 sive
1690 896 1789 933 intus,
1815 895 1871 926 fiat
1888 897 1919 926 et
1937 895 2004 926 fieri

191 962 261 993 vult
287 970 344 1002 per
370 961 465 1001 ipsos
491 960 632 990 lieredes
659 959 892 999 infrascriptos
919 968 982 989 una
1009 959 1180 999 sepultura
1207 959 1434 995 subterranea,
1460 958 1622 998 expensis
1659 958 1735 988 dicti
1774 959 2005 988 conventus...

191 1024 268 1055 Item
295 1023 446 1055 similiter
473 1022 571 1053 iussit
597 1022 689 1061 quod
709 1030 766 1061 per
786 1021 1051 1061 infrascriptos...
1072 1022 1244 1052 heredes...
1264 1021 1414 1052 dentur...
1430 1021 1545 1051 floreni
1566 1020 1678 1051 decem
1698 1020 1879 1050 conventui
1900 1020 2005 1050 sancti

191 1086 370 1127 Augustini
398 1085 682 1125 quandocumque
708 1084 857 1123 contigat
884 1084 1045 1114 removeri
1074 1092 1131 1114 seu
1159 1084 1304 1114 ordinari
1333 1083 1474 1114 Archam
1501 1083 1543 1114 ad
1572 1083 1730 1113 honorem
1758 1083 1862 1113 sancti
1894 1081 2008 1122 Augu-

191 1149 267 1180 stini
287 1145 338 1187 (1)
363 1150 393 1179 et
420 1157 485 1178 non
511 1147 615 1184 aliter,
642 1155 700 1177 nec
727 1146 770 1176 ob
796 1145 894 1176 aliam
921 1154 1056 1176 causam
1084 1154 1142 1176 nec
1170 1146 1199 1176 in
1227 1146 1316 1176 aliud
1344 1147 1590 1176 convertantur.

970 1320 1228 1360 DCXVII.

278 1431 424 1460 Ginevra
449 1427 577 1462 Chiesa
601 1430 654 1459 dei
679 1429 777 1459 Conti
802 1429 835 1458 di
859 1430 1074 1458 Gambarana
1098 1430 1214 1465 elegge
1239 1429 1270 1457 la
1294 1438 1355 1457 sua
1387 1429 1558 1465 sepoltura
1583 1428 1615 1456 in
1640 1429 1672 1456 S.
1698 1428 1811 1456 Paolo.

863 1535 1023 1565 1497,
1053 1534 1252 1565 lagno,
1281 1534 1332 1558 3.

728 1634 804 1658 (Aren
823 1634 902 1654 Notas.
919 1634 941 1654 di
959 1633 1028 1653 Paviu
1046 1644 1068 1646 —
1085 1633 1132 1653 Atti
1149 1633 1170 1652 di
1188 1632 1299 1653 Riccardo
1316 1631 1441 1652 Rovesczna

430 1796 431 1818 l

259 1819 381 1936 N
430 1819 526 1863 ἰΕΙᾸΑ
551 1840 631 1863 casa
657 1831 744 1863 della
769 1831 941 1867 testatrice,
968 1831 999 1862 in
1025 1830 1226 1861 Parrocclzia
1244 1829 1278 1861 cli
1295 1829 1327 1862 S.
1349 1828 1512 1861 Gabriele.
1545 1828 1751 1859 Testumento
1769 1827 1855 1858 della
1882 1827 2006 1858 nobilis

430 1873 431 1954 i
459 1895 596 1926 domina
621 1894 790 1926 Zenevera
829 1894 869 1925 de
906 1894 935 1925 la
962 1893 1122 1931 Ecclesia,
1160 1893 1226 1923 filia
1264 1892 1435 1932 quondam
1475 1891 1600 1922 domini
1629 1890 1811 1927 Benedicti,
1837 1891 1867 1920 et
1893 1890 2005 1920 relicta

214 1993 259 1995 ᾇ
462 1958 633 1998 quondam
660 1957 786 1988 domini
815 1956 939 1987 Alberti
966 1966 1006 1987 ex
1034 1954 1225 1988 Comitibus
1252 1954 1475 1990 Gambarane,
1512 1954 1564 1984 nel
1588 1953 1685 1993 qtmle
1721 1953 1857 1992 dispone
1882 1960 2005 1992 corpus

189 2021 262 2052 eius
288 2020 421 2061 sepeliri
448 2020 569 2051 debere
595 2020 637 2050 ad
663 2019 838 2050 ecclesiam
873 2019 977 2049 sancti
1017 2017 1155 2049 Pauli...
1192 2020 1286 2048 extra
1324 2017 1432 2047 menia
1467 2015 1580 2056 papie,
1606 2016 1657 2046 eui
1684 2015 1867 2051 ecclesie.,..
1894 2015 1950 2045 dat
1975 2016 2006 2045 et

190 2083 277 2123 legat
303 2083 450 2113 florenos
475 2082 634 2113 decern...
661 2091 721 2121 pro
747 2081 945 2112 remissione
978 2080 1088 2111 anime
1114 2088 1183 2111 sue.

958 2253 1242 2294 DCXVIII.

281 2366 386 2394 Frate
411 2365 567 2393 Battista
593 2365 712 2393 Pietra
738 2364 773 2392 di
799 2365 833 2392 S.
862 2363 1028 2392 Mostiola
1053 2367 1180 2390 emette
1207 2362 1216 2390 i
1242 2362 1311 2390 voti
1337 2361 1507 2396 religiosi.

831 2476 989 2506 1497,
1018 2477 1246 2506 ang-osto,
1276 2475 1354 2499 21.

702 2566 769 2587 Arcli⁴
787 2566 867 2586 Notar.
885 2565 906 2585 di
924 2564 1001 2585 l’avin.
1020 2576 1037 2577 ἡ
1060 2564 1107 2584 Atti
1124 2564 1145 2583 ‹li
1162 2563 1219 2584 Gian
1236 2563 1362 2583 Domenico
1379 2562 1465 2583 Ferrari
1484 2579 1487 2582 .

298 2751 345 2866 I
440 2770 463 2796 N
488 2766 629 2797 ecclesia
653 2766 766 2796 sancte
792 2763 953 2795 Mustiole
980 2761 1163 2803 papiensis,
1190 2761 1344 2792 videlicet
1363 2760 1393 2790 in
1412 2760 1514 2791 clioro
1532 2759 1682 2790 eiusdem
1709 2758 1893 2790 ecclesie...
1919 2756 2009 2790 Con-

209 2839 211 2886 >
433 2851 434 2861 2
463 2830 627 2859 vocato...
653 2827 801 2867 capitulo
827 2825 1013 2857 convenlus
1039 2827 1068 2855 et
1094 2824 1286 2855 monasterii
1313 2825 1426 2854 sancte
1453 2823 1614 2854 Mustiole
1652 2821 1766 2862 Papie,
1793 2822 1951 2852 mamiato
1977 2823 2007 2851 et

209 2893 211 2921 l
433 2922 434 2925 Ἴ
463 2890 679 2929 impositione
705 2888 909 2920 venerabilis
934 2887 1060 2918 domini
1087 2885 1198 2917 fratris
1221 2885 1405 2918 Cherubim
1432 2886 1472 2917 de
1498 2884 1629 2922 Crema,
1656 2884 1716 2915 Dei
1750 2885 1855 2924 gratia
1882 2882 2007 2914 prioris

258 3047 288 3066 *ll
307 3046 415 3066 Notiamo
431 3045 469 3071 qui
485 3051 550 3066 come
566 3045 658 3071 perduri
674 3047 781 3066 costante
797 3046 831 3066 nei
844 3045 925 3065 l‘avesi
937 3045 950 3064 il
963 3044 1078 3064 desiderio
1135 3044 1183 3063 tare
1199 3043 1326 3063 l'efiettivo
1341 3042 1448 3067 sepolcro
1464 3042 1485 3062 di
1502 3041 1524 3062 S.
1541 3041 1663 3067 Agnstino,
1680 3046 1745 3061 coine
1762 3040 1882 3060 vedemrno
1898 3039 1948 3059 sino
1967 3039 2003 3058 *inl

200 3091 242 3111 che
258 3090 363 3116 l'insigne
379 3092 529 3111 monumento
540 3096 613 3116 venga
626 3090 725 3111 rimosso
741 3090 800 3110 dalla
816 3090 930 3115 sngrestin
944 3094 983 3114 per
995 3089 1071 3108 dive-n·
1128 3087 1268 3108 documento
1283 3092 1304 3107 n.
1321 3086 1438 3108 CXXVlll.
