2347 3444
1951 218 2015 249 219

192 346 346 386 ceptione
371 348 402 377 et
427 346 600 377 solucione
627 347 788 378 dictarum
816 348 972 378 librarum
1000 348 1191 388 octuaginta
1218 356 1338 378 novem
1371 349 1484 388 imper.
1503 351 1533 379 ct
1552 349 1758 380 traddicione
1777 354 1806 380 ct
1826 352 2013 390 receptione

193 408 279 439 dicte
306 408 469 439 becundie
497 409 575 440 vini.
602 408 697 446 Quas
723 410 858 449 quidem
887 410 1166 450 promissiones...
1193 412 1304 450 partes
1330 411 1597 441 contrahentes...
1616 411 1658 441 ad
1679 412 1853 442 invicem...
1881 414 2016 452 promit—

193 472 265 500 tunt
289 472 319 501 et
344 471 548 502 conveniunt
575 474 769 511 perpetui)...
796 474 884 503 ratas
909 474 1021 512 gratas
1047 474 1077 502 et
1103 472 1248 503 firmas...
1276 472 1397 503 habere
1423 475 1453 503 ct
1478 475 1598 509 tenere,
1625 475 1684 503 etc.
1712 473 1750 504 Et
1777 474 1862 508 inde,
1889 478 1948 505 etc.

955 646 1239 686 CDXXXI.

281 753 382 781 Frate
406 752 554 782 Eusebio
579 754 620 782 de
645 753 809 790 Legieriis
834 756 1055 783 Procuratore
1080 754 1112 783 di
1137 755 1169 783 S.
1197 754 1361 790 Agostino
1386 754 1497 783 rieeve
1522 755 1660 783 l'affitto
1685 755 1717 783 di
1742 755 1851 784 alcuni
1869 756 1945 784 beni
1962 758 2015 785 nel

193 804 408 834 Siccomario.

853 903 1007 934 1479,
1038 904 1231 935 lagno,
1263 904 1354 929 30.

720 990 797 1013 (Arch.
814 991 895 1011 Nolar.
912 991 933 1011 di
951 991 1021 1012 Pavia
1037 1002 1044 1005 -
1059 991 1106 1012 Atti
1123 992 1144 1012 di
1161 992 1219 1012 Crian
1230 991 1342 1013 Giacomo
1359 992 1470 1013 Canevari
1489 1009 1492 1012 .

209 1199 211 1236 4
293 1174 338 1289 Ι
431 1192 461 1225 ἸΝ
488 1189 691 1219 monasterio
718 1190 822 1220 sancti
850 1188 1028 1229 Augustini
1056 1188 1169 1230 papie,
1197 1190 1351 1220 videlicet
1377 1189 1497 1220 subtus
1523 1190 1672 1220 anditum
1701 1192 1793 1230 porte
1831 1190 1907 1221 dicti
1947 1200 2015 1221 mo—

210 1308 223 1348 l.
303 1347 306 1348 ⁷
369 1329 432 1349 Ὺ]
460 1314 590 1353 troytus
617 1314 647 1344 in
676 1314 785 1354 ipsum
820 1315 1091 1345 monasterium...
1130 1315 1287 1345 dominus
1324 1313 1423 1344 frater
1460 1313 1634 1344 Euxebius
1660 1313 1700 1344 de
1738 1313 1877 1354 Ligeriis
1914 1314 2012 1345 frater

461 1251 594 1281 nasterii
632 1251 809 1282 existentis
835 1261 892 1291 per
919 1252 1063 1282 medium
1098 1251 1227 1283 fossum
1264 1251 1417 1282 citadelle
1454 1251 1604 1282 eiusdem
1631 1253 1661 1282 et
1688 1260 1745 1292 per
1782 1261 1881 1292 quam
1909 1253 1942 1283 fit
1969 1254 2017 1283 in-

195 1373 371 1414 professus
400 1384 437 1406 ac
467 1376 618 1407 sindicus
644 1378 674 1406 et
708 1379 902 1416 procurator
907 1402 957 1407 .....
1000 1377 1191 1408 monasterii
1220 1377 1324 1408 sancti
1352 1375 1530 1416 Augustini
1563 1375 1665 1416 Papie
1695 1375 1833 1407 Ordinis
1868 1376 2014 1408 Fratrum

195 1435 434 1468 Heremitarum
461 1437 611 1469 eiusdem
638 1439 742 1469 sancti
770 1437 982 1479 Augustini...
1008 1439 1110 1470 riceve
1135 1438 1178 1469 cta
1206 1437 1380 1478 Gum‘forto
1410 1437 1514 1470 Scottz'
1538 1437 1591 1469 del
1615 1437 1838 1469 Pretiamasco
1852 1436 1956 1477 (Prati
1973 1439 2013 1470 de

195 1497 392 1537 Mascharo)
417 1508 433 1530 e
458 1500 501 1531 cta
530 1499 697 1532 Giovanni
719 1501 861 1532 Mausoli
884 1501 918 1532 cti
944 1500 1147 1537 Gravellone,
1175 1500 1289 1531 sacelli
1316 1500 1354 1531 14
1379 1500 1414 1531 cti
1422 1499 1589 1540 frumento
1602 1509 1663 1540 per
1678 1500 1786 1541 affitto
1805 1501 1839 1531 cti
1857 1500 1919 1531 (tue
1937 1502 2015 1532 ιιιιηί

194 1561 229 1592 di
251 1562 329 1592 certi
352 1561 428 1593 beni
450 1563 506 1593 siti
528 1563 559 1593 ιή
585 1563 741 1594 territorio
768 1563 844 1594 dicti
873 1563 934 1594 loci
963 1562 1050 1594 Prati
1077 1563 1117 1594 de
1145 1563 1335 1594 Mascliaro.
1350 1562 1403 1593 nel
1416 1561 1626 1597 SiccomurIO,
1653 1563 1796 1593 itii'estiti
1812 1563 1842 1594 in
1857 1565 2013 1603 perpetuo

194 1624 229 1654 ai
252 1624 395 1655 consorti·
418 1623 523 1656 Scotti
545 1622 605 1663 (1).

941 1781 1256 1821 CDXXXII.

285 1889 405 1925 Legati
430 1889 678 1918 testamentarii
703 1889 756 1918 del
781 1890 894 1918 dottor
918 1889 1027 1918 Guido
1052 1890 1092 1918 de
1117 1889 1217 1918 Rossi
1241 1899 1260 1918 a
1285 1890 1398 1918 favole
1423 1889 1456 1918 di
1480 1890 1512 1918 S.
1539 1889 1707 1918 Mostiola.

831 1993 985 2025 1479,
1019 1995 1258 2026 ottol);⁴e,
1291 1995 1381 2019 21).

732 2082 808 2103 (Areli.
828 2082 907 2103 Notas.
925 2082 946 2102 di
964 2082 1032 2102 Pavia
1049 2093 1073 2095 —
1090 2082 1136 2102 Atti
1153 2082 1174 2102 di
1192 2082 1309 2103 Bernardo
1326 2082 1468 2103 Cenanovat.

212 2218 263 2254 Γ

212 2259 213 2309 i
437 2258 536 2311 ἢΕΙ,1,Α
561 2289 641 2311 casa
667 2279 720 2311 del
744 2282 906 2316 testatore,
934 2280 964 2311 in
990 2279 1189 2311 Parrocclzia
1215 2279 1250 2311 dt
1274 2279 1306 2312 S.
1336 2279 1477 2319 Quirico.
1499 2280 1706 2311 Testamento
1725 2280 1968 2321 dell'egregius
1985 2284 2015 2312 et

212 2313 214 2399 i]
265 2267 386 2384 N
466 2343 604 2383 sapiens
640 2343 758 2374 artium
785 2344 815 2373 et
841 2342 1003 2373 medicine
1030 2342 1145 2373 doctor
1171 2342 1328 2373 dominus
1355 2342 1512 2382 magister
1530 2340 1643 2373 Guido
1669 2342 1709 2372 de
1737 2341 1861 2374 Rubeis
1887 2342 1926 2373 de
1953 2341 2018 2374 Ca-

467 2406 569 2443 sellis‚
595 2405 685 2437 tilius
711 2406 881 2446 quondam
909 2405 1034 2436 domini
1062 2405 1265 2442 Beltramini,
1291 2404 1343 2435 col
1366 2404 1463 2444 quale
1489 2405 1625 2445 dispone
1651 2405 1742 2444 quod
1769 2405 1905 2445 quando
1939 2414 2018 2436 con-

196 2467 329 2508 tingerit
355 2467 465 2507 ipsum
492 2467 664 2498 dominum
691 2470 881 2499 testatorem
908 2468 950 2498 ab
977 2468 1038 2498 lioc
1065 2467 1178 2498 seculo
1204 2467 1376 2507 emigrare,
1403 2466 1493 2506 quod
1519 2467 1663 2497 cadaver
1689 2475 1785 2497 suum
1813 2469 1960 2507 portetur
1985 2470 2017 2498 et

197 2529 378 2569 sepeliatur
404 2530 434 2560 in
461 2530 601 2561 ecclesia
627 2530 761 2561 domine
788 2533 900 2561 sancte
928 2529 1087 2560 Mustiole
1114 2528 1216 2569 Papie
1243 2529 1313 2560 sine
1332 2528 1444 2568 aliqua
1471 2528 1716 2569 solempnitate,
1735 2529 1794 2560 sed
1814 2529 1921 2560 solum
1941 2538 2015 2560 cum

198 2590 345 2622 dominis
369 2591 528 2623 fratribus
553 2592 630 2623 dicti
657 2594 844 2623 conventus
870 2592 1003 2623 domine
1030 2590 1149 2623 Sancte
1176 2591 1336 2622 Mustiole
1354 2593 1385 2621 et
1403 2590 1540 2621 domino
1568 2590 1704 2623 Rectore
1745 2591 1883 2622 ecclesie
1910 2592 2014 2622 sancti

198 2652 323 2690 Quirici
351 2654 546 2694 parochiani
574 2655 682 2695 ipsius
708 2655 833 2685 domini
861 2655 1040 2691 testatoris,
1067 2654 1108 2684 ad
1135 2662 1235 2693 quam
1261 2653 1435 2685 ecclesiam
1463 2653 1596 2684 domine
1623 2656 1736 2684 sancte
1763 2653 1923 2685 Mustiole
1944 2654 2015 2694 ipse

199 2714 356 2747 dominus
381 2718 519 2747 testator
544 2716 750 2756 sepulturam
777 2725 871 2747 suam
898 2716 961 2747 sibi
988 2716 1109 2756 ellegit,
1135 2724 1172 2746 ac
1197 2716 1295 2746 etiam
1323 2715 1403 2753 vult,
1430 2715 1530 2753 iubet,
1557 2715 1688 2746 ordinat
1713 2718 1744 2746 et
1770 2716 1905 2747 mandat
1923 2716 2014 2755 quod

199 2777 383 2816 predictum
409 2778 482 2809 eius
506 2778 650 2809 cadaver
676 2778 832 2809 induatur
856 2787 939 2818 capa
966 2778 1149 2809 secundum
1175 2776 1336 2809 Ordinem
1362 2779 1393 2808 et
1417 2777 1544 2808 abitum
1562 2777 1707 2818 glorioxi
1727 2778 1830 2808 sancti
1850 2777 2015 2818 Nicnolay

199 2838 240 2870 de
266 2838 455 2877 Tolentino,
483 2840 620 2880 predicti
647 2839 797 2878 Ordinis,
823 2841 957 2871 domine
984 2842 1096 2871 sancte
1123 2839 1294 2876 Mustiole,
1320 2839 1475 2870 advocati
1496 2840 1604 2880 ipsius
1622 2839 1748 2870 domini
1767 2840 1936 2871 testatoris
1953 2837 2014 2878 (2).

288 2900 365 2932 Item
392 2901 495 2933 vult...
521 2902 613 2942 quod
640 2901 841 2943 infrascripti
867 2902 940 2933 eius
966 2902 1022 2932 filii
1042 2904 1072 2932 et
1091 2901 1231 2932 heredes
1256 2903 1460 2932 teneantur...
1480 2910 1579 2941 quam
1606 2902 1748 2941 primum
1769 2902 1840 2941 ipse
1858 2901 2015 2931 dominus

256 3056 287 3082 (1)
301 3057 358 3079 Vedi
373 3058 387 3078 il
403 3057 543 3079 documento
558 3058 595 3079 del
609 3058 632 3080 31
649 3059 747 3085 gennaio
765 3059 822 3080 1⁴84.
1136 3063 1227 3083 sempre
1251 3057 1303 3078 viva
1328 3057 1348 3078 la
1369 3057 1497 3078 devozione
1520 3057 1541 3078 al
1567 3057 1672 3079 Patrono
1694 3057 1756 3078 delle
1777 3058 1855 3078 anime
1870 3057 1908 3077 del
1925 3057 2013 3082 Purga-

257 3101 287 3127 (2)
302 3101 344 3123 Cio
358 3102 470 3123 dimosna
485 3103 527 3124 che
542 3103 601 3124 nella
616 3103 699 3125 chiesa
715 3103 736 3124 di
752 3103 775 3124 S.
791 3103 903 3125 Mostiola
913 3103 932 3124 si
944 3104 1080 3124 manreneva
1136 3102 1205 3123 tono.
