2347 3444
1925 174 1967 206 49

154 310 348 350 specialiter
372 318 433 350 pro
459 309 567 346 nobis,
594 308 680 339 idest
706 317 766 348 pro
793 308 916 339 unitate
942 308 1078 338 sanctae
1105 305 1278 337 Ecclesiae
1304 304 1441 343 Christi,
1460 308 1491 337 et
1511 306 1691 346 superlioc
1711 306 1820 337 laetati
1848 316 1965 338 sumus

155 372 310 409 maxime,
337 372 496 412 quoniam
523 371 698 402 hortamini
727 379 788 401 nos
814 378 874 410 pro
901 369 976 406 illis,
1004 377 1064 409 pro
1090 369 1216 408 quibus
1241 370 1272 399 et
1299 376 1360 398 nos
1380 368 1503 398 iamdiu
1525 368 1643 399 hortati
1663 367 1787 399 fuimus
1807 369 1968 400 instanter

155 434 342 465 Ecclesiam
370 432 575 470 Romanam;
603 432 772 463 multoties
798 432 884 463 enim
911 431 1121 471 scripsimus,
1147 431 1177 461 et
1204 429 1356 460 misimus
1383 429 1460 460 illuc
1487 438 1545 469 pro
1573 429 1697 460 unitate
1724 430 1906 469 praedicta,
1935 434 1967 460 ut

155 496 313 527 omnibus
351 496 451 535 patet.
490 493 608 525 Tantis
645 496 755 525 autem
795 493 1036 534 Legationibus
1073 492 1170 524 factis
1208 500 1249 522 ex
1289 493 1381 531 parte
1419 493 1543 527 nostra,
1570 494 1601 522 et
1627 493 1717 522 tanta
1754 491 1967 522 solicitudine

155 560 303 595 ostensa,
342 566 406 588 non
445 556 667 597 permiserunt
705 564 882 587 causarum
921 554 1200 590 circumstantiae,
1228 555 1261 584 ut
1287 554 1384 584 finem
1419 553 1588 593 acciperet
1615 555 1728 584 nostra
1755 553 1911 584 voluntas
1938 558 1966 584 et

156 621 327 651 tractatus.
365 618 416 650 Ad
455 626 617 659 praesens
656 618 753 658 igitur
779 619 820 649 de
846 618 973 649 eisdem
1000 619 1030 649 et
1057 625 1130 648 cum
1157 615 1256 647 simili
1283 617 1315 646 et
1340 615 1458 646 eadem
1496 615 1721 655 dispositione
1760 614 1795 646 V.
1824 614 1858 646 R.
1886 616 1967 646 scri-

156 682 278 718 bimus,
305 682 505 722 quaerentes
532 680 599 711 t'ieri
626 678 815 711 Concilium
844 679 1105 711 Aecumenicum
1132 678 1195 709 sub
1222 677 1412 718 praesentia
1438 678 1586 708 omnium
1614 686 1832 717 personarum
1854 686 1969 708 neccs-

153 744 242 775 sario
268 743 461 775 debentium
489 743 650 773 interesse
677 743 862 773 secundum
889 743 1062 782 antiquum
1090 740 1248 772 Ordinem
1275 741 1307 771 et
1332 739 1630 776 consuetudinem;
1650 742 1679 770 et
1698 739 1761 770 tale
1780 738 1968 770 Concilium

153 806 222 837 fieri
250 804 469 842 Canonicum,
497 804 647 841 liberum,
675 804 870 836 inviolatum
897 807 927 835 et
954 804 1151 844 simpliciter
1176 802 1363 834 secundum
1390 801 1515 833 formas
1541 800 1839 832 Aecumenicorunz
1880 799 1969 832 Con--

154 867 333 904 ciliorum,·
359 869 388 898 et
414 875 511 897 omne
549 866 641 900 illud,
679 867 782 906 quod,
820 865 891 897 Deo
917 867 1028 904 dante,
1055 866 1086 897 in
1113 865 1168 896 tali
1195 863 1347 897 Concilio
1375 864 1573 895 unanimiter
1598 865 1629 894 et
1655 864 1865 894 concorditer
1891 873 1969 894 con-

154 929 284 961 clusum
311 928 416 965 fuerit,
443 928 505 959 hoc
532 928 661 958 lirnium
690 928 802 959 haberi
831 928 1056 959 imlubitanter
1082 930 1113 959 et
1138 927 1210 958 sine
1235 926 1499 958 contradictione
1525 927 1556 957 et
1575 925 1629 956 lite
1655 934 1879 965 quacumquev
1906 928 1967 956 etc.

241 990 363 1022 Datum
391 991 422 1021 in
450 989 539 1022 Urbe
565 992 678 1021 nostra
705 988 1081 1030 Constantinopolitana
1111 990 1203 1022 1433,
1230 989 1283 1020 die
1314 989 1352 1020 15
1377 988 1534 1019 octobris.

890 1138 1224 1178 CLXXXVI.

243 1240 377 1276 Legato
403 1239 672 1267 testamentario
699 1239 792 1267 della
817 1240 899 1268 nob.
927 1239 1111 1268 Giovarma
1138 1239 1257 1267 Pietra
1283 1247 1302 1267 a
1329 1239 1450 1267 favore
1476 1238 1510 1266 di
1537 1239 1571 1266 S.
1599 1238 1782 1266 Mostiola.

800 1327 852 1350 12·
864 1327 954 1357 349
984 1327 1219 1358 gix⁷1g1109
1249 1326 1326 1350 14.

709 1407 785 1429 :Arcu
802 1407 881 1427 Notar.
899 1407 920 1427 di
939 1406 1007 1427 Pavia
1023 1417 1048 1420 —
1064 1406 1110 1427 Atti
1127 1406 1148 1426 di
1166 1406 1279 1431 Agostino
1295 1405 1421 1430 Baracchiy

258 1495 304 1609 Ι
401 1513 423 1539 Ν
449 1507 565 1548 Papia,
592 1508 623 1538 in
650 1508 751 1539 domo
787 1508 912 1538 domini
951 1506 1099 1539 Galcazii
1126 1507 1166 1538 de
1193 1506 1300 1545 Petra,
1338 1507 1436 1539 Porte
1462 1508 1568 1539 sancti
1608 1507 1775 1545 Iohannis,
1803 1507 1966 1539 Parocliie

421 1571 527 1602 sancti
555 1570 666 1601 Primi.
692 1569 945 1601 Testamentum
972 1570 1095 1601 nobilis
1120 1570 1255 1601 domine
1281 1569 1427 1601 Iohanne
1452 1570 1493 1601 de
1520 1569 1616 1601 Petra
1642 1570 1708 1601 filie
1734 1570 1876 1601 condam
1911 1570 1971 1601 do-

178 1668 252 1670 ⁷,
267 1668 281 1670 st
296 1668 338 1670 W
422 1633 499 1664 mini
526 1633 693 1664 Mussii....
713 1632 816 1673 elligit
835 1632 898 1663 sibi
918 1631 1156 1672 sepulturam...
1175 1633 1215 1663 ad
1235 1632 1414 1664 ecclesiam
1434 1634 1548 1663 sancte
1568 1632 1741 1663 Mustiolle
1769 1633 1967 1672 papiensem

153 1697 183 1726 et
209 1695 239 1726 in
266 1695 396 1735 capella
423 1694 584 1726 nobilium
611 1695 652 1726 de
678 1694 776 1725 Petra
794 1692 854 1733 (1),
880 1694 931 1725 cui
958 1694 1085 1734 capelle
1111 1694 1167 1725 dat
1192 1696 1223 1725 et
1250 1695 1336 1735 legat
1362 1694 1508 1726 florenos
1541 1694 1786 1735 quinquaginta
1812 1703 1829 1725 a
1857 1695 1963 1725 soldis

153 1756 273 1798 xxxi]
301 1757 462 1797 imperial.
489 1766 549 1797 pro
574 1757 710 1794 floreno,
748 1765 835 1797 quos
872 1757 951 1788 dare
977 1759 1008 1788 et
1034 1756 1120 1787 solvi
1159 1757 1295 1788 mandat
1331 1756 1489 1788 fratribus
1515 1758 1546 1788 et
1572 1755 1676 1787 Priori
1711 1756 1798 1788 dicte
1823 1757 1967 1788 ecclesie

154 1828 212 1860 per
237 1819 470 1859 infrascriptos
496 1819 569 1851 eius
595 1819 737 1850 heredes
764 1814 984 1855 universales,
1011 1819 1052 1850 de
1079 1819 1176 1850 bonis
1203 1820 1311 1860 ipsius
1337 1819 1471 1850 domine
1497 1819 1689 1857 testatricis,
1708 1821 1785 1859 post
1811 1820 1883 1850 eius
1909 1820 1966 1850 de-

153 1890 310 1920 cessum;
336 1881 377 1913 de
402 1882 527 1922 quibus
553 1881 623 1912 vult
649 1883 680 1912 et
706 1881 841 1912 mandat
867 1881 930 1912 emi
956 1881 1080 1912 debere
1106 1890 1206 1912 unum
1234 1881 1375 1913 Missale
1393 1879 1444 1921 (2)
1470 1891 1529 1922 pro
1555 1882 1787 1922 suprascripta
1814 1881 1953 1921 capella.

239 1943 304 1975 Fra
328 1944 340 1974 i
363 1944 528 1975 testationi
551 1943 567 1974 ἑ
593 1943 616 1974 il
641 1943 852 1974 Venerabilis
890 1943 1047 1975 dominus
1085 1943 1184 1975 frater
1221 1943 1426 1975 Laurencius
1457 1944 1498 1975 de
1526 1943 1621 1975 Bittis
1647 1943 1742 1975 Prior
1767 1942 1966 1975 Conventus

152 2006 296 2038 ecclesie
321 2008 437 2037 sancte
463 2006 636 2037 Mustiolle
663 2005 776 2046 Papie.

241 2219 384 2247 Lettera
409 2219 444 2248 di
471 2220 559 2248 frate
585 2220 770 2248 Albertino
797 2220 920 2256 Crespi
947 2220 979 2247 al
1006 2219 1164 2248 Concilio
1190 2219 1224 2247 di
1250 2220 1408 2248 Basilea.

789 2315 941 2345 14:34,
972 2315 1208 2347 git1g1109
1241 2315 1330 2340 25.

395 2404 472 2427 (Domi
489 2404 578 2428 ΜΑΝδΙ,
595 2404 636 2425 88,
655 2403 809 2425 Concilior....
829 2404 942 2424 Collectlo
959 2409 1025 2427 nova!
1043 2403 1171 2429 Suppleni.,
1189 2403 1270 2427 Lucca,
1287 2402 1372 2427 Salam,
1391 2403 1448 2428 1750,
1465 2403 1509 2423 vol.
1528 2403 1563 2428 lv,
1581 2408 1633 2429 pag.
1652 2403 1717 2427 1056).

239 2507 333 2623 L
392 2508 535 2555 llTTI-:RA
559 2522 820 2554 Ambasciatoris
845 2521 940 2554 Sacri
965 2520 1112 2559 Coricilii,
1138 2521 1196 2560 qai
1218 2521 1249 2552 ιή
1277 2520 1417 2553 Graecia
1442 2523 1649 2557 remanserat,
1677 2521 1759 2552 lecta
1777 2521 1808 2552 in
1829 2520 1973 2559 Congre-

393 2562 395 2618 1,
419 2585 555 2624 gatione
580 2584 632 2615 cite
657 2584 750 2615 tertia
775 2583 846 2615 iulii
870 2592 956 2614 armo
982 2583 1118 2614 Domini
1141 2582 1456 2616 MCCCCXXXIV.
1498 2583 1592 2623 Quae
1617 2583 1682 2615 sibi
1705 2584 1736 2614 in
1762 2583 1871 2615 itinere
1897 2592 1973 2614 ‹⁵011-

394 2635 395 2666 ἷ
423 2646 553 2686 agerint
576 2647 714 2677 enarrat.

160 2802 219 2823 duro
234 2802 280 2823 tino
295 2803 316 2824 al
334 2803 390 2824 1431.
407 2803 494 2824 L'anno
512 2804 562 2825 1432
575 2803 598 2824 tu
614 2805 693 2825 creato
709 2803 835 2825 Visitatore
858 2803 893 2824 del
916 2802 1036 2824 Convento
1093 2803 1175 2828 ligioso
1190 2802 1212 2823 tu
1229 2803 1326 2823 ascrnto
1342 2803 1377 2823 nel
1394 2802 1496 2828 Collegio
1513 2803 1628 2828 teologico
1644 2801 1836 2823 dell'Univcrsitii
1852 2802 1873 2821 di
1891 2801 1967 2824 l‘avm,

160 2846 182 2867 di
199 2846 301 2873 Padova,
317 2853 329 2868 e
345 2848 380 2873 pel
399 2848 448 2869 1433
462 2848 590 2874 l'Ossinger
606 2849 679 2874 ripete
694 2849 789 2869 l'errore
804 2848 840 2868 del
856 2847 948 2873 Terent,
964 2847 1039 2868 dicen·
1094 2847 1152 2867 nella
1168 2847 1244 2872 quale,
1260 2847 1374 2868 nell'anno
1390 2847 1514 2868 scolastico
1540 2847 1659 2871 1441-1442,
1683 2848 1751 2867 tenne
1773 2847 1792 2867 la
1815 2846 1920 2867 caucum
1946 2846 1966 2865 dr

160 2891 215 2912 dolo
230 2892 308 2912 creato
323 2891 414 2913 Vicario
429 2891 540 2914 Generaie
555 2893 577 2913 di
593 2893 646 2918 quel
661 2892 782 2914 Convento
798 2893 819 2913 in
835 2892 904 2917 luogo
920 2892 941 2912 di
959 2892 1036 2917 quello
1092 2891 1200 2917 teologln.
1216 2891 1273 2912 Vedi
1290 2891 1418 2917 ROBOLlNl,
1434 2891 1536 2916 NotizIe,
1553 2892 1598 2912 vol.
1615 2891 1641 2916 V,
1658 2892 1717 2917 part.
1731 2891 1746 2916 1,
1759 2897 1810 2917 pag,
1826 2891 1872 2914 330.
1886 2897 1896 2911 e
1909 2893 1967 2915 part.

161 2935 183 2956 di
199 2935 277 2957 Pavia.
293 2936 334 2957 Nel
351 2936 401 2958 1439
411 2936 470 2958 irate
481 2936 593 2958 Giovanni
606 2936 681 2959 Rocco
697 2937 715 2958 si
732 2937 784 2958 reci>
795 2936 899 2958 aCrema
911 2936 945 2957 nel
957 2942 1034 2957 nuovo
1090 2936 1114 2961 11,
1131 2941 1183 2961 pag.
1199 2936 1245 2956 244.

162 2979 283 3001 eonvenro
297 2980 507 3007 de11·Osservanza,
523 2981 560 3002 del
571 2981 639 3007 quale
650 2981 664 3002 il
675 2981 787 3002 Gener-aie
798 2981 902 3002 Gerardo
913 2981 942 3001 da
954 2980 1034 3002 Rimini
1143 2980 1172 3004 (l)
1187 2979 1275 3005 Questa
1291 2980 1396 3006 cappella
1412 2980 1528 3006 gentilitia
1544 2980 1580 3001 dei
1602 2979 1677 3001 Pietra
1700 2985 1738 3000 cra
1760 2980 1797 3000 all'
1807 2979 1884 3000 Altarc
1907 2985 1968 3003 mae,-

161 3029 205 3046 con
221 3024 302 3046 lettera
318 3025 354 3045 del
367 3025 380 3045 4
394 3025 475 3051 aprile,
493 3025 550 3051 1439,
565 3031 638 3047 aveva
649 3026 771 3047 costituito
783 3025 861 3047 Priore
871 3025 930 3046 frate
942 3025 1036 3051 Giorgio
1092 3025 1155 3050 giore
1170 3024 1192 3045 di
1207 3024 1230 3046 S.
1247 3024 1366 3050 Mostioln,
1382 3030 1447 3046 corne
1463 3025 1481 3045 si
1497 3024 1567 3045 vedra
1583 3024 1621 3045 dal
1638 3024 1689 3045 doc.
1706 3030 1726 3045 n.
1744 3024 1839 3045 cxcw.

163 3068 255 3089 Lazzoli
271 3069 292 3090 di
308 3068 428 3091 Cremona.
445 3069 463 3091 A
478 3070 514 3091 cib
529 3070 547 3091 si
563 3070 678 3096 aggiunga
693 3071 734 3091 che
749 3070 785 3091 nel
803 3070 853 3091 1422
867 3070 881 3090 il
897 3071 977 3090 nostro
1000 3069 1040 3091 Re·
1151 3069 1180 3094 12)
1196 3068 1223 3089 Di
1239 3069 1278 3095 qui
1294 3069 1341 3095 pub
1357 3069 1447 3090 vedersi
1463 3070 1551 3095 quanto
1566 3069 1653 3090 costosi
1669 3068 1759 3089 tossero
1775 3068 1780 3088 i
1796 3068 1845 3088 libri
1871 3068 1968 3093 liturgici

1948 3121 1960 3140 7
