2347 3444
329 228 393 258 314

1132 413 1340 452 DLXV.

416 522 442 550 11
470 523 693 551 Provinciale
720 523 753 551 di
781 523 996 551 Lombardia
1022 531 1039 550 e
1066 522 1089 550 il
1116 522 1278 558 Capitolo
1305 523 1339 550 di
1366 523 1401 550 S.
1429 523 1603 558 Agostino
1637 523 1802 552 ricevono
1828 523 1851 551 il
1877 529 2087 560 pagamento
2113 525 2147 553 di

328 584 394 603 una
421 584 504 604 casa
531 577 696 604 venduta.

985 671 1122 695 1402.»
1131 686 1144 700 ,
1177 672 1412 703 ‹nunu-0,
1442 672 1494 696 9..

822 759 900 779 «Ατεῐι,
919 759 998 779 Notar.
1016 759 1037 779 di
1056 758 1125 779 pavia
1142 769 1166 771 ᾼ
1182 759 1230 779 Atii
1247 759 1268 779 di
1285 759 1351 780 Gian.
1369 759 1480 780 Giacomu
1496 759 1652 785 Gravanago).

432 893 480 1007 I
575 910 597 936 Ν
624 905 697 935 loco
723 903 872 944 Capituli
899 902 1099 936 Conventus
1124 904 1229 934 sancti
1258 903 1436 944 Augustini
1465 903 1578 944 Papie,
1595 907 1688 945 porte
1708 904 1844 942 Palacii,
1864 904 2025 936 parochie
2043 906 2148 937 sancti

597 967 728 998 Andree
754 967 794 998 de
821 966 979 997 Brolio...
1005 965 1221 1007 Congregato
1246 967 1395 1006 capitulo
1413 967 1491 998 dicti
1510 966 1709 999 Conventus
1727 968 1832 999 sancti
1860 967 2084 1008 Augustinh...
2110 968 2150 999 de

597 1030 755 1060 mandato
781 1029 954 1060 reverendi
982 1037 1074 1059 sacre
1089 1028 1259 1068 theologie
1274 1028 1479 1068 professoris
1498 1029 1624 1059 domini
1641 1028 1824 1060 Alexandri
1841 1029 1881 1060 de
1897 1028 2001 1069 Papia
2025 1027 2151 1060 Prioris

327 1095 404 1125 dicti
432 1092 642 1128 Conventus,
669 1093 699 1123 in
727 1101 794 1132 quo
821 1092 957 1131 quidem
983 1091 1133 1131 capitulo
1159 1091 1291 1122 fuerunt
1317 1094 1348 1122 et
1374 1094 1451 1122 sunt
1478 1090 1695 1123 Reverendus
1721 1092 1880 1123 dominus
1912 1091 2012 1122 frater
2036 1090 2152 1123 Berto-

328 1158 455 1188 lameus
481 1156 521 1186 de
549 1155 657 1195 Aquis
674 1152 726 1193 (l)
752 1153 976 1184 Provincialis
1002 1154 1107 1185 sancti
1136 1152 1328 1194 Augustini,
1355 1162 1414 1184 nec
1441 1163 1506 1184 non
1535 1153 1684 1193 prefatus
1711 1154 1870 1185 dominus
1907 1152 2001 1184 Prior
2026 1156 2149 1185 etcum

326 1230 365 1250 eo
391 1222 421 1250 et
447 1227 551 1258 penes
577 1226 650 1248 eum
678 1216 851 1248 reverendi
879 1225 971 1247 sacre
998 1216 1167 1256 theologie
1185 1215 1398 1256 professores
1426 1215 1591 1247 lohannes
1618 1216 1658 1247 de
1685 1218 1801 1247 sancto
1821 1215 1962 1257 Angelo,
1982 1215 2151 1247 Antonius

327 1282 367 1312 de
395 1281 454 1312 Ast
479 1283 509 1311 et
536 1280 702 1311 lohannes
737 1279 972 1310 Bartolomeus
999 1278 1039 1309 de
1066 1278 1248 1309 Valmacha
1275 1286 1404 1318 regens,
1432 1287 1490 1309 nec
1511 1287 1575 1309 non
1595 1280 1625 1309 et
1645 1279 1858 1309 venerandus
1877 1277 1976 1309 frater
1996 1277 2149 1309 Andreas

326 1345 366 1375 de
394 1344 590 1375 Mediolano
617 1342 831 1373 bachalarius
857 1344 887 1372 et
914 1341 1095 1372 venerandi
1134 1341 1260 1371 domini
1300 1340 1399 1372 frater
1426 1340 1592 1372 lohannes
1630 1340 1865 1372 Bartolomeus
1898 1341 1938 1372 de
1964 1339 2151 1373 Castelatio

325 1407 481 1442 biblicus,
508 1405 607 1436 frater
634 1405 802 1436 Martinus
829 1404 868 1435 de
896 1403 1054 1435 Valencia
1081 1403 1193 1441 lector,
1231 1402 1331 1434 frater
1370 1402 1498 1443 Filipus
1525 1403 1565 1434 de
1592 1403 1767 1435 Vincentia
1806 1404 1917 1439 lector,
1945 1402 2150 1434 venerabilis

325 1470 484 1501 dominus
510 1468 609 1499 frater
635 1467 816 1498 Zacharias
843 1467 882 1497 de
911 1466 1107 1497 Mediolano
1146 1466 1304 1506 magister
1341 1465 1559 1502 studentium,
1598 1474 1657 1496 nec
1694 1475 1760 1497 non
1787 1468 1817 1497 et
1844 1465 2055 1497 venerabiles
2091 1465 2152 1495 do-

325 1533 403 1562 mini
430 1531 529 1562 frater
557 1530 723 1561 lohannes
749 1530 789 1560 de
816 1528 934 1566 Tritio,
961 1528 1060 1559 frater
1086 1528 1244 1559 Didimus
1271 1528 1310 1559 de
1338 1527 1454 1568 Papia,
1492 1527 1591 1559 frater
1629 1527 1780 1559 Thomas
1806 1528 1846 1559 de
1873 1526 1991 1560 Cicilia
2022 1536 2148 1563 cursor,

324 1595 424 1625 frater
452 1594 638 1624 Mauricius
665 1593 705 1623 de
733 1592 908 1623 Alamania
935 1600 1061 1627 cursor,
1099 1590 1198 1621 frater
1225 1589 1387 1622 Silvester
1413 1591 1453 1621 de
1481 1589 1596 1631 Papia,
1634 1590 1733 1621 frater
1770 1589 1939 1631 Georgius
1966 1590 2006 1621 de
2033 1588 2149 1630 Papia,

324 1657 424 1687 frater
451 1655 577 1687 Paulus
604 1655 644 1685 de
672 1654 787 1695 Papia,
814 1653 913 1685 frater
939 1652 1126 1693 Gregorius
1152 1653 1192 1684 de
1220 1652 1335 1693 Papia,
1362 1652 1462 1684 frater
1496 1652 1624 1693 Filipus
1650 1653 1690 1684 de
1718 1653 1841 1690 Laude,
1879 1652 1978 1683 frater
2016 1650 2152 1692 Simpli-

323 1720 441 1750 cianus
467 1719 507 1749 de
534 1718 786 1753 Monteortono,
812 1716 912 1747 frater
939 1715 1089 1756 Angelus
1116 1715 1156 1746 de
1183 1715 1254 1752 Ast,
1281 1715 1381 1746 frater
1408 1715 1567 1746 Matheus
1593 1715 1633 1746 de
1661 1714 1847 1752 Alamania‚
1866 1714 1966 1746 frater
1985 1714 2151 1745 lohannes

325 1783 365 1813 de
391 1781 550 1818 Turonis,
577 1780 676 1811 frater
703 1779 870 1810 Antonius
897 1779 936 1809 de
965 1779 1091 1813 Monte„
1118 1777 1218 1809 frater
1245 1777 1372 1809 Paulus
1398 1778 1438 1809 de
1466 1777 1536 1815 Ast,
1562 1777 1662 1809 frater
1703 1777 1849 1818 Spiritus
1875 1778 1914 1809 de
1942 1776 2150 1812 Mediolano,

324 1845 423 1876 frater
450 1843 568 1875 Petrus
595 1844 634 1874 de
661 1841 888 1879 Castronovo‚
915 1841 1014 1872 frater
1040 1841 1213 1881 Benignus
1239 1841 1279 1871 de
1306 1839 1430 1881 Carpo,
1456 1840 1556 1871 frater
1583 1840 1775 1871 Lactantius
1794 1840 1834 1871 de
1854 1839 2034 1877 Placentia,
2052 1838 2152 1870 frater

325 1908 466 1938 lasohus
492 1907 532 1937 d:
560 1905 763 1942 Parasacho,
790 1913 907 1935 omnsss
944 1904 1063 1935 fratres
1100 1903 1388 1935 conventuales...
1422 1905 1692 1943 representantes
1718 1904 1822 1934 totum
1850 1905 1880 1934 et
1908 1903 2070 1943 integrum
2097 1909 2151 1932 ca-

324 1970 466 2010 pitulum
494 1969 602 2009 ipsius
627 1970 862 1999 conventus...
889 1966 1082 1997 diclliurcmo
1108 1966 1143 1997 di
1166 1966 1305 1997 ricevere
1330 1965 1387 1996 dul
1412 1965 1522 1997 (latior
1546 1966 1575 1996 in
1604 1968 1746 2005 utroque
1772 1964 1881 1996 Pleno
1902 1963 2021 1997 Crassi
2037 1965 2091 1996 del
2108 1965 2150 2006 fu

324 2032 472 2063 Monimo
498 2031 532 2062 di'
557 2030 674 2065 Pavia.
701 2030 757 2061 lire
781 2030 849 2061 455
872 2038 932 2069 pro
959 2029 1086 2069 integra
1114 2028 1283 2059 solutione
1310 2028 1405 2068 pretii
1434 2027 1523 2058 illius
1549 2028 1642 2058 tertie
1670 2027 1774 2067 partis
1794 2036 1853 2067 pro
1874 2027 2023 2058 indiviso
2050 2028 2150 2059 unius

323 2095 446 2125 domus
472 2095 534 2124 site
562 2094 592 2124 in
619 2093 707 2124 dicta
733 2092 868 2123 civitate
896 2090 1010 2131 Papie‚
1030 2091 1061 2121 in
1082 2090 1181 2121 Porta
1201 2090 1374 2130 Marenga,
1394 2090 1424 2120 in
1445 2088 1609 2120 Parochia
1629 2091 1742 2120 sancte
1761 2088 1947 2126 Trinitatis,
1966 2089 2050 2120 alias
2069 2098 2150 2121 ven-

325 2157 391 2187 dite
417 2156 551 2187 nomine
578 2155 655 2186 dicti
682 2156 871 2185 conventus
898 2153 1047 2194 prefacto
1074 2153 1212 2183 domino
1251 2151 1360 2190 Petro,
1398 2160 1489 2183 come
1525 2151 1568 2183 α’(ι
1594 2152 1783 2182 [strumento
1813 2151 1851 2182 12
1876 2151 2038 2182 dicembre
2066 2152 2148 2183 1491

323 2221 442 2258 rogato
472 2218 529 2249 dal
551 2218 665 2249 notaio
694 2216 909 2255 Gravanago.

1119 2362 1355 2402 DLXVI.

394 2476 498 2503 Frate
524 2473 700 2503 Giovanni
727 2474 771 2502 da
798 2473 833 2501 S.
861 2472 1008 2508 Angelo,
1030 2472 1266 2500 Procurator-e
1291 2471 1325 2499 di
1352 2471 1387 2499 S.
1414 2470 1600 2506 Agostino,
1621 2469 1738 2498 riceve
1765 2470 1788 2498 il
1813 2474 2024 2506 pagamento
2050 2469 2085 2498 di
2103 2478 2147 2498 un

326 2537 441 2556 annuo
468 2528 596 2563 legato.

923 2595 1095 2638 121-029.
1112 2586 1465 2624 κιόνεειτι-ιυνρ,
1494 2592 1546 2617 3.

827 2684 904 2705 (Arch
922 2684 1002 2704 Notar.
1020 2683 1041 2703 di
1059 2683 1137 2704 l‘avia.
1155 2694 1179 2696 —
1196 2683 1243 2703 Atti
1260 2682 1281 2703 di
1299 2682 1412 2703 Giovanui
1430 2681 1507 2702 Pietro
1524 2681 1626 2701 lmodelli
1645 2698 1647 2700 .

343 2770 345 2798 l

343 2816 344 2845 ἶ
425 2817 473 2932 Ι
573 2834 595 2859 Ν
621 2828 780 2859 domibus
794 2828 933 2859 ecclesie
949 2828 1053 2858 sancti
1070 2827 1249 2867 Augustini
1265 2828 1296 2858 et
1311 2826 1530 2857 habitationis
1557 2825 1758 2865 infrascripti
1776 2825 1924 2865 magistri
1942 2824 2144 2856 iohannis...

343 2882 344 2915 l

595 2890 811 2923 Reverendus
849 2891 879 2921 in
917 2889 1054 2922 Christo
1092 2892 1185 2930 pater
1221 2892 1252 2920 et
1289 2898 1381 2920 sacre
1408 2888 1576 2928 theologie
1603 2887 1777 2927 professor
1803 2888 1961 2918 dominus
1988 2887 2146 2927 magister

593 2954 759 2985 lohannes
784 2954 824 2984 de
850 2956 966 2984 sancto
994 2953 1133 2993 Angel0,
1159 2951 1259 2983 frater
1284 2954 1314 2982 et
1339 2951 1491 2982 sindicus
1516 2953 1546 2981 et
1572 2953 1800 2990 procurator...
1827 2950 2019 2981 monasterii
2039 2949 2143 2980 sancti

384 3114 413 3135 (1)
429 3112 484 3132 Vedi
501 3113 514 3132 il
530 3112 671 3132 documento
687 3111 746 3135 degli
762 3112 774 3130 8
791 3116 869 3130 marzo
887 3111 943 3130 14⁸7(
