2347 3444
1898 202 1957 232 107

143 338 202 370 per
228 331 352 362 dictum
380 330 571 369 Iohannem,
597 331 780 372 relictoque
806 331 896 363 dicto
923 330 1068 362 Iohanne
1104 330 1177 362 eius
1215 330 1295 361 finio
1321 332 1351 362 et
1379 333 1411 361 nt
1449 331 1595 362 creditur
1632 333 1763 369 herede,
1790 336 1820 364 et
1846 334 1956 365 dictus

143 391 289 424 Michael
316 393 429 424 relicta
454 393 600 433 quadam
626 394 699 425 eius
725 394 802 431 tilia,
829 402 894 424 non
920 393 1075 424 obstante
1102 392 1192 433 quod
1219 392 1307 423 aliax
1335 401 1395 432 pro
1422 394 1514 432 parte
1540 393 1628 424 dicte
1670 393 1836 434 Salvagie,
1865 396 1956 434 prius

143 453 300 485 defuncta
327 455 414 486 dicta
441 455 655 495 Magdalena,
681 458 711 487 et
737 456 900 487 dictorum
942 455 1248 486 commissariorum
1275 456 1305 485 et
1332 456 1551 486 executorum
1591 456 1729 495 predicti
1757 458 1957 493 testamenti,

142 524 180 546 ac
207 516 416 547 dominorum
445 516 592 548 Fratrum
619 518 697 549 dicti
725 517 922 548 Monasterii
949 520 979 548 et
1006 515 1204 548 Conventus
1245 516 1386 548 ecclesie
1425 517 1531 548 sancti
1570 516 1734 555 Barnabe,
1774 527 1879 558 usque
1917 519 1957 549 de

141 586 230 608 anno
256 587 355 609 curso
381 577 653 620 MCCCCXLllJ,
680 589 791 611 coram
818 582 896 611 tunc
924 578 1094 610 potestate
1121 578 1224 619 Papie
1250 581 1327 610 tunc
1355 579 1522 619 dellegato
1553 588 1610 619 per
1649 579 1774 611 litteras
1800 580 1950 617 ducales,

140 640 274 671 oblatus
301 640 397 672 fuerit
424 641 557 672 libellus
584 641 614 672 in
641 651 708 682 quo
735 642 934 682 petebantur
960 641 1068 682 legata
1095 642 1126 672 in
1153 641 1242 672 dicto
1267 642 1468 672 testamento
1495 643 1525 672 et
1552 642 1702 681 predicta
1722 642 1855 678 credita,
1877 644 1907 673 et
1927 643 1956 672 in

141 710 243 733 causa
271 703 343 742 ipsa
370 703 522 743 producti
549 703 670 735 tuerint
697 703 846 734 nonnulli
872 705 975 735 testes
1002 712 1061 743 pro
1088 705 1180 743 parte
1205 703 1292 734 dicte
1330 701 1487 743 Salvagie
1514 705 1543 734 et
1570 706 1788 734 executorum
1815 714 1853 735 ac
1882 704 1958 735 Fra-

140 766 225 794 trum
252 766 282 795 et
308 762 517 802 Conventus,
543 767 653 797 tamen
680 775 783 797 causa
810 767 883 806 ipsa
910 766 1049 806 spiravit
1077 765 1248 797 indecisa:
1276 765 1370 796 Adeo
1396 765 1487 805 quod
1515 766 1588 805 ipsa
1608 764 1765 806 Salvagia
1785 768 1813 797 ct
1834 767 1956 797 comis-

140 826 218 857 sarii
245 828 276 857 et
302 829 501 858 executores
528 828 605 859 dicti
633 829 822 860 testamenti
849 831 880 860 et
907 837 965 860 seu
993 828 1198 860 reverendus
1224 828 1383 858 dominus
1410 827 1602 868 Episcopus
1629 827 1741 858 Brixie
1761 829 1812 859 cui
1833 828 1955 859 estde-

140 888 255 920 voluta
280 889 436 920 executio
461 890 539 921 dicti
566 892 754 921 testamenti
781 900 820 922 ac
847 890 978 922 Fratres
1004 891 1082 922 dicti
1117 889 1315 922 Conventus
1353 890 1440 921 dicte
1478 890 1620 921 ecclesie
1658 891 1764 922 sancti
1804 890 1957 923 Barnabe

140 951 316 991 hucusque
342 951 492 982 debitum
520 960 617 983 suum
646 952 767 983 habere
795 962 859 983 non
898 954 1077 993 potuerunt
1104 962 1162 984 nec
1190 953 1346 984 videntur
1383 961 1486 992 posse
1525 952 1648 983 habere
1675 956 1789 984 contra
1827 953 1951 984 dictum

141 1012 321 1044 Iohannem
347 1013 388 1044 de
415 1012 570 1044 Bertonis
595 1023 633 1045 ac
658 1014 743 1045 alios
769 1017 977 1055 occupantes
1005 1015 1091 1046 bona
1118 1015 1165 1046 eis
1199 1014 1470 1055 supplicantibus
1509 1015 1719 1054 pertinentia,
1759 1023 1818 1045 nec
1855 1024 1958 1055 super

139 1075 237 1106 bonis
263 1084 377 1106 eorum
403 1078 435 1107 et
460 1076 538 1107 dicti
565 1077 735 1116 quondam
763 1076 896 1108 Antonii
924 1077 1037 1117 patris,
1065 1077 1134 1108 nixi
1162 1076 1368 1108 Excellentia
1395 1076 1514 1108 Vestra
1541 1085 1660 1108 manus
1679 1085 1759 1108 suas
1777 1077 1957 1109 adiutrices

139 1137 286 1177 benigno
312 1137 426 1169 favore
453 1138 662 1178 impenderit,
689 1141 825 1179 propter
850 1139 1083 1170 cavillationes
1108 1139 1187 1170 dicti
1216 1138 1372 1170 Iohannis
1398 1147 1458 1170 seu
1485 1139 1653 1179 agentium
1674 1148 1733 1179 pro
1760 1148 1799 1170 eo
1826 1141 1857 1170 et
1875 1140 1957 1170 alio-

139 1208 209 1230 rum
236 1200 474 1240 occupantium
501 1200 588 1232 dicta
616 1201 724 1232 bona:
753 1201 791 1232 Et
816 1210 901 1239 cum,
928 1201 1154 1233 Illustrissirne
1171 1200 1343 1241 Princeps,
1371 1201 1465 1233 locus
1485 1202 1557 1241 ipse
1576 1201 1683 1232 sancti
1704 1201 1857 1233 Barnabe
1875 1202 1954 1233 dicti

138 1260 277 1293 Ordinis
303 1264 334 1293 et
360 1262 490 1294 Fratres
516 1263 679 1301 eiusdem,
706 1272 766 1294 nec
794 1273 858 1294 non
885 1264 973 1295 dieta
1000 1262 1158 1303 Salvagia
1185 1273 1249 1294 non
1277 1264 1342 1294 sint
1381 1263 1523 1294 habilles
1549 1263 1590 1294 ad
1629 1263 1826 1304 litigandum
1855 1264 1884 1294 in
1912 1265 1957 1295 ci-

137 1324 239 1355 vitate
266 1323 381 1364 Papie,
408 1326 475 1355 tum
503 1325 764 1356 cavilationibus
790 1335 854 1366 que
882 1326 996 1366 vigent
1022 1326 1052 1356 in
1080 1326 1153 1365 ipsa
1180 1326 1314 1357 civitate
1341 1324 1455 1365 Papio,
1482 1327 1548 1356 tum
1580 1325 1677 1356 etiam
1697 1334 1738 1356 ex
1760 1326 1956 1357 humillitate

137 1395 263 1423 eormn,
290 1388 358 1417 turn
385 1387 483 1418 etiam
511 1388 589 1427 quia
617 1397 680 1418 non
697 1388 855 1419 convenit
882 1388 1048 1419 honestati
1064 1388 1141 1418 dicti
1159 1387 1221 1418 loci
1237 1396 1273 1419 se
1293 1387 1458 1418 intrudere
1474 1388 1504 1418 in
1525 1387 1674 1428 littigiis:
1695 1387 1881 1427 Eapropter
1901 1388 1957 1419 be-

137 1449 237 1490 nigna
263 1449 439 1480 clementia
467 1452 589 1486 vestra,
615 1459 681 1489 que
709 1450 738 1480 in
766 1450 891 1481 talibus
918 1450 1016 1481 solita
1043 1452 1093 1481 est
1120 1450 1287 1489 benignos
1312 1449 1448 1481 favores
1475 1450 1679 1489 impendere,
1707 1450 1851 1480 maxime
1890 1451 1954 1490 piis

136 1512 249 1543 causis
275 1513 306 1543 et
331 1512 456 1543 talibus
483 1511 566 1543 loeis
594 1512 772 1552 religiosis,
799 1512 974 1552 premissis
1000 1512 1157 1543 omnibus
1183 1513 1215 1543 et
1240 1511 1384 1552 singulis
1410 1511 1555 1549 attentis,
1582 1511 1737 1552 dignetur
1755 1512 1871 1542 eadem
1888 1510 1956 1542 Do-

136 1574 284 1611 rnInatio,
311 1574 410 1605 alicui
438 1574 544 1614 probo
572 1574 653 1611 viro⁷
680 1575 731 1605 cui
760 1573 953 1605 Dominatio
979 1573 1097 1605 Vestra
1125 1573 1296 1613 placuerit,
1325 1574 1354 1604 in
1382 1573 1579 1605 Mediolano
1607 1573 1657 1604 vel
1684 1573 1762 1604 alibi
1801 1574 1954 1605 commit-

134 1639 203 1668 tere
229 1638 261 1667 et
287 1637 456 1672 mandare,
482 1637 538 1676 qui
567 1637 661 1667 solus
687 1639 718 1668 et
743 1637 874 1677 absque
900 1637 1043 1668 consilio
1084 1635 1292 1676 Sapientum,
1320 1645 1352 1667 re
1379 1636 1546 1667 intellecta
1573 1638 1603 1667 et
1630 1635 1718 1667 vello
1757 1636 1877 1669 levato,
1915 1645 1952 1667 ac

136 1699 208 1730 sine
234 1699 374 1738 strepitu
402 1701 433 1730 et
460 1699 563 1739 figura
591 1699 704 1730 iudicii
732 1701 762 1730 et
788 1699 859 1730 sine
886 1699 1021 1730 datione
1048 1698 1160 1735 libelli,
1187 1699 1316 1729 vocatis
1343 1698 1519 1735 vocandis,
1546 1698 1629 1728 infra
1656 1698 1848 1738 quindecim
1880 1698 1953 1729 dies

136 1770 232 1801 prox.
260 1761 317 1792 fut.
345 1763 442 1801 cogat
468 1763 499 1792 et
525 1761 705 1801 compellat
730 1761 854 1792 dictum
883 1761 1061 1792 Iohannem
1089 1761 1130 1792 ad
1158 1760 1359 1792 solvendum
1386 1761 1494 1792 dictas
1521 1769 1638 1791 omnes
1665 1760 1870 1800 quantitates
1896 1760 1954 1791 de—

135 1823 316 1860 nariorum,
342 1823 383 1854 de
409 1824 535 1863 quibus
561 1832 664 1863 supra
690 1824 724 1854 t'it
751 1824 885 1861 mentio,
913 1832 974 1854 nec
994 1832 1059 1854 non
1077 1823 1119 1854 ad
1138 1823 1373 1854 dimittendum
1404 1825 1434 1853 et
1461 1822 1705 1854 rellassandum
1741 1822 1952 1853 medietatem

135 1886 312 1917 cuiusdam
339 1886 461 1917 domus
487 1895 546 1917 seu
585 1886 762 1917 sediminis
789 1886 830 1917 de
857 1894 922 1925 qua
950 1886 980 1916 in
1007 1886 1098 1916 dicto
1136 1887 1337 1916 testamento
1363 1885 1397 1915 t'it
1424 1885 1557 1922 mentio,
1596 1884 1786 1921 summarie,
1825 1884 1954 1924 simpli-

136 1948 217 1979 citer
242 1950 272 1979 et
299 1948 339 1979 de
366 1948 478 1988 plano,
505 1949 577 1979 sine
604 1949 743 1988 strepitu
771 1950 801 1979 et
827 1948 932 1988 figura
959 1947 1084 1985 iudicii,
1111 1947 1252 1987 solaque
1293 1946 1369 1978 tacti
1409 1947 1546 1977 veritate
1584 1948 1718 1977 attenta.
1757 1945 1822 1976 Aut
1860 1946 1949 1985 quod

137 2011 234 2051 cogat
260 2010 385 2042 dictum
413 2010 592 2041 Iohannem
619 2012 649 2041 et
675 2019 910 2050 quoscumque
936 2009 1020 2040 alios
1046 2010 1236 2040 detinentes
1262 2009 1350 2040 bona
1377 2010 1407 2040 et
1432 2009 1473 2040 de
1493 2008 1590 2039 bonis
1609 2008 1658 2039 eis
1677 2008 1951 2048 supplicantibus

137 2073 382 2113 pertinentibus
409 2073 558 2113 predicta
584 2073 769 2104 occaxione
796 2075 826 2103 et
853 2081 917 2112 que
943 2072 1076 2103 fuerunt
1101 2074 1132 2103 et
1158 2073 1235 2102 sunt
1260 2071 1338 2102 dicti
1366 2071 1537 2111 quondam
1565 2069 1699 2101 Antonii
1726 2072 1756 2101 et
1774 2070 1815 2101 ad
1843 2070 1954 2101 dimit-

137 2135 272 2167 tendum
299 2138 330 2167 et
356 2135 592 2167 relassandum
619 2145 658 2167 ea
686 2136 785 2174 bona,
812 2138 843 2167 et
870 2136 921 2166 ius
948 2135 1048 2166 faciat
1074 2135 1266 2171 summarie,
1292 2136 1354 2165 etc.
1381 2136 1411 2165 et
1437 2133 1509 2164 sola
1536 2133 1613 2164 tacti
1641 2133 1779 2163 veritate
1818 2134 1952 2170 attenta,

136 2198 336 2238 aprobando
362 2200 393 2230 et
418 2198 668 2229 convalidando
694 2199 805 2229 omnia
831 2198 956 2238 agitata
982 2197 1065 2228 alias
1092 2198 1124 2227 in
1151 2197 1301 2237 predicta
1327 2205 1429 2227 causa
1455 2204 1493 2227 ac
1521 2197 1634 2233 testes,
1671 2204 1710 2226 ac
1748 2194 1952 2225 declarando

137 2269 196 2301 per
221 2260 356 2292 easdem
384 2260 510 2292 litteras
537 2260 647 2291 valere
675 2260 705 2290 in
733 2260 878 2300 presenti
906 2268 1017 2290 causa.
1046 2258 1084 2290 Et
1103 2259 1162 2290 hec
1196 2259 1308 2290 omnia
1346 2258 1481 2289 remotis
1518 2256 1779 2288 cavilationibus
1812 2256 1954 2296 quibus-

137 2331 281 2362 cumque
307 2324 338 2354 et
362 2323 493 2363 absque
520 2332 558 2354 eo
585 2323 675 2362 quod
703 2322 766 2362 ipsi
794 2322 1026 2362 supplicantes
1063 2321 1195 2361 possint
1221 2320 1295 2361 cogi
1333 2320 1375 2351 ad
1413 2319 1647 2351 satisdandum
1685 2317 1875 2358 aliqualiter
1911 2317 1952 2348 de

136 2386 310 2426 expensis,
337 2394 397 2417 nec
422 2385 526 2422 aliter,
554 2385 668 2425 vigore
694 2386 893 2416 statutorum
920 2393 958 2415 ac
985 2384 1194 2414 decretorum
1220 2382 1308 2413 dicte
1335 2382 1481 2413 civitatis
1507 2380 1623 2421 Papie,
1641 2380 1682 2412 ad
1702 2380 1765 2411 hoc
1782 2382 1815 2411 ut
1834 2379 1953 2410 volun—

136 2450 188 2480 tas
213 2448 292 2479 dicti
319 2448 489 2479 testatoris
516 2448 625 2488 possit
650 2447 784 2487 exequi,
810 2447 905 2478 aliter
930 2446 1015 2477 enim
1042 2446 1130 2477 dicta
1155 2443 1314 2485 Salvagia
1339 2453 1377 2476 ac
1396 2444 1485 2475 dicta
1504 2443 1648 2475 ecclesia
1667 2443 1773 2474 sancti
1797 2441 1950 2473 Barnabe

137 2519 175 2542 ac
201 2512 389 2542 conventus
415 2510 567 2541 eiusdem
594 2512 749 2550 poterunt
776 2518 945 2540 remanere
983 2508 1103 2548 privati
1142 2507 1271 2538 iuribus
1297 2507 1380 2545 suis,
1406 2506 1496 2546 quod
1524 2515 1588 2537 non
1627 2505 1772 2536 creditur
1804 2503 1873 2535 fore
1910 2504 1951 2534 de

137 2576 247 2606 mente
273 2575 383 2605 vestre
409 2573 496 2604 bone
523 2573 727 2604 intentionis.
