2347 3444
309 219 373 250 346

401 511 572 548 Religiosi
598 510 812 547 agostiniani
838 508 1016 546 promossi
1044 507 1114 543 agli
1140 506 1263 535 Ordini
1290 505 1395 536 sacri.

936 621 953 644 1
960 619 1089 649 49¹7,
1124 619 1344 650 112115321(
1351 626 1376 650 ›,
1409 618 1499 643 20.

822 710 900 733 (Arclr
918 708 999 729 Notar.
1017 708 1038 728 di
1056 707 1134 728 Pavia.
1153 718 1176 720 ·—
1193 707 1241 727 Atti
1259 707 1280 727 di
1296 706 1347 727 Gio,
1365 706 1456 727 Manen
1477 706 1600 727 Paltonieri
1618 723 1622 726 .

561 922 739 950 RDlNATlO
765 914 942 947 Generalis
969 913 1145 947 Sacrorum
1172 913 1350 951 Ordinum‚
1378 914 1408 944 in
1435 913 1588 945 sacristia
1627 921 1714 944 nova
1748 913 1889 944 ecclesie
1915 912 2130 949 cathedralis,

389 905 498 1021 O
584 982 670 1010 tenta
691 988 748 1019 per
766 978 985 1009 reverendum
1003 978 1032 1008 in
1049 975 1187 1009 Christo
1203 978 1328 1016 patrem
1349 976 1557 1007 decretorum
1577 976 1747 1006 doctorem
1764 975 1937 1006 dominum
1954 974 2134 1006 Iohannem

583 1042 755 1073 Matlieum
783 1041 822 1072 de
850 1040 1006 1076 FrivoHs,
1033 1039 1093 1070 Dei
1121 1042 1151 1070 et
1177 1039 1366 1079 apostolice
1404 1037 1502 1070 Sedis
1539 1039 1644 1079 gratia
1682 1038 1881 1078 episcopum
1908 1038 2132 1069 almurensem

315 1104 551 1143 suiragnneum
581 1105 610 1134 in
637 1103 778 1134 ecclesia
807 1103 922 1133 maiori
951 1102 1152 1142 papiensi...

408 1166 457 1197 Ad
485 1166 768 1197 subdiacmiatum

406 1229 516 1259 Frater
543 1228 708 1259 lohannes
735 1227 953 1267 Evangelista
980 1227 1020 1257 de
1046 1226 1201 1258 Trivillio
1228 1224 1366 1257 Ordinis
1393 1225 1647 1257 Heremitarum.

410 1291 459 1322 Ad
488 1291 704 1322 diaconatum

407 1353 518 1384 Frater
545 1352 663 1384 Petrus
690 1352 817 1384 Paulus
844 1353 884 1384 de
910 1352 1058 1383 Novaria
1085 1351 1225 1383 Ordinis
1251 1351 1505 1383 Heremitarum.

408 1415 519 1447 Frater
545 1414 665 1447 Petrus
690 1416 730 1446 de
757 1414 885 1446 Brissia
912 1414 1051 1446 Ordinis
1079 1414 1333 1445 Heremitarum.

409 1478 520 1509 Frater
547 1478 759 1519 Augustinus
784 1477 824 1508 de
851 1477 1000 1508 Novaria
1026 1476 1165 1508 Ordinis
1191 1477 1296 1508 sancti
1324 1476 1516 1516 Augustini.

410 1540 460 1571 Ad
488 1541 746 1581 presbiteratum

410 1602 521 1633 Frater
547 1602 714 1633 Iohannes
740 1601 953 1642 Augustinus
979 1601 1019 1633 de
1046 1601 1181 1633 Bosclio
1208 1600 1347 1633 Ordinis
1374 1602 1617 1633 Heremitarum
1635 1599 1696 1641 (1).

1117 1776 1350 1817 DCXVI.

414 1886 542 1921 Legato
568 1885 826 1914 testamentario
852 1886 905 1914 del
930 1886 1005 1914 nob.
1032 1885 1169 1922 Giorgio
1195 1886 1236 1914 de
1253 1885 1374 1914 Tisma
1390 1894 1450 1922 per
1467 1886 1497 1914 la
1514 1884 1727 1914 costruzione
1745 1884 1832 1913 della
1845 1884 1996 1921 cappella
2020 1883 2052 1912 di
2076 1883 2144 1912 San

324 1941 447 1968 Fermo
474 1939 506 1967 in
531 1940 565 1968 S,
593 1940 707 1973 Paolo,
734 1948 752 1967 e
777 1948 837 1976 per
861 1939 880 1968 1‘
896 1940 985 1968 Arca
1010 1939 1042 1967 di
1068 1940 1101 1968 S.
1128 1939 1307 1975 Agostino.

962 2053 1119 2083 1497,
1149 2053 1394 2085 ariagne,
1425 2053 1500 2078 14.

821 2141 899 2163 (Areli.
918 2141 998 2161 Notar,
1016 2141 1037 2161 di
1055 2141 1125 2161 Pavia
1142 2152 1166 2154 —
1183 2141 1230 2162 Atti
1247 2141 1268 2161 di
1286 2141 1343 2162 Gian
1360 2141 1472 2162 Giacomo
1487 2141 1643 2166 Gravanajzo).

403 2324 511 2440 T
574 2344 807 2369 ESTAMENTO
833 2339 887 2370 a'el
910 2338 984 2370 nob.
1014 2338 1152 2378 Giorgio
1179 2339 1217 2370 de
1248 2339 1359 2370 Tisma
1385 2338 1438 2369 del
1455 2337 1496 2378 fu
1517 2336 1689 2374 Giacorno,
1708 2337 1742 2368 di
1759 2336 1874 2371 loavia,
1894 2337 1925 2367 1'71
1944 2336 1997 2367 cui
2013 2336 2151 2376 dispone

596 2401 688 2441 quod
715 2401 859 2432 cadaver
885 2410 982 2431 suum
1010 2400 1178 2432 deferatur
1203 2401 1245 2432 ad
1272 2401 1447 2432 ecclesiam
1474 2400 1579 2431 sancti
1608 2399 1701 2430 Pauli
1728 2402 1821 2430 extra
1847 2402 1878 2430 et
1904 2408 2008 2439 prope
2035 2407 2149 2430 muros

598 2462 701 2503 l'apie
727 2462 866 2494 Ordinis
892 2464 997 2494 sancti
1026 2463 1205 2503 Augustini
1226 2464 1266 2494 de
1285 2462 1512 2495 Observantia
1537 2466 1568 2494 et
1595 2464 1625 2494 in
1653 2463 1726 2494 loco
1753 2463 1808 2493 ubi
1828 2463 1882 2493 fiet
1900 2465 1930 2493 et
1948 2461 2150 2493 costruenda

331 2528 379 2555 est
405 2526 533 2565 capella
561 2526 600 2557 de
627 2534 692 2565 qua
721 2525 815 2563 infra,
841 2528 871 2556 et
899 2526 960 2557 lioc
987 2526 1058 2557 sine
1084 2526 1198 2566 aliqua
1225 2535 1349 2566 pompa
1377 2535 1435 2557 nec
1462 2526 1680 2557 invitamento
1706 2526 1907 2561 concivium,
1945 2525 2003 2556 sed
2041 2524 2149 2555 solum

333 2587 553 2618 interveniant
581 2597 698 2619 omnes
725 2587 855 2619 Fratres
882 2588 959 2619 dicti
986 2591 1175 2619 conventus
1201 2589 1306 2620 sancti
1335 2587 1428 2619 Pauli
1456 2590 1486 2619 et
1513 2588 1677 2628 presbiter
1703 2588 1929 2628 parochianus
1958 2596 2031 2618 cum
2069 2586 2152 2617 duo-

334 2649 438 2679 decim
467 2650 661 2689 presbiteris
687 2653 825 2685 tantum,
853 2651 907 2690 qui
936 2651 1044 2690 ipsum
1072 2651 1216 2682 cadaver
1250 2652 1422 2682 socient...
1449 2650 1524 2682 ltem
1552 2650 1690 2681 voluit...
1716 2651 1807 2690 quod
1842 2649 2042 2689 infrascripti
2079 2649 2152 2680 eius

335 2711 473 2741 lie-redes
500 2712 709 2742 universales
735 2715 909 2743 teneantur
934 2716 964 2743 et
990 2713 1145 2748 debeant,
1172 2713 1282 2744 statim
1311 2715 1387 2753 post
1413 2715 1549 2743 mortem
1578 2713 1686 2752 ipsius
1711 2713 1836 2743 domini
1864 2712 2043 2749 testatoris,
2068 2710 2153 2742 cele-

335 2773 428 2804 brare
455 2773 561 2804 iacere
588 2774 724 2804 missam
752 2775 856 2804 sancti
885 2774 1037 2814 Gregorii
1058 2784 1115 2815 per
1134 2775 1290 2806 dominos
1310 2775 1440 2806 Fratres
1459 2775 1735 2805 monasteriorum
1755 2777 1785 2805 et
1802 2777 2027 2805 conventuum
2047 2773 2151 2805 sancti

337 2834 442 2872 Pauli,
468 2836 573 2866 sancti
602 2835 710 2866 lacobi
738 2839 767 2866 et
794 2837 898 2867 sancti
927 2836 1120 2876 Apolinaris
1146 2840 1239 2868 extra
1265 2840 1295 2868 et
1322 2846 1426 2878 prope
1453 2839 1580 2877 portam
1607 2837 1753 2868 civitatis
1779 2836 1899 2877 Papie,
1927 2837 2051 2877 quibus
2075 2844 2154 2866 con-

336 2897 494 2928 ventibus
519 2900 549 2928 et
575 2898 711 2928 cuilibet
739 2898 887 2937 ipsorum
916 2902 1089 2929 teneantur
1115 2901 1145 2930 et
1171 2900 1315 2930 debeant
1342 2900 1405 2939 ipsi
1434 2899 1573 2930 heredes
1598 2899 1782 2930 exbursare
1808 2899 1955 2930 florenos
1980 2899 2066 2930 duos
2092 2907 2152 2939 pro

392 3056 422 3078 ll)
438 3055 501 3080 Negli
518 3055 559 3075 atti
577 3055 637 3075 dello
653 3058 730 3075 stesso
747 3056 826 3075 notaio
843 3056 958 3075 troviamo
975 3056 1015 3076 clie
1026 3056 1069 3080 agli
1096 3057 1114 3076 ll
1141 3062 1218 3076 marzo
1275 3062 1354 3077 musso
1369 3057 1389 3077 al
1406 3057 1562 3082 presbiteram
1575 3056 1654 3082 frater
1669 3057 1786 3078 lohannes
1798 3057 1909 3084 Baptista
1921 3058 1948 3079 de
1962 3057 2094 3079 Castelntio
2107 3057 2148 3078 ΟΓ-

342 3099 398 3124 1197,
416 3099 474 3119 nella
491 3099 646 3119 Ortlinaizione
663 3099 777 3124 generale,
795 3101 874 3120 tenuta
891 3100 919 3119 da
936 3100 995 3124 Mur
1014 3099 1106 3123 l‘rivoli,
1130 3100 1151 3120 in
1169 3106 1220 3125 pro·
1275 3101 1339 3121 (linis
1355 3101 1535 3121 llcrcml'mrum.
