2347 3444
1917 196 1977 227 193

163 325 360 356 testamento
386 326 502 365 rogato
529 326 563 355 ut
588 325 812 364 protestantur
849 324 986 355 domino
1023 323 1168 355 Martino
1195 323 1235 354 de
1261 322 1474 365 Saglimbene
1492 323 1543 364 (1)
1547 351 1596 357 .....
1634 326 1698 364 Qui
1733 326 1876 359 Carolus
1902 338 1977 369 pro-

163 386 294 417 misit....
321 386 413 426 quod
439 386 526 418 dicta
552 386 688 417 domina
714 385 843 417 lsabeta
870 386 978 417 solvet
1004 386 1112 417 dictos
1137 386 1337 417 denarios...,
1365 387 1440 417 hinc
1465 388 1507 418 ad
1533 388 1692 420 calendas
1730 388 1870 429 Augusti
1902 400 1977 430 pro—

165 448 255 479 ximo
280 447 391 480 futuri.

923 596 1198 637 CCCXCII.

249 704 276 731 11
303 704 465 740 Capitolo
491 705 525 733 di
552 705 586 733 S.
615 705 785 734 Mostiola
810 705 922 733 vende
947 713 1014 733 una
1040 705 1144 741 vigna
1169 714 1230 742 per
1255 705 1469 742 riparazioni
1495 706 1528 734 al
1556 706 1748 735 Convento.

816 809 970 841 1473,
999 810 1052 841 gi
1060 816 1232 842 tlgl1o,
1262 810 1338 835 13.

676 898 752 921 (Aren
771 898 850 919 Notar.
867 899 888 919 di
906 898 983 919 Pavia.
1001 910 1025 912 —
1041 899 1088 919 Atti
1105 899 1126 919 di
1143 898 1265 920 Guniforto
1281 898 1457 925 Strazzapatti),

261 1081 306 1196 Ι
397 1060 426 1124 1Ν
452 1094 636 1125 reffectorio
664 1104 784 1135 magno
810 1095 1008 1128 Conventus
1045 1099 1157 1128 sancte
1191 1097 1373 1135 Mustiolle‚
1400 1098 1464 1128 sito
1491 1098 1520 1129 in
1549 1097 1647 1130 Porta
1674 1100 1778 1130 sancti
1806 1099 1973 1138 Iohannis,

427 1156 457 1186 in
485 1155 646 1187 Parochia
674 1158 777 1187 sancti
807 1157 901 1197 Filipi
929 1166 987 1188 seu
1019 1159 1123 1189 sancti
1143 1157 1283 1199 Nicolay
1303 1159 1342 1190 de
1362 1159 1549 1191 Verzario...
1576 1159 1659 1192 Cum
1689 1170 1800 1192 verum
1821 1163 1862 1192 sit
1881 1163 1972 1202 quod

185 1255 206 1256 W
230 1254 389 1256 j*
426 1218 634 1249 venerabiles
660 1221 690 1249 ct
715 1219 861 1259 religiosi
888 1220 947 1250 viri
974 1219 1099 1250 domini
1138 1219 1231 1251 Prior
1255 1223 1285 1252 et
1312 1221 1440 1253 Fratres
1465 1224 1495 1253 et
1529 1221 1726 1254 Conventus
1760 1227 1872 1255 sancte
1899 1225 1974 1256 Mu-

155 1282 265 1313 stiolle
292 1280 405 1322 Papie,
432 1279 569 1312 Ordinis
597 1280 744 1311 Fratrum
773 1280 1011 1312 Hcremitarum
1038 1283 1142 1313 sancti
1170 1282 1359 1323 Augustini,
1387 1284 1557 1315 intendant
1583 1287 1613 1315 et
1640 1285 1754 1316 vellint
1774 1295 1832 1326 pro
1860 1296 1974 1318 neces-

155 1345 251 1375 sitate
279 1344 387 1384 ipsius
412 1345 599 1374 conventus
625 1343 692 1373 fieri
720 1345 749 1373 et
775 1344 922 1374 construi
949 1344 1056 1375 facere
1084 1345 1114 1375 in
1135 1345 1210 1385 ipso
1228 1348 1395 1377 conventu
1415 1348 1445 1377 et
1464 1347 1622 1378 domibus
1640 1348 1790 1379 eiusdem
1809 1357 1970 1389 canepam

155 1415 253 1437 unam
281 1406 311 1437 in
339 1405 451 1443 volta,
489 1413 548 1445 pro
574 1405 817 1436 conservandis
843 1406 930 1436 vinis
958 1407 1065 1446 ipsius
1091 1408 1305 1445 monasterii,
1344 1416 1408 1447 que
1435 1417 1542 1448 usque
1570 1409 1599 1439 in
1627 1410 1867 1449 presentiarum
1904 1410 1970 1442 fere

155 1469 245 1499 omni
272 1477 360 1499 anno
385 1469 641 1508 corrumpuntur
667 1469 697 1498 et
723 1470 929 1499 marcescunt
955 1471 986 1499 et
1012 1477 1070 1500 seu
1097 1469 1263 1500 callesiunt
1289 1470 1333 1500 ob
1359 1469 1581 1501 defficentiam
1608 1480 1751 1512 canepe,
1778 1481 1843 1503 non
1871 1473 1972 1504 liabe-

156 1532 280 1571 antque
306 1530 441 1561 modum
469 1530 556 1561 illam
584 1529 702 1561 voltari
729 1531 759 1560 et
784 1531 907 1561 costrui
934 1530 1077 1562 faciendi
1104 1531 1148 1562 ob
1166 1533 1343 1563 carentiam
1371 1533 1585 1572 pecuniarum
1613 1534 1693 1571 nixi,
1720 1535 1902 1574 procedant
1927 1536 1969 1567 ad

155 1593 382 1624 venditionem
409 1592 572 1623 bonorum
600 1592 819 1623 immobilium
847 1593 923 1623 dicti
949 1595 1136 1625 conventus
1154 1596 1184 1625 et
1203 1594 1375 1634 presertim
1403 1594 1611 1635 infrascripte
1630 1597 1843 1636 proprietatis
1862 1597 1970 1637 ipsius

155 1656 342 1686 conventus
367 1663 427 1695 pro
453 1655 570 1685 minori
597 1654 777 1695 dispendio
803 1655 974 1686 eiusdem:
1001 1654 1148 1686 ldcircho
1178 1658 1364 1687 convocato
1390 1659 1420 1687 et
1445 1659 1647 1698 congregato
1675 1657 1797 1689 ibidem
1824 1660 1971 1699 capitulo

157 1717 234 1748 dicti
260 1719 457 1754 conventus,
484 1717 524 1748 de
551 1717 708 1747 mandato
735 1717 905 1747 reverendi
933 1725 1024 1748 sacre
1051 1717 1218 1758 theologie
1245 1717 1448 1758 professoris
1474 1719 1599 1750 domini
1628 1720 1775 1760 magistri
1815 1720 1972 1753 lobannis

156 1779 265 1811 Iacobi
293 1780 333 1811 de
358 1778 524 1820 Campixe
551 1778 773 1810 provincialis
798 1779 875 1810 dicti
894 1778 1031 1811 Ordinis
1051 1779 1197 1810 Fratrum
1219 1779 1457 1811 Heremitarum
1477 1782 1581 1812 sancti
1602 1781 1779 1822 Augustini
1807 1784 1972 1823 provintie

157 1841 355 1873 Lombardie
382 1850 439 1873 seu
466 1841 571 1873 sancti
598 1840 787 1882 Augustini,
815 1850 873 1872 nec
900 1850 964 1872 non
990 1844 1020 1872 et
1047 1842 1248 1873 venerabilis
1274 1843 1334 1873 viri
1361 1843 1486 1874 domini
1525 1843 1635 1875 fratris
1662 1843 1746 1875 Petri
1782 1845 1821 1876 de
1855 1844 1972 1878 Calvis

158 1903 283 1936 Prioris
309 1904 386 1935 dicti
413 1905 599 1935 conventus
626 1905 738 1935 sancte
766 1903 969 1941 Mustiole‚...
996 1905 1026 1934 in
1054 1913 1121 1944 quo
1147 1904 1282 1944 quidem
1308 1905 1455 1945 capitulo
1485 1904 1617 1936 fuerunt
1642 1909 1672 1937 et
1698 1909 1774 1937 sunt
1813 1908 1875 1947 ipsi
1914 1908 1974 1939 do-

157 1967 235 1997 mini
263 1965 484 1997 Provincialis
509 1968 539 1997 et
567 1965 659 1996 Prior
677 1968 798 1997 etcum
825 1966 905 1997 eis...
933 1966 1140 1997 venerabiles
1167 1967 1226 1997 viri
1265 1967 1390 1997 domini
1429 1966 1526 1998 irater
1563 1966 1763 1999 Guillelmus
1789 1969 1829 1999 de
1856 1969 1974 2010 Arigo-

157 2028 266 2065 nibus,
292 2028 390 2059 frater
416 2028 585 2059 Melchion
612 2028 652 2059 de
680 2028 813 2065 Lucino,
840 2027 937 2059 frater
964 2028 1165 2059 Eustachius
1191 2029 1230 2059 de
1257 2028 1371 2066 Nocte,
1390 2029 1488 2060 frater
1507 2028 1701 2061 Simoninus
1720 2031 1760 2061 de
1791 2031 1970 2070 Vercellis,

156 2090 254 2122 frater
281 2091 476 2122 Laurentius
503 2091 542 2121 de
569 2090 683 2128 Biella,
710 2090 808 2121 frater
834 2090 1041 2121 Tliolomeus
1067 2091 1107 2121 de
1134 2089 1316 2127 Seraticho,
1343 2091 1441 2122 frater
1468 2091 1616 2132 Angelus
1642 2092 1682 2123 de
1703 2092 1914 2125 Rusconibus
1940 2097 1970 2125 et

156 2153 254 2184 frater
280 2152 510 2184 Bertolameus
536 2153 575 2184 de
602 2153 631 2184 la
658 2152 817 2190 Ecclesia,
843 2161 960 2183 omnes
986 2152 1103 2184 fratres
1129 2152 1271 2193 professi
1307 2153 1383 2184 dicti
1418 2156 1622 2191 conventus,
1656 2154 1859 2186 facientes...
1894 2156 1969 2196 plus

157 2224 256 2255 quam
283 2215 368 2246 duas
394 2217 505 2255 partes
531 2215 607 2246 dicti
634 2217 853 2246 conventus...
879 2224 952 2245 cum
981 2214 1111 2245 licentia
1137 2217 1167 2245 et
1192 2215 1387 2246 auctoritate
1413 2218 1443 2246 et
1461 2224 1628 2247 consensu
1649 2217 1725 2247 dicti
1746 2217 1870 2248 domini
1892 2217 1971 2248 Pro—

157 2277 320 2314 vincialis,
347 2277 500 2308 habentis
525 2277 567 2308 ad
595 2277 653 2308 hec
678 2279 709 2308 et
734 2277 798 2308 alia
826 2277 955 2317 plenam
982 2277 1211 2307 auctoritatem
1238 2279 1268 2308 et
1294 2279 1492 2317 potestatem
1513 2278 1732 2317 dispensandi
1757 2279 1865 2309 circha
1892 2280 1972 2310 alie-

158 2341 316 2371 naciones
342 2340 470 2371 fiendas
495 2340 535 2370 de
563 2339 660 2371 bonis
687 2339 915 2370 immobilibus
940 2341 1163 2370 conventuum
1183 2339 1246 2370 sibi
1274 2339 1498 2370 subiectorum
1530 2340 1606 2371 dicti
1637 2339 1774 2372 Ordinis
1805 2342 1969 2381 provintie

158 2402 322 2439 iamdicte‚
348 2403 413 2432 tam
439 2410 480 2432 ex
507 2401 619 2433 officio
645 2410 707 2433 suo
734 2410 832 2441 quam
860 2410 916 2441 per
943 2401 1067 2432 litteras
1093 2401 1263 2432 reverendi
1291 2402 1394 2441 patris
1420 2404 1450 2432 et
1469 2410 1560 2432 sacre
1580 2402 1747 2443 theologie
1767 2402 1969 2442 professoris

157 2464 282 2494 domini
308 2463 418 2494 fratris
444 2463 552 2494 lacobi
579 2464 619 2494 de
646 2463 778 2504 Aquila,
805 2462 979 2495 Generalis
1005 2464 1106 2494 totius
1133 2462 1270 2494 Ordinis
1297 2463 1431 2494 fratrum
1459 2463 1698 2495 Heremitarum
1726 2465 1829 2495 sancti
1858 2464 1971 2506 Augu-

156 2526 244 2563 stini,
272 2526 335 2566 ipsi
362 2526 498 2557 domino
526 2525 721 2557 Provintiali
747 2535 928 2557 concessas
953 2528 983 2556 et
1009 2526 1081 2556 eius
1107 2525 1218 2565 sigillo
1245 2526 1430 2566 sigillatas,
1464 2535 1603 2566 quarum
1631 2527 1809 2557 litterarum
1837 2530 1968 2560 tenores

157 2590 341 2628 sequuntur
367 2591 400 2619 ut
427 2588 510 2619 infra
536 2588 711 2620 videlicet:
736 2586 854 2628 (segue
877 2589 900 2619 il
924 2588 1116 2619 documento
1141 2588 1194 2619 ciel
1209 2588 1231 2619 9
1250 2587 1382 2627 Giugno
1411 2588 1495 2620 1473
1512 2597 1528 2619 e
1546 2588 1569 2619 il
1585 2588 1777 2620 documento
1800 2590 1821 2620 7
1836 2588 1968 2629 Giugno

160 2647 279 2688 1474);

212 2806 241 2831 (l)
257 2807 297 2828 Nel
313 2807 364 2827 doc,
387 2813 409 2828 n.
425 2807 553 2828 CLXXXVI
575 2808 683 2828 abbiamo
706 2813 735 2828 un
757 2808 834 2833 legato
855 2809 1031 2827 testamentario
1087 2807 1142 2831 togli
1159 2807 1195 2826 dal
1211 2806 1314 2831 collegio
1331 2807 1366 2827 dei
1383 2807 1450 2828 Notai
1467 2807 1488 2828 di
1506 2807 1575 2828 l'avin
1592 2808 1649 2829 sulla
1667 2809 1710 2829 line
1723 2809 1758 2829 del
1771 2809 1848 2829 secolo
1861 2809 1906 2832 ΧΥ,
1923 2810 1963 2829 elic

160 2850 218 2871 della
239 2851 292 2871 nob.
315 2851 434 2871 Oiovanna
458 2850 542 2876 Pietra,
558 2857 571 2872 a
586 2851 665 2872 favore
685 2851 706 2872 di
723 2851 745 2872 S.
763 2851 882 2875 Mustiolu,
909 2853 989 2876 rogulo
1006 2851 1034 2871 dn
1090 2850 1112 2871 lu
1136 2851 1251 2871 illustrato
1277 2851 1305 2871 da
1330 2851 1428 2873 ALFREI)
1453 2852 1598 2873 GOl‘TllOLl)
1623 2853 1725 2873 Alkx‘lilr:
1752 2853 1964 2873 Obesituncrum-lic

160 2895 273 2920 Agostino
296 2895 413 2918 Baracclii.
437 2895 529 2916 diverso
554 2896 632 2921 percis)
647 2896 675 2916 da
693 2896 771 2922 quello
787 2896 859 2916 citam
876 2896 910 2915 nel
927 2898 1034 2921 presente
1091 2896 1314 2921 Frilhrvmzissancc,
1332 2896 1430 2921 sserlino,
1448 2897 1552 2917 Willielrn
1571 2897 1646 2920 Ernst,
1665 2898 1722 2921 nmo,
1739 2898 1774 2917 vol
1802 2898 1826 2921 11,
1849 2904 1892 2922 purg
1920 2898 1963 2921 ΠΙ,

160 2939 308 2965 documento,
324 2940 365 2960 che
381 2939 403 2960 fu
420 2942 502 2965 rogato
518 2940 554 2961 dal
570 2941 649 2961 notaio
665 2940 766 2961 Martino
778 2940 908 2961 Saliiuhcnc
930 2940 943 2960 ll
956 2940 1034 2959 notaio
1090 2941 1154 2959 notu,
1172 2939 1198 2959 Di
1215 2939 1317 2960 Mnrtino
1333 2939 1463 2961 Salinibene
1479 2941 1591 2961 scrissero
1608 2942 1620 2961 il
1637 2941 1692 2962 Cnn,
1711 2941 1787 2961 l‘ictri·
1807 2941 1918 2961 Teu-uzu·
1935 2941 1961 2961 cd

160 2983 262 3004 martino
277 2983 407 3004 Salimbene
422 2984 433 3004 ὲ
449 2984 462 3004 il
480 2983 560 3009 Beato,
577 2984 590 3004 il
606 2984 641 3005 cui
657 2990 729 3010 corpo
745 2985 763 3004 si
774 2990 856 3005 venera
869 2985 925 3004 nella
937 2984 1034 3004 Basilica
1091 2983 1249 3004 ultininmcnte
1267 2983 1360 3005 Pit-:TRO
1383 2984 1513 3005 MOlRAGlll
1530 2985 1550 3005 in
1567 2985 1679 3006 Memmi&
1695 2992 1706 3006 c
1722 2986 1772 3009 doc.
1787 2991 1829 3011 psl·
1845 2986 1866 3005 Iu
1888 2987 1964 3005 sturm

159 3027 181 3047 di
198 3026 220 3048 S⁴
237 3027 335 3048 Michele
351 3028 372 3048 in
389 3027 467 3053 Pavia,
483 3034 526 3049 ove
538 3028 549 3048 ὲ
560 3028 632 3049 anche
643 3028 656 3049 il
669 3029 796 3049 bellissimo
813 3030 962 3049 monumento
978 3030 1036 3048 cret—
1092 3028 1116 3048 Δι’
1131 3027 1212 3051 Pania,
1230 3028 1245 3053 Ι,
1264 3028 1321 3054 1865,
1338 3028 1394 3049 fasc.
1412 3029 1447 3054 ΙΙΙ,
1466 3029 1501 3050 lv.

1938 3110 1964 3130 25
