2347 3444
334 245 399 276 262

329 378 370 409 de
396 377 613 419 Arigonibus,
649 378 749 409 frater
786 378 989 409 Eustachius
1015 377 1055 408 de
1081 376 1196 413 Nocte,
1234 375 1333 406 frater
1370 375 1567 407 Laurentius
1593 376 1633 406 de
1660 374 1774 413 Biella,
1807 375 1907 407 frater
1932 375 2082 417 Angelus
2107 375 2147 407 de

330 440 578 478 Ruschonibus,
602 440 702 472 frater
728 440 939 481 Augustinus
964 440 1004 470 de
1030 438 1160 475 Abiate,
1186 437 1286 469 frater
1312 437 1464 478 Baptista
1490 438 1530 469 de
1555 437 1723 478 Zaynis....
1750 440 2017 478 representantes
2042 441 2146 469 totum

328 506 359 534 et
386 504 548 544 integrum
575 503 802 543 capitulum...
829 503 977 533 dicentes
1002 504 1033 532 et
1059 502 1285 541 protestantes
1311 500 1402 540 quod
1428 500 1469 531 ad
1496 508 1610 531 eorum
1635 508 1734 531 aures
1759 502 1789 531 et
1815 500 1970 531 noticiam
1998 500 2148 540 pervenit

328 565 419 605 quod
446 564 545 596 frater
571 565 780 596 Tholomeus
805 564 845 595 de
871 562 1043 595 Seraticho
1071 562 1246 603 professus
1273 563 1350 593 dicti
1378 563 1581 599 monasterii,
1607 571 1625 593 a
1650 563 1749 593 certis
1775 562 1895 593 diebus
1912 563 1992 593 citra
2017 562 2059 593 ab
2086 563 2148 593 hoc

327 628 441 659 seculo
467 628 622 664 decessit,
649 630 679 658 et
705 626 914 658 certiorati...
953 625 1043 665 quod
1081 627 1260 664 antequam
1288 625 1360 665 ipse
1386 623 1485 655 frater
1511 623 1720 655 Tholomeus
1757 623 2002 665 professionem
2036 623 2148 655 fecerit

330 690 361 721 in
390 690 465 730 ipso
492 690 695 720 monasterio
733 688 824 728 quod
863 688 934 728 ipse
973 687 1179 718 renunciavit
1216 687 1415 727 cuicumque
1453 687 1625 718 hereditati
1664 689 1800 727 paterne
1825 689 1855 718 et
1884 687 1982 718 etiam
2009 686 2150 726 quibus-

325 760 468 792 cumque
495 752 593 782 bonis
619 752 690 782 suis
717 758 835 781 versus
862 758 948 780 nunc
976 748 1186 780 Februarium
1213 749 1254 780 de
1280 747 1452 781 Seraticho
1478 752 1555 780 tunc
1581 749 1796 789 stipulantem
1815 757 1878 780 suo
1903 750 1934 780 et
1959 749 2093 780 nomine
2118 750 2149 779 et

328 815 399 845 viee
425 812 621 846 Constancii
661 813 700 843 de
738 811 911 844 Seraticho
948 811 1021 843 eius
1059 810 1222 842 Februarii
1261 810 1416 842 fratris...
1454 820 1514 851 pro
1551 813 1642 842 tanto
1669 811 1732 851 ipsi
1760 811 1886 842 domini
1913 809 2075 842 fratres...
2101 819 2150 842 re-

329 877 485 907 nunciant
523 884 642 906 versus
680 874 883 914 Apolonium
911 874 951 905 de
978 872 1161 911 Seratictm,
1187 873 1290 904 filium
1329 873 1500 913 quondam
1528 873 1604 904 dicti
1632 873 1840 905 Februani....
1878 873 2148 913 quibuscumque

328 939 456 969 iuribus
481 938 588 969 eidem
616 937 819 968 monasterio
845 936 1115 977 competentibus
1140 938 1171 967 et
1196 936 1427 976 competituris
1453 936 1484 967 in
1512 936 1611 968 bonis
1637 936 1714 967 dicti
1741 936 1911 976 quondam
1930 935 2042 967 fratris
2059 934 2150 966 Tho—

331 1001 439 1041 lomey
466 1003 495 1031 et
522 1000 692 1040 quondam
731 999 804 1030 eius
841 998 952 1030 fratris
989 998 1178 1039 Tliolomey
1205 999 1319 1038 patris.
1347 997 1385 1029 Et
1412 998 1474 1029 hoc
1503 998 1567 1029 sub
1592 1000 1623 1029 et
1647 1006 1720 1029 cum
1749 998 1813 1029 hiis
1839 998 1946 1038 pactis
1972 997 2148 1028 videlicet:

327 1061 426 1099 Quod
454 1062 480 1092 si
508 1061 712 1102 reperientur
748 1061 862 1100 aliqua
899 1060 1023 1091 credita
1061 1060 1138 1091 dicti
1178 1060 1349 1100 quondam
1387 1059 1499 1091 fratris
1535 1059 1724 1101 Tholomey
1750 1063 1781 1091 et
1805 1059 1998 1091 confessata
2031 1067 2150 1091 versus

330 1133 416 1160 eum,
443 1124 533 1164 quod
561 1124 626 1155 sint
651 1126 682 1154 et
707 1123 827 1154 cedant
864 1123 955 1154 lucro
993 1123 1070 1154 dicti
1102 1121 1305 1163 Apolonii....
1331 1125 1362 1154 et
1387 1123 1485 1154 etiam
1513 1123 1539 1154 si
1567 1123 1771 1162 reperientur
1796 1122 1909 1162 aliqua
1935 1121 2047 1153 debita
2072 1129 2151 1152 con-

328 1190 430 1217 tracta
457 1195 514 1226 per
541 1187 650 1226 ipsum
689 1186 861 1226 quondam
898 1184 1032 1216 fratrem
1058 1184 1294 1223 Tholomeum,
1331 1185 1438 1216 alliter
1475 1193 1574 1225 quarn
1612 1185 1796 1216 occaxione
1834 1185 1910 1216 dicti
1945 1184 2150 1221 monasterii,

329 1249 420 1289 quod
447 1249 557 1280 dictus
583 1247 774 1288 Apolonius
800 1250 950 1279 teneatur
974 1248 1016 1279 ad
1043 1247 1251 1279 solucionem
1279 1248 1428 1288 ipsorum
1434 1273 1551 1279 ...........

414 1310 479 1348 Qui
507 1311 759 1351 suprascriptus
786 1310 976 1351 Apolonius
981 1336 1042 1341 ......
1070 1311 1100 1341 in
1128 1311 1359 1342 remissionem
1398 1309 1630 1341 defunctorum
1668 1318 1804 1341 suorum
1831 1311 1862 1340 et
1888 1318 1947 1350 pro
1972 1309 2151 1341 animabus

328 1382 442 1404 eorum
469 1375 499 1404 et
526 1374 698 1413 presertim
726 1373 757 1403 in
784 1373 1016 1404 remissionem
1043 1375 1073 1404 et
1100 1382 1159 1413 pro
1196 1373 1466 1404 exhoneraeione
1503 1373 1612 1403 anime
1650 1372 1754 1412 patris
1791 1372 1852 1409 sui,
1886 1372 1981 1402 cuius
2006 1371 2151 1402 cadaver

326 1436 493 1476 sepultum
520 1439 570 1467 est
597 1436 627 1466 in
654 1435 743 1466 dieto
770 1436 1017 1467 monasterio...
1045 1435 1206 1475 promittit
1232 1434 1370 1475 prefatis
1396 1435 1543 1466 dominis
1570 1433 1674 1465 Priori
1690 1437 1721 1465 et
1739 1433 1953 1465 Fratribus...
1980 1433 2020 1464 de
2039 1433 2151 1465 dando

331 1502 362 1529 et
388 1498 554 1529 solvendo
580 1498 707 1529 eisdem
735 1498 868 1529 nomine
895 1498 971 1528 dieti
1000 1498 1193 1529 monasterii
1220 1497 1323 1529 libras
1349 1500 1480 1528 centum
1507 1497 1622 1537 imper.
1649 1505 1706 1537 per
1732 1495 2150 1536 terminosinfrascriptos,

331 1561 484 1591 videlicet
523 1560 625 1591 libras
661 1561 873 1601 quatraginta
912 1561 987 1591 hinc
1024 1561 1066 1591 ad
1104 1560 1225 1591 festum
1264 1561 1369 1591 sancti
1409 1559 1544 1591 Martini
1572 1569 1668 1600 prox.
1694 1559 1776 1597 fut.;
1815 1559 1917 1590 libras
1950 1559 2083 1599 triginta
2108 1558 2150 1589 ad

331 1622 452 1654 testum
491 1623 596 1654 sancti
636 1622 771 1654 Martini
809 1623 886 1654 anni
926 1632 1022 1663 prox.
1048 1622 1170 1653 futuri:
1197 1625 1227 1654 et
1253 1623 1400 1662 reliquas
1427 1622 1530 1653 libras
1555 1622 1688 1663 triginta
1713 1622 1755 1652 ad
1781 1621 1872 1652 aliud
1898 1620 2019 1652 festum
2045 1621 2150 1652 saneti

333 1685 468 1716 Martini
495 1686 572 1716 anni
600 1684 948 1726 M.CCCC.LXXXVJ
976 1694 1071 1726 prox.
1098 1684 1157 1716 fut.
1184 1685 1223 1716 Et
1250 1685 1313 1725 ipsi
1352 1685 1478 1716 domini
1506 1683 1599 1715 Prior
1625 1686 1655 1715 et
1682 1683 1812 1715 Fratres
1849 1684 2044 1724 promittunt
2069 1683 2154 1714 cele-

331 1748 425 1779 brare
452 1749 527 1779 liinc
553 1748 594 1779 ad
621 1750 686 1779 tres
723 1757 832 1779 annos
858 1757 954 1788 prox.
984 1747 1043 1779 fut.
1069 1748 1158 1778 omni
1186 1756 1285 1785 anno,
1312 1747 1458 1778 officium
1494 1756 1594 1778 unum
1622 1749 1826 1778 mortuorum
1853 1755 1913 1787 pro
1939 1746 2049 1777 anima
2074 1745 2152 1777 dicti

332 1811 503 1851 quondam
531 1811 636 1851 patris
673 1811 750 1842 dicti
779 1810 936 1851 Apolonii
964 1814 994 1842 et
1021 1810 1254 1842 defunctorum
1293 1819 1441 1841 suorum.
1480 1809 1518 1841 Et
1544 1810 1603 1841 hec
1630 1810 1752 1847 onmia,
1779 1812 1838 1840 etc.
1877 1807 2066 1846 Credendo,
2092 1810 2152 1839 etc.

334 1873 373 1904 Et
399 1873 485 1910 inde,
512 1876 573 1904 etc.

1095 1976 1393 2017 CDXCVII.

424 2088 474 2115 La
500 2086 680 2115 Comunitfi
704 2086 737 2114 di
761 2087 794 2115 S.
820 2086 979 2115 Mostiola
1004 2085 1045 2114 da
1069 2086 1103 2115 in
1126 2086 1234 2114 affitto
1259 2085 1282 2114 il
1306 2086 1400 2114 forno
1426 2086 1479 2114 del
1504 2085 1687 2114 Convento.

954 2200 1117 2231 14849
1151 2200 1397 2232 gitlgalo,
1427 2200 1506 2224 14.

888 2289 965 2313 (Aren.
983 2289 1062 2310 Notar.
1080 2289 1101 2309 di
1118 2289 1196 2309 Pavia.
1213 2299 1237 2301 —
1253 2289 1297 2309 Atti
1314 2288 1335 2309 di
1353 2288 1473 2309 Leonardo
1490 2288 1600 2313 ancati).

444 2475 490 2589 I
584 2494 606 2519 N
631 2489 776 2520 claustro
804 2489 996 2520 monasterii
1023 2491 1053 2519 et
1079 2489 1219 2519 ecclesie
1245 2491 1359 2519 sancte
1387 2487 1548 2519 Mustiole
1576 2487 1723 2528 Papie.,..
1751 2487 1968 2520 Reverendus
1987 2489 2080 2527 pater
2098 2487 2158 2518 do-

608 2552 718 2582 minus
744 2552 902 2592 magister
928 2550 1053 2583 Galeaz
1079 2551 1119 2581 de
1147 2550 1251 2591 Papia
1280 2549 1373 2581 Prior
1391 2553 1421 2581 et
1440 2550 1650 2581 venerabiles
1666 2550 1725 2580 viri
1746 2550 1871 2580 domini
1898 2549 2016 2581 fratres
2035 2548 2154 2581 Petrus

369 2648 373 2649 ⁷
406 2648 432 2649 ἶ
539 2648 573 2649 j
609 2614 648 2644 de
675 2612 802 2651 Calvisy
830 2614 1000 2644 Melcliion
1028 2614 1068 2644 de
1095 2613 1230 2650 LucinO,
1258 2612 1459 2645 Guillelmus
1486 2612 1526 2643 de
1553 2611 1769 2652 Arigonibus‚
1797 2611 2001 2643 Laurencius
2026 2611 2066 2642 de
2093 2610 2158 2642 Bu-

339 2675 436 2715 giem,
464 2674 613 2715 Angelus
639 2676 678 2706 dc
707 2675 955 2713 Rusclionibus,
983 2675 1194 2716 Augustinus
1220 2675 1260 2706 de
1286 2674 1416 2712 Abiate,
1443 2673 1594 2714 Baptista
1621 2674 1661 2704 de
1686 2673 1841 2715 Zaganis,
1868 2672 2003 2706 Gabriel
2023 2674 2063 2705 de
2082 2672 2159 2704 Ber-

343 2834 418 2857 RELLi,
435 2832 479 2851 vol.
497 2831 542 2852 Vll.
561 2837 612 2857 pag.
630 2832 682 2854 2513.
710 2831 773 2856 dopo
795 2837 849 2852 aver
875 2834 967 2852 narratu
990 2832 1049 2852 della
1072 2832 1226 2857 opposizione
1281 2832 1355 2852 simile
1377 2833 1487 2852 sentenza
1510 2836 1547 2851 era
1564 2833 1626 2851 stata
1643 2831 1789 2856 promulgata
1805 2836 1862 2856 pure
1877 2836 1889 2851 a
1906 2830 1984 2851 lavore
2004 2829 2155 2851 dell’Ordine

343 2875 401 2896 tutta
417 2876 452 2896 dai
470 2875 579 2897 Canonici
597 2875 701 2900 cholziri
718 2875 739 2895 di
757 2875 844 2895 Mil-'ino
860 2881 872 2895 :i
888 2876 929 2896 elic
946 2876 965 2896 la
982 2878 1060 2896 statua
1076 2876 1097 2896 di
1118 2875 1139 2896 S.
1163 2876 1223 2901 Ago·
1278 2878 1359 2896 nostru
1375 2875 1403 2896 da
1418 2875 1492 2896 alcuni
1513 2874 1595 2895 famosi
1614 2874 1718 2900 soggeiti
1740 2875 1761 2895 in
1783 2874 1861 2900 l’avia,
1886 2875 1914 2895 da
1927 2875 2018 2901 Filippo
2034 2874 2108 2895 Maria
2119 2874 2155 2895 Vi-

343 2920 413 2944 stino,
429 2920 457 2940 dn
474 2920 536 2945 porsi
553 2920 588 2940 sul
606 2919 706 2943 Duonw,
722 2919 785 2940 fusse
802 2920 886 2940 vestita
909 2920 962 2939 ilell'
974 2920 1038 2940 abito
1061 2920 1120 2945 degli
1140 2920 1224 2940 Eremi-
1278 2920 1352 2940 sconti
1365 2919 1429 2940 Dum
1445 2919 1466 2940 di
1483 2919 1570 2940 Milano
1586 2919 1615 2939 da
1631 2920 1693 2940 varic
1709 2920 1768 2945 parti
1784 2919 1843 2940 della
1861 2919 1998 2940 Lombardia
2014 2918 2065 2940 fatti
2077 2919 2155 2939 venire

344 2965 398 2986 tani.
416 2970 427 2984 c
443 2964 506 2989 dopo
521 2970 576 2984 aver
592 2963 679 2984 riierito
694 2969 759 2984 come
776 2969 820 2984 una
836 2964 999 2984 commissione
1015 2964 1036 2984 di
1056 2964 1140 2984 nomini
1164 2964 1223 2984 dotti
1280 2970 1320 2989 per
1344 2964 1426 2984 sedare
1449 2970 1461 2984 e
1486 2969 1554 2989 porro
1578 2963 1621 2984 line
1643 2964 1687 2984 alle
1712 2964 1792 2984 noiose
1816 2970 1828 2984 e
1853 2964 1950 2984 moleste
1972 2965 2093 2984 contese...
2117 2963 2156 2984 Es-

343 3009 447 3034 all'uopo
463 3009 535 3034 cletti,
551 3014 633 3029 avesse
649 3008 728 3029 deciso
744 3009 820 3029 chela
845 3010 924 3029 statua
950 3008 971 3028 di
993 3008 1015 3029 S.
1040 3009 1152 3034 ligustina
1173 3014 1225 3034 por·
1280 3008 1373 3029 scndosi
1396 3008 1454 3028 lattc
1476 3013 1516 3033 per
1531 3008 1611 3028 ordine
1636 3008 1671 3028 dcl
1696 3008 1809 3029 suddctto
1834 3008 1897 3029 Duca
1918 3008 1981 3028 varie
1996 3007 2115 3033 disputo...
2132 3007 2155 3028 iu

345 3055 409 3073 tasse
424 3058 489 3073 come
505 3058 548 3073 sno
564 3053 659 3077 proprio
675 3058 718 3073 non
734 3052 770 3077 gia
788 3052 875 3072 l'abito
898 3051 933 3072 dci
950 3051 1072 3077 Canonici,
1093 3058 1128 3072 ma
1145 3052 1222 3077 quello
1278 3053 1322 3073 alla
1339 3058 1378 3078 per
1395 3052 1439 3073 line
1455 3052 1559 3073 decisom
1575 3058 1587 3073 a
1604 3052 1683 3073 lavore
1699 3053 1752 3073 (Ἅι-Μ’
1763 3052 1848 3073 Ordine
1871 3054 1959 3073 nostro.
1983 3052 2036 3074 Cosi
2062 3057 2102 3078 per
2117 3057 2156 3078 ap-

345 3100 451 3123 appunto
467 3096 526 3122 degli
543 3096 675 3121 Erexniiani,
691 3096 831 3121 soggiunse:
857 3104 865 3112 <4
884 3096 922 3116 Ma
938 3102 982 3116 non
999 3096 1010 3116 ὲ
1027 3096 1169 3121 marnviglia,
1181 3097 1222 3117 che
1279 3098 1351 3122 punto
1368 3096 1469 3117 rilerisce
1485 3097 1499 3117 il
1518 3096 1642 3117 Coriolano
1659 3097 1693 3118 nel
1710 3102 1753 3118 suo
1763 3097 1894 3118 Diiensorio
1905 3096 2046 3118 dell'Ordine
2057 3096 2123 3117 verit.
2140 3096 2155 3122 l,

347 3142 396 3163 cosi
414 3141 603 3162 sentenziassero
619 3141 632 3161 li
650 3141 752 3161 huomini
769 3140 828 3162 dotti
845 3142 867 3161 et
884 3141 968 3161 eruditi
979 3157 984 3166 ,
1001 3141 1168 3166 imperciocche
1185 3146 1228 3161 una
1286 3146 1334 3166 par.
1351 3140 1369 3161 X
1386 3148 1403 3161 υ.
