2347 3444
322 241 386 272 364

1115 423 1335 462 DCXLI.

410 531 437 559 11
463 532 542 560 nob.
570 531 659 560 Gian
686 532 804 560 Pietro
830 532 1048 560 Sannazzari
1075 531 1196 566 elegge
1223 531 1246 558 il
1273 539 1337 558 suo
1363 530 1526 566 sepolcro
1553 531 1586 558 in
1612 531 1647 559 S.
1675 531 1860 566 Agostino.

979 636 1139 663 1301).
1168 635 1404 667 giungnuo,
1435 636 1487 660 8·

893 724 970 745 (Arelli
989 723 1068 744 Notat.
1087 723 1108 743 di
1127 723 1196 744 l'uvia
1230 734 1235 736 -
1254 723 1302 744 Atti
1319 723 1340 743 di
1357 723 1451 749 Giorgio
1469 723 1568 747 Ρυῐῑίο)Δ

393 857 513 971 Ν
570 875 660 900 {ihm
686 878 765 900 cusu
791 869 844 900 ‹th
868 871 1030 903 testatore,
1070 869 1100 900 in
1138 868 1339 900 Parma-lna
1365 869 1399 900 (ti
1424 868 1456 901 S.
1483 869 1622 900 Mi'cliele
1648 869 1833 908 Maggi‘ore.
1876 869 2083 901 Testamenti)
2110 869 2145 901 di

593 931 758 963 Gtovanni
782 931 893 962 l'ictro
920 930 1138 968 Summzzurt,
1164 931 1218 962 ‹tel
1234 930 1275 971 su
1301 932 1417 970 signor
1441 930 1616 965 Gioivannt,
1635 930 1688 961 nel
1703 930 1801 970 quale
1818 930 1955 971 dispone
1974 931 2065 970 quod
2091 940 2146 962 ca-

591 995 693 1025 daver
720 1003 816 1024 suuni
845 994 1027 1033 sepeliatur
1052 996 1083 1024 et
1109 993 1242 1033 sepeliri
1282 993 1403 1024 debeat
1442 994 1471 1023 in
1509 993 1650 1024 ecclesia
1688 993 1793 1023 sancti
1823 992 2001 1033 Augustini
2030 992 2144 1033 Papie,

323 1061 409 1087 retro
437 1058 575 1096 primam
605 1060 733 1097 portam
762 1065 900 1097 parvam
927 1065 945 1087 a
972 1065 1070 1087 manu
1087 1056 1225 1087 dextera
1245 1056 1400 1086 intrando
1419 1056 1541 1086 dictam
1560 1055 1736 1086 ecclesiam
1755 1057 1831 1086 ante
1850 1054 2004 1086 taciatam
2025 1055 2144 1095 ipsius.

323 1116 385 1150 Cui
413 1120 617 1150 munasterio
645 1119 736 1150 dedit
762 1122 793 1150 et
819 1119 976 1159 legavit...
1005 1118 1084 1149 illud
1113 1118 1203 1158 quod
1230 1118 1417 1149 concordes
1443 1118 1664 1149 remanebunt
1690 1117 1893 1157 infrascripti
1913 1118 1986 1148 eius
2005 1117 2146 1149 heredes

324 1182 534 1213 universales
560 1186 590 1212 ct
617 1184 756 1222 agentes
784 1190 844 1222 pro
871 1181 960 1212 dicto
988 1181 1204 1212 monasterio.

1107 1328 1354 1368 DCXLII.

414 1438 543 1466 Maffeo
570 1437 724 1466 Bordoni
752 1437 872 1473 elegge
898 1437 932 1465 la
958 1446 1023 1465 sua
1049 1437 1230 1473 sepoltura
1256 1437 1312 1465 nel
1338 1437 1506 1465 Chiostro
1532 1436 1567 1465 di
1594 1437 1628 1464 S.
1656 1436 1843 1472 Agostino.

948 1551 1084 1575 1500
1092 1566 1104 1582 9
1134 1551 1355 1583 git1g11o
1367 1566 1380 1582 ‚
1450 1551 1501 1575 ὅ.

878 1639 955 1662 (Arcu.
974 1639 1054 1659 Notnr.
1071 1639 1093 1659 di
1111 1639 1181 1659 Pavia
1198 1650 1222 1652 ν
1238 1639 1286 1659 Atti
1303 1639 1325 1659 di
1341 1639 1398 1659 Gian
1415 1639 1489 1659 Maria
1507 1639 1592 1664 Leggu

427 1765 473 1880 I
574 1781 596 1807 Ν
622 1776 739 1811 Parin,
767 1777 798 1807 ill
824 1784 905 1806 casa
931 1775 965 1806 di
1003 1774 1065 1807 Gio
1092 1775 1235 1807 Antonio
1272 1775 1401 1807 Ferrari
1424 1776 1547 1811 tintore,
1575 1776 1606 1806 tn
1633 1774 1832 1806 Parrocctzia
1865 1775 1901 1806 cti
1924 1774 1958 1807 S.
1984 1775 2146 1807 Invenzio.

600 1839 808 1870 Testamento
835 1838 869 1869 cti
892 1838 1016 1878 Muffeo
1043 1838 1082 1869 cte
1106 1837 1317 1869 Borctom‘bus
1341 1838 1489 1869 abstante
1514 1839 1545 1869 tn
1572 1838 1762 1873 Liconasco,
1798 1846 1858 1869 con
1884 1838 1937 1869 cui
1960 1838 2053 1878 eligit
2077 1838 2151 1869 eius

594 1902 802 1942 sepulturam
828 1901 869 1932 ad
896 1901 1071 1932 ecclesiam
1106 1901 1211 1932 sancti
1240 1900 1420 1941 Augustini
1448 1899 1563 1941 Papie‚
1591 1901 1620 1931 in
1649 1901 1822 1940 sepultura
1847 1902 1923 1931 ante
1949 1900 2052 1931 altare
2078 1899 2151 1931 Vir-

326 1966 415 2006 ginis
445 1965 551 1996 Marie
590 1965 651 1995 sita
680 1965 710 1995 in
739 1965 884 2004 introytu
923 1964 1157 2001 claustrorum,
1184 1964 1211 1994 si
1240 1963 1416 1994 decederet
1443 1963 1473 1993 in
1500 1963 1635 1994 civitate
1674 1961 1777 2003 Papie
1803 1965 1833 1994 et
1859 1963 1886 1993 si
1914 1962 2089 1993 decederet
2115 1963 2146 1993 in

325 2028 398 2059 loco
426 2027 606 2064 Liconasii‚
633 2027 674 2058 ad
701 2027 877 2058 ecclesiam
906 2026 983 2057 dicti
1012 2026 1075 2057 loci
1104 2026 1283 2057 Liconasii.

1105 2174 1379 2215 DCXLIII.

415 2285 441 2313 11
468 2285 629 2321 Capitolo
655 2285 690 2313 di
717 2285 749 2316 S,
777 2284 952 2320 Agostino
978 2284 1090 2312 vende
1115 2292 1183 2312 una
1209 2292 1294 2312 casa
1321 2285 1355 2311 in
1381 2283 1504 2312 Pavia.

988 2388 1149 2419 1300,
1182 2388 1364 2419 luguo
1373 2404 1385 2418 ‚
1418 2388 1493 2413 18.

842 2477 909 2497 Arcu.
929 2476 1009 2497 Notas.
1027 2477 1048 2496 di
1067 2476 1138 2497 Pavia
1155 2488 1179 2490 —
1196 2476 1244 2497 Atti
1263 2476 1284 2496 di
1302 2476 1360 2497 Gian
1377 2476 1488 2497 Giaconio
1504 2476 1634 2499 Cauevari)v

437 2591 481 2706 I
578 2609 600 2634 Ν
626 2605 768 2635 citadela
794 2605 942 2636 civitatis
968 2603 1083 2644 Papie,
1110 2604 1266 2635 videlicet
1292 2604 1322 2634 in
1349 2603 1508 2634 domibus
1534 2605 1564 2634 et
1591 2603 1663 2634 loco
1689 2603 1825 2643 capituli
1854 2603 2055 2644 infrascripti
2083 2613 2153 2635 mo-

601 2668 734 2698 nasterii
761 2668 866 2699 sancti
894 2667 1108 2708 Augustini...
1137 2666 1354 2700 Reverendus
1381 2666 1411 2696 in
1439 2663 1577 2697 Christo
1604 2667 1696 2705 pater
1722 2665 1880 2697 dominus
1906 2665 2006 2697 frater
2032 2665 2151 2698 Petrus

600 2730 640 2760 dc
668 2730 865 2761 Mediolano
893 2729 986 2761 Prior
1012 2730 1205 2761 monasterii
1245 2729 1349 2761 sancti
1389 2728 1567 2768 Augustini
1606 2726 1709 2768 Papie
1743 2726 1882 2759 Ordinis
1909 2728 2150 2760 Hereinitarum

328 2791 479 2822 eiusdem
507 2792 612 2822 sancti
639 2794 669 2822 ct
695 2801 768 2822 cuin
797 2793 872 2832 ipso
898 2795 928 2823 et
955 2801 1063 2832 penex
1103 2793 1213 2832 ipsum
1240 2791 1412 2822 reverendi
1444 2793 1556 2831 patres
1582 2790 1707 2820 domini
1736 2791 1894 2831 magister
1920 2790 2085 2822 lohannes
2110 2791 2150 2822 de

329 2856 446 2884 sancto
484 2852 624 2893 Augen),
663 2854 822 2893 magister
860 2854 1028 2885 Antonius
1055 2854 1095 2885 de
1122 2853 1193 2891 Ast,
1221 2853 1380 2894 magister
1418 2852 1673 2883 Bertholameus
1699 2852 1739 2883 de
1766 2852 1959 2890 Valmacha‚
1993 2853 2151 2894 magister

329 2915 528 2946 Laurentius
555 2915 594 2946 de
621 2914 763 2952 Candia,
792 2917 950 2956 magister
977 2916 1143 2947 lohannes
1171 2915 1340 2946 Antonius
1366 2915 1407 2945 de
1434 2914 1631 2945 Mediolano
1656 2916 1687 2945 et
1714 2914 1873 2955 magister
1899 2913 2084 2955 Gregorius
2110 2915 2150 2946 de

329 2976 444 3018 Papia,
471 2986 590 3008 onmes
616 2985 709 3008 sacre
737 2978 858 3017 pagine
885 2977 1109 3018 professores
1135 2986 1173 3008 ac
1200 2976 1411 3008 venerabiles
1437 2976 1563 3007 domini
1591 2975 1710 3007 fratres
1737 2976 1996 3009 Bartholomeus
2021 2977 2062 3008 de
2087 2975 2153 3009 Ca-

328 3040 462 3071 stelatio
490 3039 646 3076 biblicus,
685 3038 821 3071 Gabriel
849 3040 890 3071 de
917 3039 1022 3080 Papia
1061 3039 1285 3075 bachalarius,
1323 3037 1469 3078 Spiritus
1506 3038 1546 3069 de
1585 3038 1782 3070 Mediolano
1816 3039 1927 3077 lector,
1966 3038 2085 3071 Petrus
2110 3039 2150 3070 de

329 3100 558 3139 Castronovo,
585 3100 757 3134 Seratinus
783 3102 824 3133 de
852 3102 1060 3139 Mediolano,
1086 3101 1248 3133 Nicolaus
1274 3101 1314 3132 de
1342 3100 1500 3132 Fazardis
1537 3101 1705 3141 subprior,
1743 3100 1909 3133 lohannes
1935 3102 1975 3133 de
2002 3101 2150 3139 Francia,
