2347 3444
1928 186 1966 217 15

155 309 312 346 hostium,
338 308 472 349 punitor
497 309 642 340 sontium
669 312 700 341 et
726 310 860 341 militiae
886 312 1099 341 restaurator.
1126 310 1194 342 Nec
1220 312 1355 350 mirum;
1383 321 1456 343 nam
1492 312 1585 345 Deus
1623 315 1785 354 pugnavit
1819 325 1878 356 pro
1915 326 1965 355 eo,

154 373 185 402 et
211 371 299 408 vicit,
326 372 359 402 ut
384 370 542 401 scribitur
568 370 727 409 iudicum,
755 371 805 403 lX.
832 370 897 403 Sed
925 373 956 403 in
983 372 1034 403 his
1060 373 1209 404 victoriis
1235 382 1300 404 non
1327 375 1486 414 speravit,
1502 375 1613 406 sciens
1632 376 1792 416 scriptum
1812 386 1886 409 esse
1906 378 1967 410 Ec·-

152 433 345 470 clesiastici‚
372 431 417 463 X:
446 431 563 465 Omnis
583 435 774 473 potentatus
800 434 915 465 brevis.
944 433 977 466 Si
1006 434 1128 466 famam
1167 435 1371 475 quaerimus,
1410 437 1487 476 quis
1526 437 1624 468 huius
1651 437 1818 478 Principis
1844 439 1964 471 famam

155 497 312 527 terrarum
339 494 483 535 angulus
510 495 671 535 ignorat?
697 495 793 534 Nam,
821 498 854 527 ut
880 497 1080 537 incipiamus
1098 497 1140 528 ab
1161 497 1295 535 ultimis,
1322 507 1387 528 non
1415 498 1596 536 Britannia,
1616 509 1679 530 non
1701 500 1874 540 Hispania,
1902 511 1966 532 non

155 556 275 595 Gallia,
313 566 377 588 non
416 555 607 595 Germania,
646 567 710 589 non
749 558 850 596 ltalia,
892 568 956 590 non
995 558 1161 597 Sardinia,
1199 568 1264 590 non
1291 558 1436 600 Cyprus,
1468 570 1532 591 non
1560 559 1670 598 Creta,
1697 571 1761 592 non
1789 562 1966 600 Dalmatia,

155 629 220 650 non
261 618 413 657 Graecia,
453 628 518 650 non
561 618 760 660 Pamphilia‚
803 630 867 652 non
906 621 1024 662 Lycia,
1066 631 1130 652 non
1174 621 1309 659 isauria,
1351 631 1415 653 non
1460 622 1642 663 AEgyptus,
1685 633 1749 654 non
1792 625 1894 666 Lybia
1936 628 1967 657 et

155 681 294 719 Pontus,
321 691 385 712 non
412 681 558 721 denique
584 681 724 713 aliarum
751 684 897 723 gentium
925 684 1078 715 nationes
1105 684 1203 715 huius
1230 683 1337 715 famae
1365 683 1531 724 Principis
1573 688 1730 725 expertes
1765 688 1851 717 sunt.
1883 687 1966 719 Nam

154 753 289 775 nemora
315 742 472 774 Damasci
499 745 686 784 peregrinis
712 745 874 776 odoribus
901 745 1031 783 referta,
1057 746 1163 777 thuris
1188 755 1227 777 ac
1254 746 1395 777 balsami
1422 746 1527 777 silvas
1554 747 1653 779 huius
1678 747 1785 779 famae
1802 748 1968 789 Principis

154 806 237 837 odor
262 806 457 846 penetravit.
485 805 667 837 Testantur
691 807 780 838 dona
807 816 865 847 per
890 817 1007 839 omnes
1034 808 1146 839 mundi
1174 810 1299 839 tractus
1325 808 1367 839 ab
1395 809 1586 840 huiusmodi
1622 809 1777 850 Principe
1803 811 1858 841 diu
1886 820 1971 851 quo-

154 868 302 908 tidieque
328 867 467 907 prolata,
495 868 639 908 indeque
667 869 816 900 remissa.
844 868 908 900 Sed
936 878 1043 910 neque
1071 871 1101 901 in
1129 870 1191 901 hoc
1218 870 1376 910 speravit,
1403 871 1514 902 sciens
1541 871 1701 911 scriptum
1739 880 1814 903 esse
1854 872 1968 904 Eccle-

155 930 291 966 siastici,
312 928 348 960 lll
365 940 370 960 :
396 929 509 960 Malae
520 929 637 970 fornae
655 933 710 965 est,
730 931 787 970 qui
803 931 995 971 derelinquit
1006 934 1132 972 patrem
1151 940 1253 967 sinon,
1274 932 1401 963 scilicet
1420 931 1538 963 Deum.
1558 931 1590 964 Si
1611 933 1746 965 divitias
1765 935 1970 974 quaerimus,

156 994 243 1023 certe
270 992 321 1022 hic
347 992 458 1022 animo
477 990 593 1023 Craesi
621 993 757 1024 divitias
783 996 998 1033 aequaverat,
1019 995 1068 1024 vir
1087 995 1116 1025 in
1137 994 1248 1025 multis
1274 994 1370 1031 alios,
1390 994 1420 1024 in
1439 995 1639 1026 aedificandi
1667 996 1914 1035 magnificentia
1933 1006 1969 1028 se

155 1054 304 1085 vincens.
317 1053 580 1085 Testantureius
595 1055 731 1085 divitias
746 1055 890 1086 donatae
914 1065 972 1095 per
994 1065 1067 1087 eum
1093 1056 1354 1087 innumerabiles
1373 1057 1544 1096 pecuniae,
1567 1056 1693 1097 Regum
1716 1067 1754 1088 ac
1777 1057 1968 1098 Principum

153 1116 406 1153 familiaritates,
433 1116 591 1157 suffragia
619 1116 836 1156 Populorum,
852 1118 935 1158 tyria
951 1119 1125 1158 sericaque
1141 1118 1371 1158 supellectilis,
1387 1127 1507 1150 aureae
1527 1128 1672 1156 mensae,
1699 1128 1780 1150 vasa
1796 1120 1970 1157 corinthia,

154 1180 297 1219 augusta
323 1178 457 1218 palatia,
484 1178 650 1210 coelestes
677 1179 823 1215 thalami,
851 1180 1020 1219 praeclara
1047 1181 1226 1217 connubia,
1245 1182 1276 1211 et
1295 1190 1489 1220 magnorum
1510 1181 1655 1212 virorum
1683 1182 1782 1213 huius
1801 1183 1967 1222 magnifici

154 1240 260 1272 Ducis
290 1240 541 1272 familiaritates.
573 1239 637 1272 Sed
669 1241 699 1272 in
731 1242 793 1273 hoc
824 1251 888 1273 non
927 1243 1085 1282 speravit,
1115 1243 1228 1274 sciens
1258 1243 1418 1282 scriptum
1450 1243 1529 1273 illud
1560 1242 1724 1283 Apostoli,
1755 1243 1762 1274 Ι
1789 1244 1829 1275 ad
1858 1244 1972 1275 Tinio-

154 1304 277 1341 theum,
304 1302 365 1334 VI:
392 1302 550 1343 Praecspe
576 1303 730 1334 divitibus
744 1303 840 1335 lucius
864 1304 990 1335 saeculi
1012 1313 1076 1335 non
1094 1304 1231 1336 sublime
1245 1313 1431 1345 snperenec
1445 1313 1574 1345 sperare
1592 1306 1623 1336 in
1638 1306 1756 1336 incerto
1775 1306 1970 1337 o't'vr'ticzrum.

154 1364 309 1406 Speravit
335 1367 444 1396 autem
472 1365 502 1395 in
530 1364 612 1403 Deo,
638 1366 754 1396 dicens
782 1366 862 1397 illud
878 1365 1002 1397 Psalmi
1020 1365 1173 1397 XXVlll:
1200 1367 1233 1397 ln
1259 1367 1339 1407 ipso,
1368 1367 1495 1398 scilicet
1514 1366 1595 1405 Deo,
1610 1368 1754 1407 speravit
1777 1376 1834 1398 cor
1855 1377 1971 1406 meum,

154 1429 185 1459 et
208 1427 341 1458 adiutus
365 1436 446 1458 sum.
474 1425 535 1458 Cui
563 1426 655 1458 Deus
672 1428 853 1467 respondet
871 1428 951 1459 illud
972 1427 1095 1459 Psalmi
1116 1426 1195 1460 XC:
1228 1428 1393 1467 Quoniam
1411 1429 1441 1459 in
1460 1438 1510 1459 me
1527 1430 1676 1469 speravit,
1707 1429 1852 1460 liberabo
1888 1438 1971 1468 eom,

154 1489 282 1521 scilicet
307 1498 325 1520 a
352 1490 470 1529 poenis
496 1489 709 1529 purgatoriis,
731 1492 903 1530 protegam
929 1498 1000 1521 eum
1026 1490 1068 1521 ol)
1094 1491 1240 1525 suffulcis,
1268 1491 1423 1529 quonlam
1449 1491 1603 1530 cognovit
1625 1499 1741 1521 nomen
1766 1500 1881 1522 meum.

243 1550 402 1591 Sequitur
427 1552 521 1582 tertia
548 1551 655 1588 stella,
682 1552 810 1583 scilicet
838 1551 977 1589 Caritas,
1004 1561 1090 1592 quae
1117 1553 1227 1583 minus
1264 1561 1364 1592 quam
1392 1552 1476 1583 inter
1501 1553 1587 1583 duos
1615 1553 1728 1584 haberi
1757 1562 1821 1583 non
1849 1555 1970 1593 potest,

155 1614 185 1644 in
212 1614 308 1645 cuius
334 1614 494 1654 operibus
520 1622 556 1644 se
582 1614 726 1645 maxime
753 1614 923 1651 exercuit;
950 1614 990 1645 de
1016 1623 1082 1654 qua
1108 1614 1188 1646 dicit
1226 1614 1351 1645 Beatus
1378 1613 1589 1654 Augustinus
1616 1615 1645 1645 in
1679 1614 1777 1645 Libro
1803 1615 1844 1646 de
1872 1615 1969 1646 laude

155 1674 330 1708 Caritatis:
359 1675 489 1708 Caritas
514 1678 563 1707 est
579 1675 660 1716 fons
685 1677 828 1707 onmium
854 1676 1019 1712 bonorum,
1039 1677 1202 1707 molismen
1228 1677 1405 1716 egregium,
1425 1678 1456 1707 et
1481 1677 1532 1707 vla
1549 1685 1634 1716 quoe
1659 1677 1748 1708 ducit
1764 1677 1808 1708 od
1835 1677 1970 1708 coelum.

156 1737 241 1776 Quis
268 1739 366 1769 huius
393 1737 499 1769 Ducis
527 1738 673 1769 infinitas
699 1738 839 1778 esplicet
865 1738 1049 1770 caritates?
1076 1738 1160 1770 Ante
1186 1739 1315 1770 deficiet
1341 1739 1425 1775 dies,
1452 1748 1551 1778 quam
1579 1739 1694 1770 harum
1722 1741 1849 1779 partem
1876 1740 1972 1770 dixe-

155 1801 225 1832 rim.
252 1800 370 1832 Dicam
397 1803 518 1832 tamen.
545 1800 619 1831 Non
647 1801 839 1840 pertransiit
857 1801 930 1832 dies
949 1801 999 1832 sui
1027 1801 1248 1841 principatus,
1267 1801 1347 1841 quin
1374 1801 1510 1832 trecenti
1538 1810 1704 1841 pauperes
1723 1804 1754 1832 et
1774 1801 1867 1839 ultra,
1898 1802 1971 1833 eius

155 1863 243 1894 victu
269 1863 493 1899 reficerentur,
513 1864 644 1902 praeter
670 1871 755 1902 quas
781 1871 880 1893 manu
900 1871 960 1893 sua
986 1862 1130 1894 faciebat
1157 1863 1383 1903 quinquagies
1403 1863 1433 1893 in
1453 1872 1552 1901 anno,
1571 1864 1618 1894 tot
1645 1863 1831 1902 pechionos
1857 1863 1971 1894 dando

153 1925 359 1966 singillatim,
386 1927 468 1965 quot
493 1934 601 1956 annos
639 1925 795 1962 habebat,
822 1926 852 1956 et
879 1925 1088 1956 vocabantur
1113 1934 1173 1956 sue
1203 1925 1413 1956 devotiones.
1442 1925 1474 1955 ln
1501 1925 1554 1956 die
1576 1924 1670 1965 Jovis
1697 1924 1810 1957 Sancti
1837 1934 1972 1965 semper

153 1988 332 2019 duodecim
359 1987 577 2028 pauperibus,
598 1987 688 2018 velut
713 1987 892 2018 duodecim
920 1987 1105 2027 Apostolis,
1124 1996 1211 2027 genu
1237 1987 1326 2018 flexo
1352 1987 1458 2027 pedes
1485 1987 1629 2025 lavabat,
1654 1987 1805 2018 osculum
1826 1988 1971 2027 pedibus

153 2050 277 2090 figebat
303 2049 460 2089 exemplo
486 2049 584 2080 ducis
610 2049 660 2079 sui
689 2047 831 2084 Christi;
859 2049 953 2089 ipsos
980 2050 1077 2080 novis
1097 2049 1274 2080 vestiendo
1300 2049 1463 2085 vestibus,
1483 2049 1567 2089 ipsis
1587 2049 1617 2079 in
1637 2058 1752 2080 mensa
1779 2050 1970 2087 serviendo,

154 2113 237 2153 ipsis
264 2114 435 2152 postremo
461 2113 508 2142 tot
532 2112 678 2143 florenos
705 2112 818 2142 dando
852 2111 1057 2152 singillatim,
1083 2113 1165 2151 quot
1190 2120 1298 2142 annos
1336 2111 1491 2142 habebat.
1526 2109 1611 2148 Quis
1648 2111 1744 2142 dotes
1783 2111 1970 2151 virginibus

154 2174 294 2206 traditas
320 2174 490 2214 esplicet?
516 2174 594 2214 quis
620 2174 752 2205 nobiles
771 2182 939 2214 pauperes
959 2173 1125 2204 relevatos
1144 2173 1342 2204 enumeret?
1361 2173 1438 2213 quis
1464 2172 1692 2204 clandestinas
1711 2173 1784 2204 eius
1802 2173 1970 2210 caritates,

154 2239 187 2268 ut
213 2237 344 2268 inanem
371 2236 510 2277 gloriam
538 2237 665 2272 vitaret,
692 2236 799 2267 tactas
826 2236 1000 2267 narrabit?
1026 2236 1102 2275 quis
1142 2235 1304 2275 pecunias
1342 2235 1528 2275 peregrinis
1566 2235 1723 2275 elargitas
1757 2235 1862 2272 dicet,
1897 2236 1971 2275 qui-

154 2299 296 2330 busdam
323 2299 364 2330 ad
392 2297 550 2330 Sanctum
589 2296 823 2338 Sepulchrum,
850 2298 1055 2338 quibusdam
1082 2298 1123 2328 ad
1151 2296 1307 2328 Sanctam
1334 2295 1561 2334 Catherinam,
1587 2297 1791 2337 quibusdam
1819 2297 1859 2328 ad
1888 2296 1972 2328 San-

153 2362 241 2392 ctum
275 2360 451 2401 Jacobum,
478 2360 683 2400 quibusdam
712 2359 860 2397 Romam,
887 2360 1091 2399 quibusdam
1118 2359 1159 2390 ad
1186 2359 1250 2390 alia
1280 2367 1376 2390 sacra
1403 2359 1475 2390 loca
1502 2359 1692 2390 euntibus?
1720 2358 1863 2389 Vestivit
1889 2368 1969 2399 ergo

153 2423 273 2460 nudos,
294 2423 385 2463 pavit
400 2422 584 2459 famelicos,
604 2422 733 2462 potavit
752 2422 955 2459 sitibundos,
975 2422 1106 2452 vinctos
1132 2430 1149 2452 e
1168 2430 1301 2452 carcere
1322 2421 1485 2457 liberavit,
1505 2421 1658 2460 hospites
1678 2422 1711 2451 ut
1729 2420 1816 2451 filios
1836 2421 1970 2460 recepit,

154 2485 303 2516 infirmos
329 2485 435 2516 curari
462 2484 551 2522 fecit,
569 2486 599 2515 et
619 2485 756 2515 mortuis
784 2485 943 2515 honestas
969 2483 1132 2523 exequias
1158 2483 1374 2514 condonavit.
1407 2481 1439 2513 Si
1470 2482 1683 2522 affligebatur
1709 2481 1861 2522 Populus
1887 2491 1970 2513 suus

153 2556 194 2578 ex
221 2547 382 2587 gravibus
409 2546 613 2586 quandoque
640 2546 924 2586 impositionibus,
951 2545 1099 2575 omnium
1127 2545 1157 2575 in
1184 2553 1219 2575 se
1247 2544 1396 2575 vertebat
1421 2543 1583 2581 dolorem,
1610 2544 1797 2584 suspirans,
1830 2552 1968 2584 gemens

153 2610 183 2640 et
209 2608 457 2649 illachrymans,
476 2609 566 2649 quod
586 2608 626 2639 ad
655 2609 716 2639 hoc
742 2609 933 2645 arctaretur,
952 2616 1087 2638 suorum
1115 2607 1331 2637 subsannans
1358 2606 1530 2646 perfidiam
1558 2606 1778 2643 inimicorum,
1798 2607 1841 2637 ol)
1867 2615 1967 2645 quam

157 2671 199 2702 ad
227 2671 308 2702 haec
334 2671 527 2711 cogebatur.
555 2670 705 2702 Malebat
730 2672 839 2701 tamen
868 2678 933 2700 rem
960 2678 1054 2700 suam
1082 2668 1251 2709 publicam
1286 2668 1334 2699 sic
1361 2677 1447 2706 esse,
1478 2677 1577 2708 quam
1605 2668 1717 2699 videre
1744 2668 1900 2699 incensas
1926 2668 1968 2699 ab

154 2733 309 2764 hostibus
336 2733 446 2770 urbes,
465 2733 625 2764 ecclesias
653 2741 751 2763 manu
778 2732 942 2771 sacrilega
969 2731 1134 2768 derobari,
1164 2732 1333 2761 matronas
1359 2731 1567 2770 prostitutas,
1597 2739 1782 2770 oppressas
1809 2731 1967 2771 virgines,

153 2797 184 2826 et
209 2796 284 2826 ante
309 2804 366 2826 ora
392 2797 522 2835 patrum
549 2794 636 2825 filios
653 2793 808 2834 jugulari,
835 2793 1029 2832 infinitaque
1050 2792 1240 2823 huiusmodi
1269 2792 1365 2830 mala,
1384 2801 1470 2832 quae
1489 2801 1506 2823 a
1526 2792 1755 2832 praedonibus
1781 2794 1811 2823 et
1837 2792 1967 2823 sicariis

154 2857 288 2896 impune
314 2856 460 2887 exerceri
488 2856 606 2887 solent.
633 2855 749 2897 Rigate
775 2865 854 2896 ergo
880 2864 937 2886 ora
964 2855 1153 2894 lachrymis,
1179 2863 1198 2885 ο
1225 2856 1347 2894 patres,
1366 2856 1397 2885 et
1414 2853 1523 2885 tontes
1549 2854 1781 2885 amarissimos
1798 2854 1840 2884 ab
1859 2853 1967 2884 oculis

153 2918 285 2949 educite
310 2927 438 2955 omnes,
464 2918 543 2958 quia
568 2917 687 2958 defecit
707 2917 869 2957 goudium
896 2916 1002 2947 cordis
1026 2916 1147 2947 nostri:
1174 2923 1283 2946 versus
1308 2917 1357 2946 est
1380 2916 1412 2946 ιἰι
1437 2915 1556 2946 luctum
1590 2915 1707 2946 chorus
1731 2917 1859 2946 noster:
1885 2915 1967 2946 ceci-

153 2980 200 3011 dit
223 2988 342 3011 corona
368 2980 485 3020 copm's
508 2980 629 3011 nostri:
667 2988 726 3011 vae
751 2979 861 3015 nobis,
890 2980 923 3010 ut
949 2978 1106 3009 scribitur
1142 2976 1351 3008 Threnorum
1386 2977 1511 3008 ultimo.
1539 2977 1578 3008 Et
1603 2977 1651 3008 sic
1677 2979 1766 3017 patet
1792 2977 1832 3008 de
1860 2977 1966 3017 primo

154 3042 248 3073 radio
273 3050 415 3073 coronae
442 3040 547 3073 Ducis
574 3042 688 3073 nostri.
