2347 3444
1896 190 1955 221 103

143 316 233 354 dum,
259 316 291 347 in
317 316 476 348 domibus
501 317 684 348 eorundem
710 317 872 349 nobilium
905 317 1134 349 commorandi
1161 319 1192 348 et
1217 317 1372 349 manendi
1399 326 1437 349 ac
1462 317 1550 349 tilios
1576 320 1606 349 et
1633 319 1721 350 bona
1762 320 1954 352 huiusmodi

143 377 271 409 interim
298 378 518 419 gubernandi,
544 379 755 418 superiorum
781 381 913 410 tuorum
939 380 971 411 et
996 379 1148 411 cuiusvis
1183 379 1316 410 licentia
1354 379 1489 411 minime
1525 380 1694 420 requisita,
1734 381 1899 413 licentiam
1927 385 1958 414 et

143 438 336 471 fucultatem
374 440 572 478 concedere,
610 449 670 472 nec
697 450 761 471 non
789 443 823 472 ut
848 449 935 472 onus
972 441 1143 482 regiminis
1169 441 1311 472 filiorum
1338 443 1370 472 et
1396 441 1559 472 bonorum
1586 442 1767 473 eorundem
1796 443 1954 475 libentius

142 509 315 533 assumere
341 503 372 533 et
397 502 611 533 commodius
636 502 749 534 subire
776 503 890 543 possis
909 505 1018 534 tecum
1038 505 1072 534 ut
1090 503 1330 543 quodcumque
1356 503 1555 534 beneficium
1586 504 1865 536 ecclestiasticum
1882 515 1956 537 cum

162 571 241 593 cura
268 562 318 594 vel
345 563 418 594 sine
444 572 532 601 cura,
559 564 586 595 si
613 564 697 596 alias
722 564 781 595 tibi
808 565 969 596 canonice
996 564 1196 603 conferatur,
1212 565 1360 605 recipere
1386 566 1418 596 et
1444 565 1584 597 retinere
1604 565 1730 604 valeas,
1756 567 1958 606 dispensare

141 632 180 655 ac
207 624 380 665 indulgere
405 626 446 657 de
473 626 677 666 benignitate
702 626 891 667 apostolica
916 627 1139 667 dignaremur.
1166 627 1237 658 Nos
1263 627 1362 668 igitur
1380 627 1572 658 huiusmodi
1588 628 1895 668 supplicationibus
1910 629 1959 660 in-

142 685 265 724 clinati‚
291 687 361 724 tibi,
389 688 422 718 ut
448 689 628 728 postquam
654 688 732 719 dicti
759 688 890 720 nobiles
915 689 957 720 ad
984 689 1234 729 expeditionem
1254 689 1438 729 predictam
1458 698 1494 720 se
1513 689 1733 729 personaliter
1758 691 1958 722 contulerint

142 750 176 779 ut
201 748 374 788 prefertur,
400 758 474 780 cum
502 758 567 780 uno
593 758 652 789 per
677 752 707 781 te
735 752 767 782 ut
793 751 994 790 premittitur
1019 751 1176 792 eligendo
1202 752 1306 789 socio,
1333 752 1364 782 in
1390 751 1549 783 domibus
1575 752 1757 783 eorundem
1792 752 1955 783 nobilium

143 818 313 841 remanere
331 812 362 841 et
381 819 588 842 commorare
614 811 772 852 filiosque
790 821 828 843 ac
847 812 934 844 bona
961 813 1153 844 huiusmodi
1184 814 1313 845 interim
1333 822 1447 854 regere
1465 815 1495 844 et
1514 813 1710 853 gubernare,
1746 815 1956 854 superiorum

140 873 272 903 tuorum
299 872 350 903 vel
378 872 531 904 cuiusvis
556 872 693 904 alterius
719 882 821 914 super
847 874 909 905 boc
935 874 1068 906 licentia
1095 875 1228 906 minime
1256 875 1427 916 requisita,
1453 876 1650 907 auctoritate
1685 875 1884 916 apostolica,
1911 878 1958 907 te-

140 943 219 965 nore
245 934 463 974 presentium,
489 934 655 966 licentiam
682 935 899 976 impartimur.
926 936 964 967 Et
991 936 1228 968 nichilominus
1253 938 1362 968 tecum
1390 938 1424 968 ut
1441 946 1483 968 ex
1502 938 1580 968 tunc
1600 937 1839 977 quodcumque
1856 938 1958 969 bene-

139 997 251 1028 ficium
293 997 562 1028 ecclesiasticum
588 1006 662 1028 cum
689 1007 768 1029 cura
794 1000 825 1030 et
851 999 923 1030 sine
950 1008 1038 1035 cura,
1076 999 1227 1030 seculare
1253 999 1305 1031 vel
1332 999 1579 1040 cuiuscumque
1617 998 1757 1031 Ordinis
1794 999 1957 1040 regulare,

139 1059 238 1091 etiam
264 1059 292 1090 si
318 1059 522 1099 parochialis
548 1060 691 1091 ecclesia
717 1060 768 1091 vel
796 1061 869 1092 eius
896 1063 1059 1101 perpetuo
1087 1062 1209 1093 vicaria
1228 1070 1266 1093 ac
1285 1062 1326 1093 de
1345 1062 1414 1093 iure
1434 1063 1632 1102 patronatus
1658 1061 1818 1093 laicorum
1850 1062 1957 1100 fuerit,

139 1121 297 1161 illiusque
322 1120 461 1159 fructus,
489 1121 640 1153 redditus
666 1124 697 1153 et
723 1124 907 1162 proventus
933 1124 1179 1163 cuiuscumque
1205 1125 1282 1155 taxe
1313 1132 1372 1155 seu
1403 1124 1503 1155 annui
1524 1123 1648 1155 valoris
1667 1124 1824 1162 existant,
1843 1125 1870 1155 si
1898 1124 1956 1155 tibi

138 1183 222 1214 alias
248 1183 409 1214 canonice
434 1183 627 1214 conferatur
651 1185 707 1214 aut
734 1184 919 1215 instituaris
945 1184 996 1216 vel
1024 1186 1226 1224 presenteris
1252 1186 1292 1217 ad
1321 1186 1413 1224 illud,
1447 1186 1595 1226 recipere
1621 1188 1651 1217 et
1677 1186 1789 1226 quoad
1829 1186 1956 1217 vixeris

139 1245 290 1283 retinere,
317 1245 466 1285 illudque
493 1245 691 1285 simpliciter
716 1246 767 1277 vel
795 1255 836 1277 ex
863 1255 966 1278 causa
993 1248 1260 1287 permutationis,
1287 1248 1456 1287 quotiens,
1471 1248 1529 1279 tibi
1551 1248 1724 1288 placuerit,
1743 1248 1907 1279 dimittere
1926 1250 1957 1280 et

139 1307 213 1338 loco
239 1307 370 1338 dimissi
397 1307 488 1338 aliud
515 1307 623 1338 simile
650 1308 700 1339 vel
728 1308 892 1339 dissimile
920 1309 1118 1340 beneficium
1145 1309 1414 1341 ecclesiasticum
1442 1310 1594 1341 similiter
1620 1311 1767 1350 recipere
1793 1312 1824 1342 et
1843 1310 1954 1350 quoad

139 1370 267 1401 vixeris
293 1369 446 1407 retinere,
474 1369 575 1400 libere
602 1371 633 1400 et
659 1369 745 1401 licite
773 1370 898 1402 valeas.
914 1369 1223 1403 Constitutionibus
1249 1375 1279 1403 et
1305 1372 1576 1403 ordinationibus
1594 1372 1792 1412 apostolicis
1812 1381 1955 1403 necnon

138 1432 272 1463 statutis
298 1433 329 1463 et
354 1432 661 1463 consuetudinibus
687 1431 825 1464 Ordinis
850 1441 888 1464 ac
914 1433 1011 1464 etiam
1039 1434 1230 1465 monasterii
1251 1443 1268 1465 a
1288 1443 1355 1474 quo
1381 1434 1521 1465 forsitan
1541 1434 1622 1465 illud
1657 1434 1848 1474 dependere
1878 1443 1958 1465 con-

137 1494 257 1534 tigerit,
284 1494 381 1525 etiam
410 1494 606 1531 iuramento,
644 1495 896 1526 confirmatione
934 1495 1133 1535 apostolica,
1160 1496 1211 1527 vel
1239 1504 1454 1535 quacumque
1490 1496 1644 1527 firmitate
1670 1496 1735 1527 alia
1772 1496 1956 1534 roboratis,

137 1556 325 1596 ceterisque
351 1556 527 1587 contrariis
554 1565 767 1596 nequaquam
794 1557 1020 1594 obstantibus,
1047 1558 1243 1588 auctoritate
1284 1558 1483 1598 apostolica,
1521 1560 1634 1588 tenore
1672 1558 1889 1597 presentium,
1915 1558 1956 1589 de

137 1618 270 1659 spetiali
297 1619 413 1659 gratia,
440 1618 692 1658 dispensamus.
719 1618 808 1649 Nulli
835 1628 915 1658 ergo
940 1620 1078 1650 omnino
1105 1620 1275 1650 hominum
1303 1619 1399 1651 liceat
1425 1620 1510 1651 hanc
1537 1620 1694 1660 paginam
1720 1617 1848 1658 fnostre
1878 1629 1958 1651 con-

137 1681 304 1712 cessionis
330 1682 361 1712 et
387 1681 654 1720 dispensationis
696 1681 886 1721 infringere,
913 1681 964 1712 vel
991 1681 1019 1712 ei
1046 1691 1129 1713 ausu
1157 1682 1332 1713 temerario
1370 1682 1543 1713 contraire.
1571 1680 1605 1714 Si
1632 1682 1708 1722 quis
1745 1685 1855 1714 autem
1893 1683 1955 1714 hoc

136 1744 334 1783 attemptare
360 1743 610 1783 presempserit‚
638 1743 902 1783 indignationem
929 1742 1180 1783 Omnipotentis
1207 1743 1268 1775 Dei
1295 1746 1325 1775 et
1351 1744 1525 1775 beatorum
1552 1743 1639 1775 Petri
1658 1746 1690 1775 et
1708 1743 1958 1784 Pauliaposto-

137 1805 243 1836 lorum
269 1805 343 1836 eius
370 1813 405 1836 se
432 1805 562 1836 noverit
588 1805 810 1836 incursurum.
838 1804 960 1837 Datum
988 1805 1101 1843 Rome,
1127 1806 1217 1846 apud
1245 1807 1397 1837 sanctum
1425 1805 1570 1843 Petrum,
1596 1815 1684 1837 anno
1715 1806 1956 1838 lncarnationis

136 1866 312 1898 Dominice
339 1867 523 1898 Millesimo
549 1867 884 1907 quadringentesimo
909 1868 1193 1908 quinquagesimo
1212 1870 1320 1906 sexto,
1339 1870 1461 1900 octavo
1480 1868 1557 1899 ldus
1575 1868 1702 1908 aprilis,
1736 1868 1956 1900 Pontificatus

137 1929 241 1960 nostri
268 1938 357 1960 anno
383 1929 501 1969 primo.

894 2077 1187 2118 CCLXVII.

225 2187 330 2215 Frate
356 2186 511 2215 Eusebio
537 2187 579 2215 de
605 2187 790 2223 Legieriis‚
818 2187 1052 2215 Procuratore
1078 2187 1112 2215 di
1139 2187 1173 2215 S.
1201 2187 1374 2223 Agostino
1400 2188 1444 2216 da
1470 2187 1655 2224 quietanza
1682 2188 1843 2217 d'affitto.

804 2299 955 2330 1456,
985 2307 1020 2324 ει
1028 2308 1061 2330 p
1067 2300 1184 2329 rile,
1214 2300 1291 2324 19·

667 2388 743 2409 (Arelit
760 2388 840 2408 Notas.
857 2388 878 2408 di
896 2387 973 2408 Pavia.
990 2399 1014 2401 —
1030 2387 1077 2408 Atti
1094 2387 1114 2408 di
1132 2387 1244 2413 Agostino
1260 2388 1415 2413 Gravanago)⁴

151 2546 153 2559 l

187 2522 374 2567 “—l

241 2570 288 2685 Ι
379 2589 403 2615 Ν
428 2593 508 2616 casa
532 2584 702 2616 Preotloni
725 2584 923 2616 Parrocclzra
949 2584 983 2616 di
1007 2584 1039 2616 S.
1073 2585 1151 2616 Viro.
1179 2585 1389 2617 Venerabilis
1415 2586 1572 2617 dominus
1598 2586 1698 2617 frater
1716 2586 1884 2618 Eusebius
1910 2587 1950 2619 de

372 2628 373 2652 ³
401 2647 553 2688 Ligieriis
579 2647 730 2679 sindicus
756 2649 787 2678 et
813 2649 1049 2687 procuratrnx...
1077 2648 1263 2678 conventus
1282 2647 1387 2677 sancti
1408 2646 1585 2687 Augustini
1606 2647 1753 2687 Papie....
1772 2648 1874 2679 riceve
1907 2648 1950 2679 da

159 2744 227 2745 fij
267 2694 373 2746 Vfii
403 2708 563 2741 Giacomo
589 2708 694 2742 Scotti
712 2718 774 2750 per
795 2709 924 2741 Bettino
950 2710 989 2741 de
1015 2709 1192 2745 Mausolus,
1220 2709 1334 2741 sacelli
1357 2711 1437 2740 setle
1462 2710 1497 2741 cli
1513 2709 1679 2750 frumento
1698 2710 1739 2742 ed
1755 2719 1796 2742 un
1809 2711 1890 2751 palo
1916 2711 1951 2742 di

133 2771 284 2811 εαρροηῖ,
310 2780 370 2811 pro
395 2772 472 2803 ficto
499 2772 598 2803 unius
624 2772 700 2803 anni
729 2781 823 2812 prox.
851 2774 932 2812 pret.
963 2774 1126 2802 certarum
1153 2774 1324 2809 terrarum,
1351 2772 1523 2803 vinearum
1539 2774 1570 2803 et
1590 2773 1830 2812 proprietatum
1859 2774 1950 2813 posi-

135 2834 240 2864 tarum
267 2833 298 2863 in
325 2833 399 2864 loco
425 2835 455 2864 et
480 2834 645 2865 territorio
682 2832 770 2865 Prati
809 2834 849 2864 de
888 2833 1045 2864 Mascaro
1082 2832 1262 2865 Siccomari
1290 2832 1437 2873 Papie....
1464 2843 1549 2874 quas
1575 2843 1592 2865 a
1619 2834 1709 2866 dicto
1735 2837 1946 2866 conventu...

134 2895 352 2927 confitetur...
379 2897 491 2927 tenere
517 2896 558 2927 ad
584 2896 697 2928 fictum
725 2898 934 2936 perpetuum,
961 2898 1022 2927 etc.
