2347 3444
300 218 365 250 220

300 355 438 384 testator
463 352 505 383 ab
532 353 594 383 hoc
620 352 733 383 seculo
759 352 950 387 decesserit,
977 350 1134 382 celebrari
1162 349 1269 380 iacere
1296 349 1326 379 in
1354 349 1440 379 dicta
1466 347 1606 378 ecclesia
1633 347 1768 378 domine
1793 348 1907 377 sancte
1945 344 2116 381 Mustiole,

301 415 402 446 semel
429 418 566 451 tantum,
594 416 730 447 missam
757 415 882 445 domini
910 414 1014 445 sancti
1041 411 1215 452 Gregorii;
1244 411 1318 442 item
1345 412 1375 441 et
1401 409 1548 440 officium
1584 417 1684 440 unun
1727 410 1931 439 mortuorum
1968 406 2118 438 similiter

303 478 333 508 in
361 478 447 508 dicta
473 478 623 513 ecclesia,
650 478 738 508 omni
766 486 854 508 anno
881 484 987 515 usque
1013 475 1054 505 ad
1081 482 1189 504 annos
1215 473 1340 509 decem,
1371 471 1560 502 immediate
1594 472 1798 510 sequuturos
1831 472 1908 510 post
1941 469 2116 500 decessum

304 540 411 580 ipsius
437 540 562 571 domini
589 540 768 575 testatoris,
795 542 827 569 et
852 539 913 568 hoe
940 547 999 578 pro
1024 537 1134 567 anima
1162 535 1283 575 ipsium
1310 534 1480 565 testatoris
1505 535 1534 564 et
1561 532 1698 573 predicti
1726 532 1897 572 quondam
1916 531 2042 562 domini
2062 539 2120 571 pa—

303 602 362 633 tris
388 602 438 633 sui
465 605 494 632 et
521 602 660 632 aliorum
688 609 822 631 suorum
851 599 1125 639 predecessorum
1154 599 1403 627 mortuorum...

394 664 468 695 ltem
497 664 598 694 vult...
625 663 715 703 quod
744 662 814 692 libri
843 662 909 692 duo
937 660 1096 691 nominati
1125 658 1283 690 Artixelle
1310 666 1397 698 quos
1424 659 1495 698 ipse
1514 657 1672 688 dominus
1687 659 1825 688 testator
1844 656 1953 693 habet,
1980 664 2119 696 quarum

303 727 404 758 altera
431 730 479 757 est
505 735 577 757 cum
605 725 713 765 tegnis
739 727 768 755 et
794 724 894 754 altera
921 723 992 753 sine
1018 722 1127 762 tegnis
1144 718 1205 760 (1),
1233 721 1419 752 vendantur
1444 722 1475 751 et
1501 720 1647 760 precium
1675 719 1823 760 ipsorum
1843 718 2001 749 librorum
2028 718 2123 749 detur

305 799 364 829 pro
389 790 498 820 anima
527 789 633 828 ipsius
660 787 785 817 domini
813 785 981 816 testatoris
996 784 1143 815 dominis
1163 782 1266 814 Priori
1286 785 1317 814 et
1336 782 1506 814 Fratribus
1525 782 1629 814 sancti
1651 780 1743 813 Pauli
1763 783 1857 812 extra
1876 789 1990 812 muros
2009 779 2123 821 Papie‚

304 852 428 891 quibus
454 851 599 881 dominis
627 848 730 879 Priori
757 850 787 878 et
814 847 984 878 Fratribus
1009 855 1046 877 ac
1072 846 1251 877 conventui
1279 845 1425 885 precium
1453 845 1616 876 dictorum
1643 844 1785 875 duorum
1813 843 1970 874 librorum
2002 842 2124 883 legavit

303 918 333 944 et
361 914 445 951 legat
472 921 508 943 ac
536 912 603 942 iure
630 910 727 950 legati
755 909 921 949 relinquit.

1049 1054 1387 1096 CDXXXIII.

395 1167 555 1203 Religiosi
583 1165 792 1202 Agostiniani
816 1165 986 1202 promossi
1011 1164 1077 1200 agli
1103 1164 1221 1193 Ordini
1245 1163 1348 1192 Sacri.

920 1269 1067 1300 1479,
1100 1269 1416 1300 (lloelral)re‚
1443 1268 1520 1293 19.

883 1359 959 1382 (Aren.
977 1359 1057 1379 Notar.
1074 1358 1095 1378 di
1113 1358 1183 1378 Pavia
1199 1368 1207 1372 -
1222 1357 1269 1378 Atti
1286 1357 1307 1377 di
1325 1357 1442 1378 Lodovico
1459 1357 1544 1382 Leggi)v

362 1545 505 1660 M
554 1561 778 1595 CCCCLxxix,
805 1558 858 1588 die
884 1557 1107 1588 decimonono
1135 1557 1260 1587 mensis
1287 1556 1484 1587 decembris.

667 1620 870 1660 lnirascripti
897 1622 974 1651 sunt
1000 1619 1222 1660 promovendi
1249 1619 1291 1649 ad
1318 1619 1555 1649 diaconatum:

667 1682 778 1714 Frater
804 1681 980 1714 Secundus
1006 1682 1046 1713 de
1073 1681 1222 1713 Taurino
1248 1680 1386 1713 Ordinis
1413 1679 1524 1712 Sancti
1553 1679 1659 1711 Pauli.

401 1745 510 1777 Frater
537 1745 618 1776 Abel
647 1745 686 1776 de
714 1744 821 1776 Brisia
848 1743 986 1776 Ordinis
1012 1744 1243 1784 suprascripti.

1053 1909 1395 1950 CDXXXIV.

401 2023 501 2050 Frate
526 2023 714 2050 Francesco
741 2021 782 2049 da
807 2021 936 2049 Cerano
962 2022 1184 2049 Procuratore
1209 2019 1242 2048 di
1266 2020 1298 2048 S.
1325 2018 1490 2055 Agostino
1515 2018 1626 2046 riceve
1641 2017 1662 2046 il
1675 2021 1878 2054 pagamento
1896 2016 2082 2045 dell'affitto
2101 2015 2134 2044 di

313 2085 378 2104 una
403 2085 490 2105 casa.

901 2178 1066 2209 1479,
1098 2178 1428 2208 (lioe1111)1-e‚
1462 2177 1552 2201 22.

886 2267 962 2288 (Arch.
981 2266 1060 2287 Notar.
1078 2266 1099 2287 di
1117 2265 1187 2286 Pavia
1202 2276 1210 2279 -
1226 2265 1272 2286 Atti
1289 2266 1310 2286 di
1327 2265 1438 2286 Giacomo
1456 2264 1564 2288 Pescan),

423 2453 469 2566 I
562 2472 584 2497 N
610 2467 756 2498 claustro
784 2466 975 2497 monasterii
1003 2465 1107 2496 sancti
1137 2463 1314 2504 Augustini
1342 2462 1478 2503 Papie...
1505 2462 1714 2494 Venerabilis
1740 2462 1898 2493 dominus
1915 2461 2014 2493 frater
2041 2461 2140 2493 Fran-

585 2529 696 2559 ciscus
722 2529 762 2559 de
789 2527 920 2560 Corano
947 2527 1099 2558 sindicus
1124 2528 1154 2557 et
1181 2528 1407 2566 procurator...
1435 2526 1626 2557 monasterii
1653 2525 1758 2556 sancti
1785 2524 1963 2566 Augustini
1991 2524 2138 2565 Papie....

585 2600 658 2621 cum
687 2591 852 2630 presentia
879 2592 909 2620 et
935 2590 1129 2621 auctoritate
1150 2589 1352 2620 venerabilis
1366 2597 1458 2620 sacre
1477 2588 1645 2629 theologie
1671 2588 1819 2618 doctoris
1845 2588 1970 2618 domini
1991 2587 2137 2627 magistri

319 2651 487 2684 Gabriclis
514 2652 553 2683 de
581 2652 694 2683 Buciis
724 2651 848 2683 prioris
875 2652 951 2683 dieti
980 2652 1205 2682 monasterii...
1239 2651 1342 2682 riseve
1367 2651 1410 2682 cia
1435 2650 1560 2681 Matteo
1599 2648 1763 2682 Canevari
1793 2651 1947 2690 prevosto
1973 2649 2008 2680 di
2031 2648 2063 2681 S.
2090 2649 2141 2680 Ιη-

323 2715 444 2749 ιίἰιῑιό,
473 2723 492 2744 ιι
517 2722 611 2745 nome
637 2714 689 2745 clvi
707 2713 785 2753 figli
810 2714 862 2744 del
880 2713 921 2753 su
949 2713 1042 2745 Olor.
1070 2712 1179 2744 Preti-0
1205 2713 1244 2744 de
1269 2712 1395 2748 Rabiis,
1423 2712 1478 2743 lire
1501 2712 1546 2742 24
1566 2720 1627 2752 per
1649 2711 1756 2752 assitto
1782 2711 1816 2742 cii
1839 2720 1880 2742 tm
1906 2720 1992 2742 ιιηηο
2017 2711 2052 2742 di
2075 2719 2139 2742 una

321 2785 410 2810 casu,
437 2776 494 2807 clze
520 2776 542 2807 il
567 2776 653 2807 detto
672 2775 713 2815 fu
742 2776 814 2807 Uia.
843 2775 950 2806 Pietro
977 2778 1090 2806 tenera
1117 2776 1147 2806 in
1174 2774 1281 2815 assitto
1303 2776 1459 2814 perpetuo
1489 2773 1546 2805 dul
1569 2775 1763 2805 monastero.

378 2934 408 2956 ⁴¹1)
425 2934 448 2954 E’
465 2934 484 2954 la
500 2933 691 2953 denominatione
707 2933 728 2953 di
745 2938 774 2953 un
791 2934 888 2953 irati-iio
904 2933 925 2952 di
943 2932 1062 2956 irrediciria,
1079 2938 1122 2952 una
1135 2932 1200 2957 copia
1258 2932 1413 2952 Liclitcnstein
1435 2932 1470 2952 nel
1488 2932 1545 2956 1-183,
1568 2932 1603 2952 col
1619 2932 1694 2952 titolo:
1709 2931 1822 2952 Arrii-clla
1838 2932 1886 2952 sive
1902 2932 2027 2952 thesaurus
2043 2937 2136 2957 operum

326 2978 361 2999 ‹lt-l
378 2978 446 3003 quale
461 2978 472 2998 t·
489 2978 509 2998 iu
526 2978 601 2998 huone
617 2977 755 3001 condizioni,
772 2978 785 2997 l'
797 2978 854 2997 altra
871 2977 949 2997 invect·
971 2977 982 2997 ἱ·
999 2978 1081 3001 winsia
1103 2977 1162 2996 dalle
1179 2977 1204 2996 ti·
1260 2977 1401 2997 medicorum
1417 2978 1525 2997 veterum
1543 2976 1574 2996 Fu
1591 2976 1729 3001 ristampam
1745 2976 1780 2997 nel
1798 2976 1862 2999 1487.
1885 2976 1920 2996 nel
1938 2976 1984 2997 1491
2003 2981 2014 2997 e
2037 2981 2093 3002 pure
2115 2976 2137 2996 in

326 3023 417 3047 grui-ile.
431 3023 444 3043 ll
457 3024 554 3043 truttam
566 3023 577 3043 ‘e
594 3023 670 3048 quello
686 3023 727 3042 che
743 3022 765 3042 tu
781 3024 900 3047 stampato
911 3028 922 3042 a
935 3022 1034 3042 Vcnczia
1051 3021 1078 3042 ila
1092 3022 1205 3041 Ermanno
1261 3021 1359 3041 Venezia
1376 3021 1404 3041 da
1420 3020 1543 3041 Gerolamo
1559 3020 1587 3040 dc
1603 3020 1662 3041 Salis
1678 3021 1712 3041 nel
1731 3020 1781 3041 1513
1795 3026 1807 3041 e
1823 3021 1858 3041 nel
1876 3020 1932 3041 1523.
