2347 3444
1941 190 1999 221 321

192 321 316 353 Prioris
341 323 372 352 et
398 320 547 352 Fratrum
574 321 757 352 maximum
784 322 967 362 dampnum
993 324 1024 353 et
1050 321 1282 362 preiudicium.
1309 320 1417 361 Super
1443 321 1567 361 quibus
1605 323 1763 353 omnibus
1801 324 1910 354 dictus
1949 325 2007 355 do-

192 385 302 415 minus
327 384 480 415 sindicus
505 385 536 414 et
562 386 767 424 procurator,
795 384 893 415 dictis
919 384 1124 421 nominibus,
1151 384 1327 424 requisivit
1345 392 1362 414 a
1382 384 1481 415 nobis
1508 384 1583 421 sibi,
1611 384 1709 415 dictis
1736 386 1940 423 nominilms,
1969 387 2009 417 de

190 448 358 486 oportuno
385 446 465 476 iuris
491 445 637 476 remedio
664 445 844 485 provideri.
872 445 1057 486 Eapropter
1090 446 1131 476 ad
1159 446 1266 485 ipsius
1293 446 1418 476 domini
1446 445 1565 476 sindici
1593 448 1623 476 et
1650 448 1885 486 procuratoris.
1913 448 2009 478 dictis

191 507 394 545 nominibus,
420 507 678 547 requisicionem
704 510 735 538 et
762 507 977 545 instanciam,
1005 508 1119 538 liarum
1147 508 1231 538 serie
1258 508 1458 538 mandamus
1485 507 1584 538 vobis
1609 510 1639 538 et
1666 508 1809 547 singulis
1844 513 2008 547 vestrum,

192 571 222 601 in
251 571 369 601 virtute
395 572 508 601 sancte
534 569 730 600 obediencie
756 572 786 600 et
813 570 876 601 sub
902 571 1233 601 excomunicacionis
1260 579 1344 610 pena
1371 570 1555 601 districtius
1583 570 1612 600 in
1640 570 1817 606 mandatis,
1845 574 2010 610 quatenus

190 633 243 664 die
270 633 374 673 prima
401 632 578 669 dominica,
606 632 636 662 in
663 632 814 663 ecclesiis
831 633 951 663 vestris
979 634 1008 663 in
1037 633 1214 663 missarum
1242 632 1451 672 solempniis,
1470 632 1548 662 dum
1569 632 1691 663 ibidem
1711 633 1752 662 ad
1773 633 1885 663 divina
1906 634 2009 664 maior

190 695 295 726 aderit
321 694 437 735 populi
466 694 656 731 multitudo,
682 703 723 725 ex
752 696 843 734 parte
871 697 984 725 nostra
1013 695 1177 726 moneatis
1205 695 1234 725 in
1262 703 1401 735 genere,
1436 694 1536 725 nullis
1573 697 1682 725 tamen
1722 695 1915 726 nominibus
1953 705 2010 726 ex-

191 758 329 798 pressis,
356 760 453 797 prout
480 766 542 787 nos
568 757 652 787 serie
679 757 883 796 presentium
912 766 1097 793 monemus,
1124 766 1241 788 ornnes
1267 759 1297 788 et
1323 757 1477 797 singulos
1503 766 1608 788 sexus
1635 758 1819 797 utriusque,
1839 758 1893 797 qui
1914 767 1950 788 ea
1970 758 2009 789 de

191 820 315 860 quibus
341 828 454 859 supra,
482 819 512 850 in
540 821 609 849 toto
638 819 687 849 vel
717 819 747 849 in
776 822 878 859 parte,
906 820 1094 850 habuerunt
1122 820 1172 850 vel
1200 819 1334 856 liabent,
1372 828 1430 850 seu
1470 821 1633 859 usurpant
1670 828 1728 850 seu
1768 819 1847 850 dolo
1887 820 2008 850 liabere

189 882 347 913 desinunt
373 884 403 913 et
428 890 487 912 eos
525 881 580 921 qui
619 881 727 912 sciunt
764 881 910 921 aliquem
949 882 999 912 vel
1027 882 1161 921 aliquos
1187 890 1225 912 ea
1252 882 1292 912 de
1319 881 1443 921 quibus
1481 890 1582 921 supra
1610 882 1640 912 in
1667 884 1737 912 toto
1777 882 1826 912 vel
1856 882 1885 912 in
1914 885 2005 922 parte

190 945 361 982 habuisse,
388 944 439 974 vel
467 952 628 983 usurpare
654 945 684 974 et
710 945 831 979 tenere,
858 945 888 974 et
913 952 973 974 eos
1000 944 1055 983 qui
1083 944 1191 974 sciunt
1217 944 1363 983 aliquem
1391 943 1441 974 vel
1469 943 1602 983 aliquos
1629 943 1706 974 dare
1741 943 1915 974 debentem
1951 953 2008 975 seu

190 1008 351 1039 debentes
377 1007 465 1037 dicto
493 1006 696 1036 monasterio
726 1005 860 1045 aliquas
886 1006 1090 1045 quantitates
1117 1006 1345 1046 pecuniarum,
1371 1008 1402 1036 et
1429 1006 1573 1036 maxime
1592 1014 1609 1036 a
1629 1008 1776 1046 tempore
1793 1006 2009 1037 mortisnunc

191 1070 362 1111 quondam
389 1069 524 1099 domine
552 1067 693 1108 Biginne
720 1068 760 1098 de
789 1067 938 1108 Rampis,
965 1069 1082 1108 eisque
1109 1071 1139 1099 et
1165 1077 1278 1099 eorum
1306 1068 1450 1109 singulis
1477 1068 1507 1098 in
1535 1069 1655 1099 virtute
1682 1071 1795 1099 sancte
1814 1068 2011 1099 obediencie

191 1136 221 1165 et
247 1133 310 1164 sub
335 1131 662 1163 excomunicationis
688 1139 772 1171 pena
799 1131 947 1161 districte
981 1131 1198 1171 precipiendo
1236 1131 1414 1167 mandatis,
1449 1134 1547 1171 prout
1584 1140 1646 1161 nos
1684 1132 1768 1162 serie
1806 1132 2009 1171 presentium

192 1195 402 1232 mandamus,
429 1196 597 1234 quatenus
625 1194 643 1224 ii
671 1194 726 1233 qni
756 1193 950 1224 liuiusmodi
979 1193 1065 1224 bona
1092 1196 1121 1224 et
1149 1193 1237 1233 ligna
1264 1196 1294 1224 et
1320 1193 1464 1224 confinia
1490 1196 1521 1224 et
1547 1195 1651 1224 terras
1678 1193 1865 1224 habuerunt
1885 1193 1934 1224 vel
1956 1194 2012 1224 lia-

191 1259 268 1290 bent
294 1266 352 1289 seu
380 1256 471 1287 dollo
498 1256 620 1287 habere
646 1256 804 1287 desinunt
830 1256 881 1286 vel
909 1258 1072 1296 usurpant
1098 1258 1128 1286 et
1155 1256 1313 1293 detinent,
1341 1256 1414 1296 ipsa
1440 1256 1552 1286 omnia
1579 1256 1605 1287 si
1633 1258 1748 1286 extant
1775 1256 1962 1286 restituisse
1981 1258 2011 1286 et

190 1321 414 1361 consignasse
439 1328 477 1350 ac
504 1318 690 1349 relassasse
717 1318 872 1355 debeant,
891 1320 921 1349 et
941 1319 966 1349 si
995 1327 1059 1349 non
1086 1320 1201 1349 extant
1228 1318 1378 1358 ipsorum
1406 1319 1554 1348 omnium
1582 1327 1695 1349 verum
1724 1318 1870 1358 precium
1898 1320 1928 1348 et
1955 1327 2011 1349 va-

191 1383 293 1414 lorem
321 1382 469 1413 solvisse
495 1383 525 1412 et
551 1381 768 1412 exbursasse.
796 1380 816 1411 li
845 1390 923 1411 vero
951 1381 1006 1420 qui
1034 1381 1142 1411 sciunt
1168 1381 1315 1420 aliquem
1343 1380 1392 1411 vel
1420 1380 1556 1420 aliquos
1581 1389 1619 1411 ea
1639 1380 1679 1411 de
1698 1380 1823 1420 quibus
1849 1389 1951 1420 supra
1979 1381 2008 1411 in

191 1448 283 1486 parte
310 1445 472 1476 habuisse
499 1444 550 1475 vel
579 1443 700 1474 habere
727 1443 880 1474 desinere
907 1452 965 1474 seu
993 1443 1070 1474 dare
1097 1443 1259 1474 debentes
1286 1445 1319 1473 ut
1345 1451 1457 1483 supra,
1483 1451 1543 1473 eos
1576 1442 1676 1473 nobis
1702 1443 1753 1473 vel
1782 1443 1881 1474 vobis
1917 1445 2010 1473 extra

191 1507 377 1549 penitencie
403 1506 523 1543 forum,
549 1508 606 1537 aut
632 1506 721 1536 dicto
748 1506 886 1536 domino
924 1505 1054 1536 sindico
1082 1505 1132 1536 vel
1160 1505 1297 1536 domino
1330 1504 1420 1535 fratri
1460 1504 1637 1536 Francisco
1663 1505 1703 1536 de
1730 1504 1889 1542 Cerrano,
1928 1504 2010 1535 infra

191 1570 383 1611 quindecim
411 1569 484 1600 dies
510 1571 587 1609 post
614 1568 838 1599 monicionem
876 1568 1016 1599 eandem
1043 1576 1101 1607 per
1127 1576 1189 1598 vos
1216 1570 1249 1598 ut
1275 1567 1474 1607 premittitur
1510 1567 1631 1598 factam
1670 1568 1822 1607 proxime
1855 1567 2009 1605 futuros,

191 1641 333 1673 quorum
360 1632 488 1663 dierum
515 1631 718 1671 quindecim,
752 1631 902 1671 quinque
928 1639 988 1671 pro
1015 1630 1141 1670 primo,
1179 1630 1328 1670 quinque
1366 1639 1425 1670 pro
1463 1630 1634 1667 secund0â€š
1673 1630 1822 1669 reliquos
1859 1629 2010 1669 quinque

189 1695 262 1726 dies
289 1703 349 1735 pro
375 1694 488 1731 tercio,
516 1693 632 1724 ultimo
658 1695 688 1724 et
714 1693 940 1733 peremptorio
967 1692 1107 1723 termino
1132 1701 1170 1723 ac
1189 1692 1378 1723 monicione
1395 1692 1557 1723 canonica
1575 1692 1624 1723 eis
1642 1691 1800 1722 omnibus
1818 1694 1849 1722 et
1867 1691 2011 1732 singulis

190 1757 385 1798 prefigimus
410 1759 441 1788 et
466 1757 695 1797 assignamus,
722 1754 936 1786 manifestare
961 1757 993 1785 et
1018 1754 1195 1795 propalare
1232 1763 1269 1785 ac
1303 1755 1475 1785 restituere
1502 1754 1646 1785 debeant
1686 1756 1786 1794 atque
1824 1756 2012 1794 procurent.

190 1819 350 1860 Alioquin
376 1821 491 1850 contra
518 1827 636 1849 omnes
661 1820 691 1849 et
718 1817 872 1858 singulos
898 1818 1015 1848 horum
1043 1819 1232 1848 nostrorum
1271 1817 1502 1847 mandatorum
1540 1818 1789 1856 contemptores
1814 1818 1845 1847 et
1871 1816 2013 1847 rebelles

189 1882 521 1914 excomunicacionis
547 1881 751 1912 sentenciam
779 1889 838 1920 pro
864 1879 1021 1910 tribunali
1060 1879 1217 1910 sedentes
1254 1878 1456 1919 proferimus
1483 1880 1513 1910 in
1540 1879 1593 1910 his
1619 1879 1763 1919 scriptis.
1800 1878 2005 1909 Mandantes

190 1945 290 1976 vobis
308 1946 338 1976 et
357 1944 501 1985 singulis
528 1946 674 1975 vestrum
702 1945 736 1974 ut
761 1951 874 1983 supra,
901 1944 1068 1982 quatenus
1093 1942 1230 1982 elapsos
1257 1942 1383 1973 dierum
1411 1942 1602 1982 quindecim
1631 1942 1742 1982 spatio
1769 1942 2012 1982 suprascripto,

191 2007 340 2048 prefatos
367 2007 484 2037 horum
513 2008 703 2037 nostrorum
731 2005 964 2036 mandatorum
999 2007 1249 2044 contemptores
1274 2006 1305 2035 et
1330 2004 1483 2042 rebelles,
1511 2005 1541 2035 in
1569 2003 1727 2044 prefactis
1768 2004 1920 2035 ecclesiis
1958 2013 2014 2034 ve-

191 2069 280 2107 stris,
307 2069 338 2100 in
365 2068 533 2100 similibus
560 2068 737 2099 missarum
764 2067 974 2107 solempniis,
1001 2066 1134 2106 publice
1160 2067 1437 2098 excomunicatos
1463 2067 1664 2097 denunciare
1683 2067 1816 2104 curetis,
1835 2066 2010 2106 campanis

192 2131 347 2172 pulsatis,
373 2126 537 2162 candellis
562 2130 714 2161 accensis
741 2130 772 2161 in
799 2131 917 2160 terram
944 2129 1103 2169 proiectis
1130 2129 1252 2169 pariter
1277 2130 1307 2159 et
1336 2129 1505 2167 extinctis,
1524 2131 1558 2160 ut
1577 2129 1679 2160 moris
1709 2129 1834 2160 existit.
1860 2127 2011 2166 Quorum

191 2195 340 2225 omniurn
367 2194 622 2225 absolucionem
650 2193 750 2224 nobis
776 2192 827 2223 vel
855 2192 1018 2233 superiori
1057 2200 1280 2223 reservamus.
1323 2191 1354 2222 ln
1397 2200 1539 2232 quorum
1565 2192 1806 2228 testimonium,
1848 2193 1907 2222 etc,
1936 2190 2010 2222 Dat.

194 2255 297 2297 Papie
317 2257 347 2287 in
367 2256 528 2287 canonica
563 2255 755 2296 supradicte
788 2255 928 2286 ecclesie
962 2254 1099 2285 maioris
1133 2252 1248 2294 papie,
1274 2254 1327 2285 die
1354 2254 1461 2294 primo
1481 2253 1611 2291 Marcii,
1645 2252 2014 2290 MCCCCLXXXXlll,

194 2319 362 2350 indicione
389 2318 575 2350 undecima.
602 2317 645 2348 lo.
673 2317 842 2348 Matlieus.

958 2489 1247 2529 DLXXVI.

283 2602 311 2630 11
337 2602 454 2630 nobile
480 2601 656 2630 Giovanni
682 2601 726 2629 da
753 2599 881 2629 Pescia
907 2599 1026 2635 elegge
1052 2599 1086 2626 la
1112 2607 1176 2626 sua
1203 2597 1383 2634 sepoltura
1409 2606 1428 2625 a
1455 2598 1490 2626 S.
1522 2597 1704 2625 Mostiola.

831 2695 968 2720 1493
976 2709 988 2725 â€š
1019 2700 1126 2718 nltn
1133 2700 1224 2719 rzo
1235 2708 1248 2724 9
1279 2693 1369 2718 20.

763 2784 840 2807 (Î‘Î¹-Ï‚Î™Î¹,
858 2784 911 2804 Not.
928 2783 949 2803 di
968 2782 1037 2803 lâ€™avia
1053 2793 1077 2796 k
1094 2782 1141 2803 Atti
1158 2781 1179 2801 di
1197 2781 1317 2802 Leonardo
1334 2781 1445 2806 Buscati).

214 2869 216 2903 l
235 2868 437 2904 'â´â€˜â€œâ€˜â€”l

214 2907 216 2963 l
266 2917 389 3034 N
435 2909 533 2962 {ELLA
558 2930 669 2962 chiesa
693 2929 729 2961 di
752 2928 785 2961 S.
811 2928 967 2960 Lorenzo.
999 2927 1205 2958 Testamento
1231 2926 1284 2957 del
1307 2926 1382 2957 nob.
1411 2925 1576 2966 Giuseppe
1601 2926 1640 2957 de
1665 2925 1785 2961 Pissia,
1813 2925 1866 2956 del
1888 2924 1923 2963 su
1948 2925 2017 2956 An-

214 2966 218 3090 *
465 2993 563 3028 Ionio,
590 2991 748 3023 cittaclitio
773 2990 808 3022 cliÎ‡
831 2990 948 3026 Î¡Î±Î½á½·Î±,
975 2989 1027 3021 col
1050 2988 1157 3029 quale,
1176 2990 1327 3019 revocato
1345 2988 1369 3019 il
1385 2989 1578 3019 testamento
1590 2987 1680 3028 fatto
1698 2987 1733 3018 Î±Î¹â€™
1746 2987 1770 3017 2
1785 2988 1903 3026 agosto
1922 2986 1961 3017 14
1967 2986 2016 3023 75,

465 3054 577 3096 ellegit
601 3056 633 3086 et
657 3054 769 3095 ellegit
794 3053 858 3085 sibi
885 3052 1090 3093 sepulturam
1118 3052 1149 3082 in
1175 3050 1315 3082 ecclesia
1330 3052 1444 3081 sancte
1463 3049 1624 3081 Mustiole
1643 3048 1757 3089 papie,
1777 3048 1831 3079 ubi
1850 3048 2016 3079 cadavera

1982 3118 2007 3136 Â»11
