2347 3444
339 236 359 267 6

337 369 378 400 de
404 368 595 401 Comitibus
621 370 774 401 sindicus
800 373 830 401 et
856 373 1063 410 procurator,
1100 372 1161 401 etc.
1196 372 1383 410 presentem
1423 370 1623 410 peticionem
1661 371 1839 411 dirigendo
1875 374 1990 403 contra
2027 374 2058 403 et
2094 372 2154 403 ad-

337 440 456 463 versus
482 433 701 464 reverendum
728 435 854 472 patrem
881 435 912 464 et
939 432 1149 463 venerabiles
1176 432 1266 463 viros
1291 432 1449 463 dominos
1475 431 1652 470 Abbatem,
1671 430 1876 471 Canonicos,
1895 435 1955 464 etc.
1981 430 2153 474 (exponit)

335 494 421 525 idem
450 494 561 526 Frater
587 494 768 531 Lucliinus,
795 497 855 525 etc.
882 494 973 534 quod
1001 494 1138 534 predicti
1166 494 1291 525 domini
1319 493 1436 526 Abbas
1462 497 1492 526 et
1519 493 1693 532 Canonici,
1719 497 1780 526 etc.
1808 496 1942 532 liabent,
1972 498 2086 527 tenent
2121 498 2152 528 et

335 557 511 596 possident
548 557 719 596 quoddam
757 556 908 587 sedimen
936 555 1124 587 tabularum
1167 558 1311 595 quatuor
1336 556 1377 588 de
1403 565 1471 596 quo
1498 557 1528 587 in
1556 557 1717 597 rescripto
1743 559 1774 588 et
1800 557 1917 588 litteris
1954 558 2152 598 apostolicis

333 619 366 650 fit
394 619 526 655 mentio;
553 619 696 649 situm...
717 619 747 648 in
768 617 866 649 Porta
886 617 1061 649 Laudensi
1089 618 1120 648 in
1147 619 1306 658 parochia
1333 619 1438 649 sancti
1459 618 1535 656 Viti,
1561 619 1613 650 cui
1640 619 1784 656 coneret,
1808 621 1870 650 etc.
1897 619 1987 659 quod
2015 620 2150 659 quidem

332 681 482 711 sedimen
501 683 551 711 est
571 681 798 711 necessarium
817 680 858 710 ad
878 680 1056 710 comodum
1076 682 1106 711 et
1125 688 1221 711 usum
1242 680 1390 720 ipsorum
1411 679 1546 717 Prioris,
1567 680 1726 718 Fratrum,
1746 678 1892 720 Capituli
1908 683 1939 712 et
1954 679 2151 713 Conventus

331 748 361 774 ct
382 752 445 773 non
465 744 529 773 tam
549 743 589 773 ad
610 743 824 774 incomodum
853 743 1001 782 ipsorum
1029 742 1240 773 dominorum
1268 741 1412 774 Abbatis
1430 746 1461 774 et
1480 741 1730 774 Canonicorum
1772 743 1963 774 monasterii
1991 743 2148 775 antedicti

331 814 430 844 quain
449 802 506 843 (ad
526 802 721 843 comodum)
740 805 889 844 ipsorum
909 805 1121 835 dominorum
1148 803 1274 835 l’rioris
1292 807 1323 835 et
1343 804 1490 836 Fratrum
1511 807 1541 836 et
1560 807 1657 845 prout
1676 814 1735 845 per
1752 805 1966 836 summariam
1994 805 2151 837 informa-

329 867 458 898 cionem
475 876 533 906 per
548 875 609 898 vos
624 867 862 898 assumendam
879 867 909 897 in
925 875 1086 907 processu
1104 867 1191 897 clare
1207 866 1385 906 patebit‚et
1399 866 1439 898 ad
1456 867 1551 898 cuius
1567 867 1742 897 sediminis
1758 867 1990 898 vendicionem
2006 867 2149 899 fiendam

329 929 414 969 ipsis
441 928 545 960 Priori
573 932 603 960 et
630 929 802 960 Fratribus
822 929 955 960 nomine
974 929 1052 960 dicti
1073 927 1220 969 Capituli
1241 930 1272 960 et
1290 926 1489 960 Conventus
1508 937 1549 960 ex
1569 927 1690 968 (forma
1709 929 1855 960 iamdicti
1897 929 2074 969 apostolici
2100 938 2151 961 re-

327 990 460 1031 scripti)
487 991 619 1022 liabetis
645 994 676 1022 et
702 991 833 1022 debetis
859 992 1057 1022 auctoritate
1083 991 1272 1031 apostolica
1299 991 1501 1031 compellere
1527 993 1557 1022 et
1585 1000 1702 1031 urgere
1729 1000 1788 1031 pro
1815 991 1903 1022 iusto
1940 992 2055 1031 precio
2092 1000 2151 1032 per

327 1062 389 1084 vos
416 1054 590 1091 tassando,
616 1054 725 1085 dictos
751 1054 908 1084 dominos
935 1053 1112 1090 Abbatem,
1139 1051 1344 1091 Canonicos,
1371 1056 1432 1084 etc.
1461 1053 1600 1093 Insuper
1625 1062 1700 1085 cum
1727 1055 1802 1085 ante
1829 1053 1948 1085 faciem
1968 1053 2076 1094 ipsius
2095 1062 2150 1086 ec—

326 1117 426 1148 clesie
453 1117 495 1148 sit
521 1117 657 1157 quidam
686 1117 790 1153 locus,
824 1117 879 1156 qui
886 1142 1025 1147 .............
1053 1117 1126 1147 loco
1152 1118 1221 1147 erat
1247 1118 1277 1147 et
1302 1116 1362 1147 fuit
1389 1125 1427 1147 ac
1454 1124 1531 1147 esse
1567 1116 1668 1147 debet
1705 1118 1735 1147 et
1765 1116 1924 1147 continuo
1951 1125 2147 1156 permanere

325 1179 462 1219 quidam
490 1187 603 1210 murus
630 1179 671 1210 de
697 1181 842 1219 quatuor
867 1179 962 1210 testis
988 1178 1029 1210 de
1057 1178 1229 1218 lapidibus
1255 1180 1286 1209 et
1312 1178 1449 1215 calzina,
1475 1187 1551 1209 cum
1579 1187 1643 1209 una
1670 1180 1766 1218 porta
1792 1178 2148 1215 condecenti‚distans

326 1251 344 1272 a
371 1241 455 1273 facie
481 1242 590 1281 ipsius
616 1241 759 1272 ecclesie
786 1250 844 1281 per
870 1241 1006 1272 brachia
1034 1240 1193 1271 tredecim
1232 1240 1324 1270 iuxta
1330 1265 1502 1270 ................
1541 1242 1705 1271 sertorum
1733 1240 1763 1270 in
1791 1240 2083 1271 convencionibus
2116 1241 2147 1271 et

325 1303 612 1334 transactionibus
638 1303 722 1334 alias
748 1302 845 1334 factis
871 1304 902 1334 et
928 1302 1018 1333 initis
1045 1302 1128 1333 inter
1154 1304 1267 1342 partes
1293 1302 1442 1339 easdem,
1468 1301 1510 1333 de
1536 1301 1660 1342 quibus
1687 1302 1758 1333 suis
1785 1302 1859 1333 loco
1885 1304 1916 1333 et
1941 1303 2090 1342 tempore
2116 1302 2147 1333 in

325 1374 487 1406 processu
514 1365 602 1396 clare
629 1365 766 1405 patebit,
793 1365 973 1404 dictusque
1001 1373 1115 1395 murus
1141 1364 1197 1404 qui
1225 1364 1348 1395 ibidem
1375 1366 1444 1395 erat
1470 1372 1544 1394 cum
1572 1373 1637 1395 una
1663 1365 1758 1404 porta
1785 1372 1969 1395 marmorea
1974 1389 2146 1396 ................

324 1428 480 1468 diruptus
506 1430 536 1459 et
563 1436 670 1467 usque
696 1427 738 1458 ad
766 1426 1019 1458 fondamentum
1046 1427 1241 1472 extripatus
1261 1435 1320 1466 per
1345 1427 1440 1466 ipsos
1466 1426 1623 1457 dominos
1660 1425 1838 1463 Abbatem,
1875 1424 2079 1464 Canonicos,
2116 1428 2148 1459 et

324 1488 518 1530 Capitulum
545 1490 623 1520 dicti
651 1490 856 1526 monasterii,
883 1498 943 1520 seu
969 1489 1055 1520 alios
1081 1497 1195 1520 eorum
1235 1489 1380 1526 nomine,
1419 1489 1577 1520 mandato
1603 1490 1634 1519 et
1659 1488 1853 1520 voluntate:
1880 1488 1919 1520 Et
1945 1489 2044 1520 etiam
2070 1498 2145 1520 cum

325 1561 407 1583 usus
434 1552 579 1584 clavium
606 1552 692 1583 dicte
698 1577 837 1583 .............
865 1554 1038 1592 pactorum
1058 1554 1088 1583 et
1114 1551 1376 1583 conventionum
1404 1553 1434 1582 et
1460 1551 1733 1589 transactionum,
1762 1551 1803 1582 de
1829 1551 1954 1591 quibus
1972 1559 2085 1591 supra,
2104 1552 2146 1583 sit

325 1615 490 1652 comunis,
516 1615 557 1646 de
584 1615 709 1655 quibus
747 1615 841 1652 atrio,
868 1623 972 1652 muro,
1000 1616 1031 1646 et
1058 1623 1119 1645 usu
1147 1614 1292 1645 clavium
1320 1614 1351 1644 in
1377 1613 1542 1653 rescripto
1567 1615 1599 1644 et
1629 1613 1746 1644 litteris
1784 1612 1901 1653 prefati
1939 1613 2144 1645 sanctissimi

325 1676 459 1708 Domini
487 1678 590 1709 nostri
618 1676 710 1717 Pape
737 1677 878 1708 habetur
905 1677 1035 1708 mencio
1062 1676 1222 1717 specialis
1227 1701 1355 1707 ............
1383 1675 1496 1707 Frater
1514 1675 1685 1707 Lucninus
1703 1676 1794 1707 dicto
1812 1675 1994 1707 sindicario
2014 1678 2044 1707 et
2069 1685 2146 1716 pro—

324 1740 492 1771 curatorio
519 1740 651 1771 nomine
677 1748 695 1770 a
722 1739 821 1770 vobis
846 1739 985 1770 domino
1000 1738 1134 1770 Vicario
1149 1740 1359 1778 exequutore
1377 1737 1533 1778 delegato
1551 1740 1581 1769 et
1600 1740 1839 1769 conservatore
1865 1738 2046 1777 antedicto,
2064 1738 2147 1779 petit

324 1805 354 1834 et
382 1803 519 1842 requirit
545 1804 713 1842 quatenus
739 1801 952 1842 compellatis
978 1804 1008 1833 et
1034 1801 1237 1841 compellere
1264 1801 1417 1832 debeatis
1443 1800 1614 1840 predictos
1640 1800 1796 1831 dominos
1831 1799 2007 1838 Abbatem,
2034 1798 2147 1832 Cano-

325 1866 430 1902 nicos,
457 1867 517 1896 etc.
543 1865 586 1896 ad
613 1864 841 1895 venditionem
867 1864 1011 1895 fiendam
1039 1864 1079 1895 de
1105 1864 1204 1895 dictis
1230 1865 1374 1903 quatuor
1399 1863 1524 1894 tabulis
1558 1863 1652 1894 iuxta
1688 1862 1827 1894 formam
1854 1864 1884 1894 et
1910 1862 2030 1894 seriem
2067 1862 2146 1894 dicti

325 1928 476 1968 rescripti
503 1929 535 1958 et
560 1927 601 1958 ad
629 1926 860 1958 refficiendum
887 1926 1013 1957 dictum
1040 1935 1169 1957 murum
1196 1928 1227 1957 et
1253 1927 1383 1965 portam
1410 1925 1441 1956 in
1468 1924 1574 1956 forma
1579 1950 1684 1956 ..........
1704 1925 1905 1965 opportunis
1924 1926 1955 1956 et
1973 1925 2146 1956 consuetis

325 1991 369 2021 ibi
397 1992 559 2030 perpetuo
586 1998 854 2030 permansurum,
880 1998 955 2020 cum
983 1989 1055 2029 ipse
1081 1988 1182 2020 frater
1207 1988 1379 2019 Luchiuus
1405 1988 1638 2028 suprascripto
1664 1987 1847 2019 sindicario
1866 1989 1897 2018 et
1915 1987 2146 2028 procuratorio

326 2053 460 2083 nomine
486 2052 603 2083 offerat
629 2060 665 2083 se
691 2054 843 2092 paratum
871 2051 1082 2082 contribuere
1109 2050 1150 2082 ad
1178 2050 1389 2082 medietatem
1415 2058 1643 2090 expensarum
1669 2049 1855 2081 fiendarum
1875 2058 1935 2089 pro
1954 2049 2142 2081 reffectione

324 2115 489 2146 dictorum
516 2115 598 2145 muri
625 2116 655 2145 et
681 2116 775 2154 porte
801 2116 831 2145 et
857 2113 947 2154 quod
975 2113 1176 2144 comunibus
1202 2113 1365 2152 expensis
1391 2112 1540 2152 ipsarum
1567 2112 1717 2152 parcium
1751 2111 1808 2143 fiat
1845 2111 1937 2142 iuxta
1975 2111 2148 2143 continen-

325 2177 411 2208 ciam
439 2177 620 2208 litterarum
647 2176 911 2216 apostolicarum
938 2176 979 2207 de
1005 2176 1131 2216 quibus
1157 2183 1270 2215 supra,
1297 2177 1328 2206 et
1354 2174 1445 2215 quod
1472 2175 1570 2206 etiam
1597 2174 1818 2212 sententietis‚
1851 2174 2082 2214 pronuncietis
2116 2175 2146 2205 et

324 2239 504 2270 declaretis
532 2247 628 2270 usum
655 2239 801 2270 clavium
828 2241 998 2278 portarum
1025 2238 1113 2269 dicte
1139 2237 1282 2269 ecclesie
1307 2245 1384 2268 esse
1411 2245 1587 2268 comunem
1613 2236 1776 2268 dictarum
1812 2236 1965 2276 pai-tium,
1992 2244 2052 2267 nec
2079 2245 2145 2267 non

326 2310 422 2332 usum
449 2301 527 2332 dicti
554 2301 626 2332 atrii
654 2301 885 2341 pronuncietis
911 2300 981 2332 fore
1008 2302 1039 2332 et
1057 2308 1134 2331 esse
1153 2308 1330 2331 comunem
1356 2299 1520 2330 dictarum
1548 2299 1698 2339 parcium
1725 2300 1756 2330 et
1782 2298 1866 2339 ipsis
1893 2298 2046 2338 partibus
2072 2307 2147 2338 per—

326 2366 428 2404 petuo
455 2364 485 2394 in
505 2363 742 2395 comunitatem
769 2366 922 2403 spectare
941 2364 971 2394 et
990 2363 1155 2403 pertinere
1182 2363 1275 2393 iuxta
1302 2362 1542 2393 continentiam
1561 2363 1748 2401 pactorum,
1767 2360 2039 2398 conventionum,
2058 2361 2147 2392 tran-

325 2427 514 2457 sactionum
541 2428 571 2457 et
598 2426 778 2458 litterarum
805 2425 1068 2465 apostolicarum
1095 2425 1136 2456 de
1162 2425 1288 2465 quibus
1314 2433 1426 2464 supra.
1454 2423 1607 2455 predicta
1633 2425 1751 2464 petens
1778 2431 1837 2463 per
1851 2431 1912 2454 vos
1930 2423 1999 2454 fieri
2019 2424 2050 2454 et
2068 2431 2148 2454 exe-

325 2488 478 2528 quutioni
517 2487 666 2519 mandari
705 2487 829 2518 debere
867 2487 1059 2525 summarie,
1097 2487 1296 2527 simpliciter
1321 2488 1352 2518 et
1389 2487 1429 2518 de
1463 2486 1575 2527 plano,
1609 2486 1681 2517 sine
1719 2485 1860 2525 strepitu
1898 2487 1929 2516 et
1954 2485 2060 2525 figura
2097 2485 2147 2516 iu-

325 2550 413 2581 dicii.
441 2549 479 2581 Et
505 2550 593 2587 inde,
619 2552 690 2581 etc..
1325 2579 1338 2591 ,

416 2674 487 2705 Nos
514 2674 680 2705 Henricus
706 2674 901 2714 prepositus
927 2675 957 2705 et
982 2675 1172 2713 exequutor
1198 2682 1257 2704 seu
1284 2673 1462 2714 delegatus
1489 2674 1522 2703 ut
1547 2680 1649 2712 supra
1676 2672 1707 2702 in
1734 2671 1847 2703 causis
1863 2673 1894 2702 et
1909 2671 2060 2712 negociis
2086 2671 2147 2702 hu-

327 2737 471 2768 iusmodi
499 2738 529 2767 et
555 2736 596 2767 ad
624 2736 778 2776 singulos
815 2738 911 2767 actus
949 2736 1131 2767 eorundem
1170 2735 1334 2776 gradatim
1361 2737 1391 2766 et
1417 2734 1615 2766 successive
1653 2733 1887 2773 procedentes,
1926 2732 2145 2764 reverendum

327 2802 455 2840 patrem
482 2798 654 2829 dominum
692 2797 858 2829 Abbatem
885 2806 944 2828 nec
971 2806 1036 2828 non
1063 2795 1268 2835 Canonicos,
1306 2805 1470 2838 personas
1496 2798 1527 2828 et
1553 2797 1756 2827 conventum
1783 2803 1841 2827 seu
1869 2795 2052 2835 capitulum
2078 2803 2148 2826 mo-

328 2862 463 2894 nasterii
490 2861 597 2892 sancti
624 2859 712 2892 Petri
740 2861 770 2891 in
797 2860 870 2891 celo
896 2868 997 2891 aureo
1024 2860 1199 2900 papiensis
1225 2860 1303 2891 dicti
1331 2858 1469 2891 Ordinis
1506 2858 1612 2889 sancti
1650 2857 1830 2898 Augustini
1858 2857 1889 2888 in
1916 2857 2033 2889 litteris
2059 2856 2144 2897 ipsis

328 2934 370 2957 ex
397 2924 541 2956 adverso
568 2922 798 2963 principaliter
823 2922 1024 2959 nominatos,
1051 2922 1143 2953 citari
1171 2922 1312 2953 fecimus
1337 2921 1557 2961 solempniter
1581 2922 1612 2951 et
1639 2920 1760 2960 requiri
1780 2921 1814 2950 ut
1832 2919 1874 2951 ad
1893 2918 2145 2960 procedendum

329 2988 359 3018 in
387 2986 500 3018 causis
537 2988 568 3017 et
605 2985 757 3025 negociis
795 2984 988 3015 huiusmodi
1015 2986 1046 3015 et
1072 2984 1112 3015 ad
1152 2984 1307 3025 singulos
1343 2985 1440 3015 actus
1479 2982 1662 3014 eorundem
1700 2982 1864 3023 gradatim
1891 2983 1923 3013 et
1948 2980 2147 3013 successive

328 3058 440 3081 coram
467 3048 565 3079 nobis
592 3047 738 3088 legitime
763 3055 957 3087 comparere
983 3046 1143 3078 deberent
1170 3046 1200 3077 in
1227 3046 1327 3077 certis
1352 3044 1560 3077 successivis
1597 3044 1748 3075 terminis
1786 3043 1925 3084 prefixis
1950 3042 2089 3080 eisdem,
2115 3042 2146 3073 in

328 3111 457 3152 quibus
483 3110 633 3142 terminis
659 3117 861 3149 comparens
886 3117 997 3140 coram
1024 3109 1123 3140 nobis
1149 3109 1302 3140 sindicus
1328 3108 1360 3139 et
1385 3107 1582 3147 procurator
1607 3106 1819 3137 dominorum
1857 3105 2010 3141 Abbatis,
2037 3101 2149 3136 Cano-
