2347 3444
293 208 337 239 24

289 341 366 373 tatis
392 340 540 382 papie...
567 340 644 372 Item
671 341 727 372 dat
752 343 783 372 et
808 341 896 382 legat
922 341 996 372 loco
1022 339 1209 371 intermarie
1235 339 1397 379 deputato
1423 339 1455 369 in
1482 338 1634 378 predicto
1671 337 1744 369 loco
1781 338 1887 369 sancti
1926 336 2105 378 Augustini

289 403 409 435 lectum
437 412 538 434 unum
565 403 606 434 de
632 403 720 434 tellis
746 405 900 443 quatuor,
926 411 1001 434 cum
1030 401 1203 442 plumatio,
1231 400 1495 432 lentuaminibus
1520 399 1657 430 duobus
1683 402 1714 430 et
1741 399 1930 439 copertorio
1969 408 2035 430 uno
2061 399 2102 430 ad

290 473 387 497 usum
414 465 601 497 infermarie
628 455 786 505 predicte.
815 464 892 496 Item
919 464 1010 495 dedit
1036 466 1067 495 et
1094 463 1249 503 legavit...
1276 462 1384 493 eidem
1411 461 1548 492 domino
1575 460 1664 492 fratri
1685 459 1784 492 Petro
1809 461 1956 492 florenos
1974 462 2106 492 centum

290 528 516 568 septuaginta,
531 527 781 558 convertendos
808 527 838 557 in
866 526 1128 558 necessitatibus
1147 525 1435 561 vestimentorum,
1454 523 1679 554 infirmitatum
1699 525 1730 554 et
1747 523 1979 554 alimentorum
1999 522 2108 563 ipsius

289 590 414 621 domini
441 589 550 620 fratris
577 588 664 620 Petri
691 592 721 620 et
749 589 779 619 in
806 589 891 619 alios
930 596 1018 619 uxus
1045 588 1154 619 licitos
1191 589 1221 618 et
1257 586 1441 627 permissos
1466 594 1484 616 a
1511 585 1602 622 iure;
1629 593 1689 625 pro
1715 584 1840 624 quibus
1865 584 2012 616 denariis
2038 584 2108 616 vult

289 656 318 684 et
345 652 494 692 disponit
519 654 549 682 et
576 651 665 682 iubet
692 651 802 690 ipsum
829 650 1001 681 dominum
1029 649 1160 681 fratrem
1189 648 1322 680 Petrum
1350 648 1419 679 fore
1438 650 1467 679 et
1486 656 1562 679 esse
1582 656 1736 678 securum
1757 655 1858 686 super
1875 646 1976 677 domo
1995 646 2102 686 ipsius

289 714 499 745 testatricis..
526 715 556 744 et
582 713 679 744 cuius
705 712 827 743 domus
854 711 1104 742 uxumfructum
1132 711 1205 751 ipsa
1232 711 1367 742 domina
1394 710 1545 741 testatrix
1574 709 1654 746 vult,
1673 709 1764 740 iubet
1779 711 1810 740 et
1825 708 1974 748 disponit
1994 708 2104 748 ipsum

289 775 461 806 dominum
488 774 620 804 fratrem
648 772 781 804 Petrum
810 773 932 804 habere
958 775 1028 803 toto
1054 775 1204 812 tempore
1232 773 1297 804 vite
1324 781 1394 809 sue,
1432 771 1695 803 convertendum
1723 771 1754 801 in
1781 771 1853 801 eius
1880 778 1968 801 uxus
1994 770 2104 801 licitos

289 841 320 869 et
345 846 363 868 a
391 837 458 868 iure
485 836 671 876 permissos
698 838 731 866 ut
757 843 870 875 supra,
896 837 927 866 et
953 834 1043 874 quod
1072 836 1147 874 post
1174 834 1353 866 decessum
1373 834 1446 866 eius
1461 834 1610 874 predicte
1636 833 1758 864 domus
1785 832 2006 863 uxusfructus
2032 841 2106 872 per-

289 900 400 930 veniat
427 899 457 929 in
484 898 667 938 capitulum
695 897 838 928 ecclesie
863 897 1029 928 antedicte
1057 896 1242 927 beatissimi
1260 895 1451 937 Augustini,
1478 905 1551 927 cum
1579 896 1641 927 hoc
1669 904 1769 926 onere
1795 894 1885 935 quod
1913 894 2022 934 ipsum
2049 902 2105 925 ca-

287 961 427 1001 pitulum
455 964 605 992 teneatur
630 962 661 991 et
687 960 807 990 debeat
833 959 923 989 omni
950 967 1039 989 anno
1065 958 1235 989 celebrare
1261 960 1293 989 et
1319 957 1428 989 facere
1454 966 1555 988 unum
1582 957 1748 994 annuaHe,
1776 959 1874 997 prout
1915 956 2017 987 moris
2042 958 2103 994 est,

288 1032 348 1064 pro
375 1023 482 1063 ipsius
509 1022 688 1053 testatricis
713 1025 743 1053 et
770 1021 847 1052 dicti
875 1021 1045 1061 quondam
1073 1020 1132 1051 viri
1160 1021 1211 1051 sui
1237 1020 1358 1051 anima.
1386 1019 1462 1051 ltem
1500 1019 1592 1051 dedit
1617 1022 1648 1051 et
1675 1019 1830 1059 legavit...
1869 1018 1932 1059 ipsi
1970 1018 2108 1049 domino

287 1085 376 1117 fratri
404 1084 502 1116 Petro
528 1085 602 1116 solo
628 1087 777 1124 tempore
805 1084 870 1114 vite
896 1091 956 1114 sue
982 1084 1108 1114 tantum
1136 1082 1386 1113 uxumfructum
1414 1082 1513 1113 unius
1539 1082 1676 1113 alterius
1702 1082 1823 1112 domus
1856 1083 1982 1112 murate
2001 1083 2032 1112 et
2050 1089 2106 1111 co-

288 1151 375 1187 pate‚
402 1147 510 1187 posite
537 1149 567 1178 et
594 1146 734 1177 iacentis
761 1146 790 1176 in
818 1143 984 1177 Citadella
1010 1144 1125 1185 Papie,
1152 1144 1417 1176 convertendum
1444 1152 1503 1184 per
1529 1144 1639 1184 ipsum
1666 1144 1697 1174 in
1724 1143 1796 1174 eius
1815 1151 1903 1174 uxus
1938 1142 2108 1182 predictos

287 1213 318 1241 et
344 1210 428 1241 alios
456 1209 565 1240 licitos
592 1212 624 1240 ut
651 1217 764 1248 supra;
790 1208 886 1239 salvo
912 1208 1003 1247 quod
1030 1207 1057 1238 si
1084 1209 1114 1238 et
1141 1207 1425 1247 quandocumque
1453 1206 1526 1246 ipsa
1551 1206 1673 1237 dornus
1699 1205 1909 1243 venderetur,
1928 1213 1987 1236 seu
2007 1205 2107 1236 vendi

287 1275 414 1313 posset,
441 1281 500 1312 pro
526 1271 620 1302 libito
647 1270 829 1301 voluntatis
856 1270 964 1310 ipsius
989 1269 1115 1300 domini
1143 1269 1252 1300 fratris
1279 1267 1378 1306 Petri,
1404 1268 1494 1308 quod
1523 1268 1631 1308 ipsius
1649 1268 1771 1299 domus
1793 1267 1934 1307 pretium
1953 1268 1985 1298 et
2003 1268 2107 1298 totum

287 1335 366 1365 illud
393 1334 484 1374 quod
512 1333 699 1370 baberetur,
725 1333 942 1372 dispensetur
967 1331 1176 1372 pauperibus
1203 1329 1327 1363 Christi
1355 1332 1385 1362 et
1412 1330 1534 1370 puellis
1561 1329 1768 1367 maritandis,
1794 1338 1855 1369 pro
1881 1329 1989 1369 ipsius
2008 1330 2109 1360 testa-

286 1397 376 1427 tricis
402 1399 432 1427 et
458 1396 537 1426 dicti
564 1395 734 1435 quondam
762 1394 867 1425 mariti
895 1394 945 1425 sui
972 1394 1094 1430 anima,
1120 1395 1151 1424 et
1178 1394 1240 1424 hoc
1266 1393 1307 1424 ad
1335 1392 1542 1423 voluntatem
1581 1391 1690 1432 ipsius
1715 1391 1842 1422 domini
1873 1390 1983 1422 fratris
2020 1389 2107 1422 Petri

286 1462 423 1490 tantum.
452 1457 529 1489 ltem
556 1457 728 1488 constituit
754 1459 786 1488 et
811 1456 1010 1487 ordinavit...
1038 1456 1148 1496 ipsum
1176 1455 1348 1486 dominum
1375 1454 1508 1486 fratrem
1546 1452 1680 1485 Petrum
1718 1454 1885 1494 presentis
1918 1453 2107 1484 testamenti

286 1522 337 1552 sui
365 1524 394 1552 et
421 1521 569 1551 omnium
596 1522 827 1551 contentorum
848 1519 878 1550 in
898 1519 973 1559 ipso
999 1518 1234 1550 comissarium
1254 1520 1284 1549 et
1303 1519 1564 1557 exequutorem;
1591 1516 1622 1547 in
1641 1516 1799 1547 omnibus
1817 1517 1928 1547 autem
1947 1515 2022 1546 aliis
2037 1515 2109 1547 suis

286 1584 385 1615 bonis
410 1583 474 1614 sibi
502 1582 657 1614 heredem
685 1581 922 1613 universallem
948 1581 1091 1612 instituit
1116 1580 1238 1611 dictam
1266 1579 1482 1611 Venturinam
1509 1579 1540 1610 in
1567 1587 1649 1610 casu
1675 1587 1743 1618 quo
1769 1586 1865 1609 suam
1885 1577 2107 1618 virginitatem

286 1646 482 1683 servaverit,
508 1647 539 1676 et
566 1645 597 1676 in
623 1653 704 1676 casu
731 1654 798 1685 quo
824 1653 860 1675 se
887 1643 1098 1675 matrimonio
1124 1642 1306 1683 copularet,
1332 1642 1441 1673 eidem
1468 1641 1641 1672 substituit
1667 1642 1697 1672 et
1723 1641 1799 1681 ipso
1824 1648 1905 1671 casu
1925 1639 1988 1671 sibi
2015 1639 2110 1671 insti-

287 1709 347 1740 tuit
374 1708 530 1740 heredem
558 1707 795 1754 universallem
822 1704 1010 1747 Collegium
1036 1705 1250 1736 Notariorum
1277 1703 1434 1736 Civitatis
1459 1702 1575 1744 Papie,
1602 1705 1664 1735 etc.

1093 1870 1293 1911 CXLII.

378 1984 429 2012 La
455 1984 642 2012 Duchessa
668 1983 702 2011 di
729 1982 862 2010 Milano
888 1990 905 2009 e
931 1981 955 2009 il
981 1981 1091 2009 Conte
1117 1980 1152 2008 di
1178 1979 1292 2008 Pavia
1310 1979 1537 2008 confermano
1556 1979 1589 2007 al
1607 1982 1808 2007 monastero
1827 1977 1862 2006 di
1880 1977 1915 2006 S.
1935 1976 2110 2013 Agostino

288 2037 320 2065 le
347 2037 572 2066 concessioni
598 2037 632 2065 di
658 2036 749 2065 Gian
775 2035 957 2064 Galeazzo
983 2033 1160 2062 Visconti.

940 2131 1099 2161 1403„
1130 2136 1352 2161 nnat-zo,
1383 2129 1460 2153 19.

782 2220 850 2245 (Bibl.
867 2220 933 2241 Univ.
950 2220 972 2240 di
989 2219 1059 2240 Pavia
1074 2230 1099 2233 —
1115 2218 1172 2240 Cod,
1189 2224 1210 2239 n.
1226 2218 1274 2244 428,
1291 2218 1395 2244 Pergam.
1412 2217 1434 2238 di
1450 2217 1472 2238 S.
1489 2217 1619 2243 Agostino).

369 2352 475 2467 D
538 2370 666 2398 UClSSA
693 2365 890 2403 Mediolani,
916 2368 978 2397 etc.
1006 2364 1110 2405 Papie
1136 2363 1362 2405 Anglerieque
1389 2361 1572 2395 Comitissa
1597 2370 1635 2393 ac
1662 2361 1825 2398 Bononie,
1852 2359 2017 2398 pisarum,
2052 2357 2111 2392 Se-

561 2437 675 2459 narum
702 2431 733 2460 et
759 2427 887 2459 Perusii
914 2427 1058 2459 Domine
1084 2429 1116 2458 et
1141 2425 1266 2458 Comes
1292 2424 1396 2466 Papie
1421 2434 1460 2456 ac
1487 2423 1654 2455 Dominus
1680 2422 1822 2460 Verone,
1848 2424 1909 2454 etc.

319 2525 324 2526 ⁷
649 2488 874 2522 Considerato
900 2489 1003 2530 quod,
1030 2498 1090 2529 per
1117 2489 1380 2520 illustrissimum
1407 2487 1577 2528 quondam
1596 2485 1738 2517 celebris
1757 2485 1915 2516 memorie
1937 2484 2110 2516 dominum

291 2550 490 2583 Consortem
518 2554 548 2583 et
574 2551 768 2583 Genitorem
796 2554 957 2590 nostrum,
991 2552 1076 2583 alias
1113 2559 1277 2583 concesse
1310 2550 1444 2582 fuerunt
1480 2547 1638 2589 Capitulo
1676 2549 1708 2579 et
1744 2545 1935 2580 Conventui
1974 2545 2113 2578 Ordinis

293 2614 532 2645 lleremitarum
560 2614 665 2645 sancti
694 2613 873 2655 Augustini
900 2614 1047 2646 civitatis
1074 2615 1185 2645 nostre
1211 2612 1327 2653 Papie,
1353 2612 1458 2643 littere
1484 2611 1610 2642 tenoris
1636 2609 1850 2650 infrascripti,
1876 2609 2052 2641 videlicet:

292 2675 364 2707 Nos
390 2674 556 2707 Dominus
583 2676 780 2713 Mediolani,
805 2675 883 2714 (etc.
912 2676 988 2707 vedi
1015 2676 1089 2707 doc.
1117 2685 1146 2706 n.
1173 2673 1259 2707 CXll
1288 2674 1352 2706 vol.
1380 2673 1401 2712 Ι,
1428 2682 1504 2714 pag.
1530 2670 1619 2711 201).

382 2737 542 2769 Volentes
569 2738 680 2777 itaque
708 2738 833 2769 litteras
860 2741 924 2769 tam
952 2738 1006 2778 pia
1032 2738 1208 2769 affectione
1234 2739 1264 2768 et
1290 2736 1451 2777 singulari
1477 2735 1658 2766 devotione
1684 2735 1775 2766 dicto
1793 2732 1951 2774 Capitulo
1970 2735 2001 2765 et
2023 2731 2114 2765 Con-

292 2800 405 2831 ventui
433 2808 625 2837 concessas,
651 2801 694 2831 ob
722 2801 939 2831 reverentiam
978 2801 1148 2840 precipue,
1186 2808 1286 2840 quam
1313 2800 1343 2830 et
1369 2806 1431 2829 nos
1456 2797 1498 2829 ad
1525 2797 1757 2829 beatissimum
1792 2795 2018 2837 Augustinum
2055 2804 2115 2836 ge-

293 2863 396 2894 rimus
421 2860 482 2902 (1),
508 2863 661 2894 effectum
689 2871 786 2894 suum
813 2863 922 2894 sortiri
948 2863 1082 2900 debere,
1109 2862 1317 2902 presentium
1343 2863 1468 2899 tenore,
1494 2859 1630 2892 easdem
1657 2859 1895 2891 confirmantes
1913 2860 1944 2890 et
1962 2858 2004 2889 de
2023 2866 2112 2889 novo

350 3004 380 3027 (1)
395 3002 482 3028 Queste
499 3003 577 3028 parole
593 3003 645 3023 edil
658 3004 736 3023 tenore
748 3002 769 3023 di
782 3004 844 3023 tuffo
855 3003 868 3023 il
880 3002 1020 3023 documento
1031 3002 1175 3023 dimostrano
1231 3001 1294 3022 tinua
1309 3000 1382 3021 anche
1397 2999 1418 3020 in
1435 3004 1515 3020 mezzo
1530 2998 1574 3019 alle
1590 2997 1733 3023 turbolenze,
1749 2997 1778 3018 da
1793 2996 1829 3018 cui
1845 2996 1879 3018 sin
1895 2996 1932 3017 dal
1947 2995 2060 3022 principio
2075 2995 2111 3017 del

297 3048 338 3068 che
355 3047 374 3067 ln
391 3046 452 3072 pieta
469 3047 504 3067 dei
529 3046 632 3067 visconti
656 3052 723 3067 verso
745 3046 759 3066 il
782 3046 868 3071 grande
891 3046 989 3067 Dottore
1011 3046 1033 3067 S.
1057 3046 1176 3071 Agostino,
1232 3045 1282 3066 loro
1297 3049 1400 3071 governo
1414 3043 1497 3064 turono
1513 3042 1638 3063 circondati
1654 3042 1675 3063 la
1692 3041 1812 3063 Duchessa
1827 3042 1937 3067 reggente
1947 3040 2064 3066 Caterina,
2075 3045 2112 3061 ve-

297 3091 374 3112 chiara
390 3096 431 3117 per
445 3091 474 3116 gli
490 3091 586 3116 esempii
602 3090 624 3110 di
640 3090 756 3111 Galeazzo
772 3090 788 3110 ll
805 3096 816 3111 e
832 3090 853 3110 di
872 3090 929 3111 Gian
951 3090 1075 3115 Galeazzo,
1091 3091 1109 3111 si
1125 3095 1179 3111 eon·
1233 3089 1293 3110 dova
1309 3089 1330 3109 di
1347 3088 1404 3109 Gian
1419 3087 1543 3112 Galeam,
1559 3086 1587 3107 ed
1603 3086 1616 3106 il
1633 3086 1695 3112 figlio
1711 3086 1801 3112 Filippo
1815 3085 1898 3112 Maria,
1914 3084 1988 3107 eonte
1999 3084 2021 3106 di
2033 3084 2111 3106 Pavia.
