2347 3444
1910 199 1962 229 121

945 373 1181 414 CCXCII.

241 476 347 505 Frate
373 477 595 506 Manfredino
621 479 665 507 da
692 480 890 509 Mombreto
916 490 935 509 a
961 491 1082 510 mezzo
1106 482 1141 510 di
1166 492 1210 511 un
1235 489 1464 519 procuratore
1489 486 1652 522 acquista
1679 487 1799 515 stabili
1819 488 1852 515 in
1872 489 1964 516 Sale.

796 575 949 607 1460,
979 577 1235 609 xxmzuggio,
1264 578 1341 604 19.

709 671 786 692 (Aren.
804 672 884 693 Notar.
901 673 923 693 di
941 673 1018 695 Pavia.
1037 685 1059 687 —
1076 674 1123 695 Atti
1140 674 1161 695 di
1180 675 1296 696 Lodovico
1313 676 1399 702 Leggi).

255 775 302 890 Ι
390 792 413 818 Ν
439 788 573 819 civitate
600 787 714 829 Papie,
741 790 897 822 videlicet
924 792 954 822 in
981 801 1112 824 camera
1139 793 1318 825 residentie
1346 795 1519 825 reverendi
1547 796 1651 834 patris
1670 796 1794 827 domini
1816 799 1963 837 magistri

383 887 384 890 J
412 850 615 882 Manfredini
642 851 683 882 de
710 851 902 884 Mombreto
939 852 1078 886 Ordinis
1116 855 1251 886 fratrum
1291 855 1533 887 Heremitarum
1565 858 1672 888 sancti
1699 857 1879 899 Augustini
1907 869 1966 900 pa-

162 947 163 950 *
367 906 384 951 J
412 913 550 953 piensis,
569 913 631 944 sita
651 913 681 943 in
701 916 869 944 conventu
897 916 1002 946 sancti
1023 915 1201 956 Augustini
1222 916 1369 957 Papie....
1391 916 1557 950 Giovamzi
1580 918 1724 951 Luclzino
1750 920 1789 951 cle
1815 920 1964 953 Malm'do

140 983 203 1014 per
228 975 291 1007 165
314 975 426 1006 ducati
449 975 481 1006 α’
494 983 561 1012 oro,
587 975 722 1006 ossiano
740 975 857 1015 fiorini
878 977 952 1012 400,
982 978 1082 1008 vende
1107 988 1127 1008 ιι
1153 978 1352 1019 Bergadano
1378 980 1417 1011 [le
1442 980 1612 1012 Muriculis
1637 990 1702 1012 una
1728 991 1808 1013 casa
1834 984 1865 1014 in
1885 983 1962 1015 Sale

146 1045 206 1068 con
232 1046 274 1068 zm
300 1046 442 1068 onnesso
468 1039 727 1077 appezzamento
753 1037 788 1069 cii
806 1040 914 1078 prato.
941 1038 1096 1071 Presente
1121 1050 1211 1072 come
1237 1043 1421 1073 testitnotn'o
1437 1053 1446 1074 .·
1473 1042 1585 1074 Fratre
1613 1043 1794 1076 Ambrosio
1821 1045 1861 1076 de
1889 1045 1961 1077 Me-

145 1098 282 1130 diolano
307 1099 376 1129 filio
402 1099 572 1139 quondam
600 1100 748 1140 magistri
776 1099 870 1131 Pauli
898 1110 938 1132 ex
966 1101 1125 1133 fratribus
1152 1104 1373 1144 suprascripti
1401 1106 1592 1136 monasterii
1619 1107 1726 1138 sancti
1754 1106 1945 1147 Augustini.

234 1160 349 1193 Subito
375 1161 461 1202 dopo
487 1161 686 1202 Bergaclano
712 1162 755 1194 αἰὶ
781 1163 971 1194 investitura
997 1164 1032 1195 cli
1055 1165 1135 1196 detti
1159 1165 1234 1196 beni
1258 1166 1292 1196 al
1316 1167 1464 1198 Mulm'do
1478 1177 1540 1208 per
1561 1168 1703 1208 l'affi‘tto
1730 1169 1764 1200 (li
1781 1169 1898 1209 fiorini
1926 1171 1966 1201 12

143 1222 326 1259 αΙΙάηηο;
364 1224 479 1263 quiricii
514 1224 662 1255 dicln'ara
688 1224 746 1256 che
771 1225 782 1256 i
805 1225 921 1256 denari
944 1226 987 1257 da
1013 1225 1059 1257 lui
1082 1229 1168 1258 usati
1191 1236 1252 1267 per
1273 1228 1305 1258 la
1331 1237 1492 1269 competo,
1531 1239 1595 1261 non
1635 1233 1712 1262 sunt
1738 1240 1780 1262 ex
1807 1232 1879 1262 suis
1904 1232 1963 1263 de-

142 1285 254 1322 nariis,
281 1286 341 1316 sed
368 1294 408 1316 ex
435 1286 582 1317 denariis
609 1287 671 1317 sibi
699 1287 908 1327 consignatis
935 1297 993 1328 per
1019 1289 1239 1320 reverendum
1271 1293 1398 1330 patrem
1432 1291 1604 1323 dominum
1644 1294 1838 1333 magistrum
1867 1294 1964 1325 Nlan-

140 1346 317 1385 fredinum,
343 1350 374 1379 et
400 1348 475 1379 ideo
500 1348 580 1379 dicit
606 1351 636 1380 et
662 1351 873 1381 contentatur
898 1350 988 1390 quod
1017 1351 1128 1382 lictum
1156 1353 1422 1392 suprascriptum
1443 1362 1575 1394 semper
1591 1356 1835 1395 respondeatur
1853 1357 1960 1388 eidem

140 1409 277 1439 domino
304 1410 463 1450 magistro
491 1410 706 1442 Nlanfredino
732 1412 788 1451 qui
815 1412 855 1443 de
881 1421 920 1443 eo
946 1412 1128 1453 disponere
1156 1415 1264 1453 possit
1291 1417 1388 1454 prout
1414 1416 1477 1446 sibi
1506 1416 1648 1454 libuerit,
1675 1420 1737 1449 etc.

914 1569 1176 1610 CCXCIII.

227 1676 254 1704 11
280 1677 528 1705 Protonotario
554 1677 729 1706 Giovanni
755 1678 898 1707 Stefano
925 1679 1115 1715 Bottigella
1141 1680 1260 1716 elegge
1286 1680 1296 1708 i
1323 1681 1399 1709 suoi
1425 1682 1645 1717 procuratori
1670 1691 1731 1718 per
1756 1683 1956 1711 rinunziare

138 1729 229 1757 nelle
256 1730 351 1758 mani
377 1731 433 1758 del
460 1731 637 1759 Pontefice
663 1732 686 1759 il
713 1732 876 1760 Priorato
902 1733 937 1760 di
963 1732 998 1761 S.
1027 1733 1137 1761 Paolo
1164 1733 1257 1761 della
1284 1734 1485 1763 Vernavola
1514 1735 1548 1762 di
1574 1736 1699 1764 Pavia.

803 1836 952 1868 1460,
981 1844 1016 1861 ει
1023 1838 1199 1868 gosto9
1229 1837 1306 1862 18.

701 1923 777 1946 (Ascli.
796 1924 875 1944 Notas.
893 1924 913 1944 di
932 1924 1008 1945 Pavia.
1026 1936 1050 1938 —
1066 1925 1112 1945 Atti
1129 1925 1150 1945 di
1168 1925 1287 1947 Lodovico
1313 1926 1398 1952 Leggi).

245 2044 292 2158 Ι
385 2063 408 2089 Ν
435 2059 568 2090 nomine
595 2058 739 2097 Domini,
767 2059 882 2091 Amen.
909 2059 1007 2091 Anno
1045 2061 1228 2092 nativitatis
1266 2062 1415 2093 eiusdem
1443 2063 1621 2094 millesimo
1647 2064 1956 2104 quadrigentesimo

406 2122 632 2162 sexagesimo,
659 2123 842 2154 indictione
868 2126 999 2161 octava,
1026 2124 1079 2155 die
1107 2124 1194 2161 lune,
1232 2124 1365 2155 decimo
1391 2127 1512 2155 octavo
1539 2125 1666 2156 mensis
1692 2124 1848 2165 Augusti,
1877 2126 1956 2156 liora

155 2181 213 2218 lm?
330 2218 334 2219 ⁷
376 2212 377 2219 ,
406 2192 502 2214 none.
530 2183 561 2214 ln
589 2182 733 2215 Civitate
760 2183 874 2224 Papie,
902 2185 1057 2216 videlicet
1084 2186 1114 2216 in
1142 2186 1288 2217 claustro
1315 2187 1506 2217 monasterii
1527 2185 1558 2218 S.
1579 2186 1781 2218 Bartolomei
1802 2187 1954 2218 instrata

139 2242 255 2284 Papie,
275 2245 305 2275 in
324 2246 397 2276 orto
423 2245 585 2283 eiusdem,
613 2247 706 2285 porte
722 2246 919 2287 Marenglie,
946 2248 1105 2286 parochie
1142 2248 1249 2279 sancti
1277 2247 1454 2279 Pancratii.
1483 2248 1514 2278 Iu
1542 2249 1603 2279 mei
1632 2248 1793 2280 Ludovici
1810 2250 1850 2280 de
1868 2249 1953 2289 Lege

138 2307 255 2337 notarii
291 2307 417 2347 publici
444 2309 475 2338 et
501 2308 635 2339 testium
674 2308 961 2348 infrascriptorum
989 2309 1030 2340 ad
1058 2309 1118 2341 liec
1146 2312 1340 2341 vocatorum
1379 2310 1570 2350 specialiter
1596 2312 1625 2341 et
1652 2314 1842 2351 rogatorum
1882 2321 1955 2351 pre-

137 2369 255 2400 sentia.
283 2368 501 2402 Reverendus
529 2370 559 2401 in
586 2368 722 2402 Christo
749 2373 843 2411 pater
868 2371 1026 2403 dominus
1060 2371 1225 2403 lohannes
1265 2370 1459 2412 Stephanus
1484 2373 1525 2403 de
1552 2372 1729 2413 Butigellis
1767 2372 1956 2404 Protliono-

136 2431 242 2462 tarius
267 2429 367 2463 Sedis
392 2432 590 2472 apostolice,
616 2434 647 2464 et
674 2432 825 2464 Ecclesie
851 2435 956 2464 sancti
988 2433 1082 2465 Pauli
1109 2434 1150 2464 de
1177 2433 1367 2465 Vernabula
1383 2432 1432 2473 (1)
1451 2436 1545 2465 extra
1571 2436 1602 2466 et
1629 2444 1733 2475 prope
1750 2435 1858 2466 menia
1874 2436 1955 2466 civi-

136 2493 213 2524 tatis
240 2494 389 2533 predicte
415 2496 523 2525 rector
548 2503 607 2526 seu
635 2495 735 2535 prior,
761 2495 919 2526 omnibus
946 2495 1140 2527 melioribus
1167 2496 1246 2533 iure,
1273 2496 1337 2533 via,
1363 2505 1464 2527 causa
1491 2498 1522 2527 et
1547 2496 1664 2535 forma,
1691 2497 1815 2537 quibus
1835 2497 1954 2528 melius

137 2555 245 2595 potuit
270 2557 300 2587 et
326 2557 447 2595 potest,
473 2557 554 2588 citra
580 2559 689 2588 tamen
717 2558 964 2589 revocationem
991 2557 1130 2589 aliorum
1158 2567 1294 2589 suorum
1314 2560 1567 2598 procuratorum
1586 2568 1644 2599 per
1663 2560 1772 2599 ipsum
1793 2560 1955 2591 hactenus

137 2618 393 2657 quomodolibet
430 2620 700 2657 constitutorum,
722 2606 846 2660 vsponte
872 2622 903 2651 et
928 2629 970 2651 ex
1008 2622 1096 2651 certa
1131 2621 1271 2652 scientia
1297 2620 1385 2658 fecit,
1412 2621 1595 2659 constituit,
1622 2622 1746 2653 creavit
1772 2624 1802 2653 et
1828 2622 1950 2653 solem-

138 2679 223 2711 niter
248 2680 426 2719 ordinavit,
453 2683 483 2712 et
510 2681 599 2720 facit,
625 2682 809 2720 constituit,
836 2684 925 2713 creat
951 2684 982 2713 et
1008 2682 1139 2714 ordinat
1168 2682 1380 2714 venerabiles
1406 2685 1436 2714 et
1462 2683 1727 2724 circumspectos
1764 2684 1855 2715 viros
1896 2684 1956 2715 do-

193 2844 224 2868 (1)
240 2845 270 2865 La
285 2844 368 2866 chiesa
384 2845 406 2865 di
422 2844 444 2866 S.
469 2845 548 2872 Paolo,
571 2846 635 2867 detta
659 2847 717 2867 della
740 2847 869 2868 Vernavola
892 2847 928 2867 dal
951 2853 1018 2867 nome
1073 2848 1107 2868 nel
1120 2847 1173 2873 qual
1189 2853 1249 2868 anno
1265 2850 1371 2874 appunlo
1387 2848 1400 2869 il
1416 2849 1493 2869 nobile
1512 2849 1599 2870 Pavese
1623 2849 1735 2870 Giovanni
1762 2848 1857 2869 Stefano
1878 2849 1950 2869 Botu-

139 2889 176 2910 del
192 2889 281 2915 piccolo
297 2889 366 2910 liunie
381 2890 422 2910 che
438 2891 457 2910 le
473 2896 581 2911 scorreva
597 2891 679 2912 vicino.
692 2891 852 2912 Anticamente
868 2897 906 2912 era
923 2897 966 2912 una
984 2892 1016 2912 di·
1071 2892 1129 2917 gella
1147 2892 1311 2913 Protonotario
1327 2893 1472 2918 Apus-ronco,
1490 2899 1502 2914 e
1521 2899 1579 2919 poco
1592 2894 1613 2914 di
1626 2894 1663 2919 poi
1676 2894 1781 2914 Vescovo
1793 2894 1814 2913 di
1827 2893 1948 2917 Cremona.

141 2933 260 2959 pendenza
282 2934 318 2954 del
341 2933 477 2955 Monastero
499 2934 622 2956 Cassinese
638 2935 660 2956 di
676 2934 698 2956 S.
715 2935 824 2960 cristina
840 2941 851 2956 e
868 2936 888 2956 vi
905 2935 1018 2956 risicdeva
1074 2936 1176 2957 rinuncir'i
1193 2937 1213 2957 la
1229 2936 1371 2958 Commenda
1387 2938 1445 2958 nelle
1461 2938 1520 2958 niani
1537 2938 1572 2958 del
1590 2938 1661 2964 Papa,
1678 2938 1761 2964 perche
1777 2938 1805 2958 ivi
1827 2940 1949 2963 pntesscw

140 2984 170 2999 un
187 2977 280 2999 Rettore
295 2978 367 2999 eletio
383 2984 423 3004 per
438 2979 459 2999 lo
475 2979 513 3005 piu
529 2979 562 3000 tra
578 2979 582 3000 i
599 2979 700 3000 Monaci.
717 2980 780 3000 Nella
796 2980 868 3006 prima
893 2980 954 3001 meta
976 2980 1012 3001 dcl
1067 2986 1135 3001 avere
1151 2981 1171 3001 la
1187 2981 1236 3001 loro
1251 2981 1307 3002 sede
1322 2981 1351 3007 gli
1367 2981 1521 3007 Agostiniani,
1537 2982 1541 3002 i
1559 2983 1620 3008 quali
1637 2982 1657 3003 vi
1674 2984 1798 3002 entrarono
1824 2981 1899 3002 ditatu
1912 2982 1946 3001 nel

140 3023 219 3043 secolo
235 3022 283 3043 XlV
299 3023 320 3043 la
336 3022 439 3044 Rettoria
455 3023 477 3044 tu
495 3025 583 3044 mutata
599 3024 620 3044 in
636 3023 1015 3050 Commenda,ritenendoilCorn-
1072 3025 1122 3046 1465
1137 3031 1178 3050 pcr
1193 3025 1343 3046 concessione
1359 3025 1380 3046 di
1398 3025 1469 3046 Paulo
1485 3026 1510 3046 ll,
1528 3026 1545 3046 Ε
1560 3026 1598 3051 qui
1615 3026 1718 3047 notianio
1730 3032 1795 3046 come
1807 3026 1820 3045 il
1832 3025 1947 3047 TORELLI.

141 3067 285 3088 mendatario
301 3067 314 3087 il
330 3067 397 3089 titolo
413 3067 434 3088 di
447 3067 532 3089 Priore.
543 3068 664 3090 Durarono
679 3068 727 3090 cosi
743 3069 762 3090 le
778 3074 832 3090 cose
854 3069 905 3090 sino
920 3069 941 3089 al
955 3069 1012 3094 1460,
1068 3069 1115 3090 vol.
1132 3069 1179 3094 Vll,
1196 3074 1248 3095 pag.
1267 3070 1311 3095 143v
1327 3075 1403 3096 ponga
1419 3070 1440 3090 la
1456 3070 1559 3091 rinunzia
1575 3070 1610 3091 del
1632 3070 1755 3095 Bottigella
1779 3070 1813 3090 nel
1838 3069 1895 3093 14ῡ4ς
1920 3069 1947 3090 cd

1919 3122 1942 3142 iG
