2347 3444
1919 159 1956 190 91

150 295 263 327 supra,
288 288 446 327 dampna,
473 288 634 319 interesse
660 290 690 319 et
716 297 887 328 expensas
914 297 972 328 per
998 288 1104 328 ipsam
1131 287 1301 318 dominam
1317 285 1531 319 Catiierinam
1559 297 1661 328 passa
1688 290 1718 319 et
1744 289 1850 320 factas
1871 291 1959 322 dieta

148 350 345 388 oceaxione‚
372 350 413 381 de
439 351 565 390 quibus
591 351 749 382 omnibus
775 351 864 382 dicta
890 350 1025 381 domina
1051 348 1233 382 Catnerina
1270 350 1380 381 dictos
1406 350 1563 381 dominos
1598 349 1744 382 Priorem
1772 354 1802 382 ct
1829 351 1959 383 Fratres

148 420 186 443 ac
213 410 426 443 Conventum
454 413 485 443 in
512 421 609 444 suum
638 413 757 450 locum⁷
784 413 836 444 ius
861 414 892 444 et
918 414 1040 444 statum
1067 412 1180 452 posuit
1206 414 1237 443 et
1263 412 1479 443 constituit...
1507 414 1568 443 etc.

917 586 1183 626 CCXLIV.

234 703 429 740 Quietanza
463 703 497 732 di
524 704 612 732 frate
638 704 792 732 Eusebio
819 704 860 732 de
886 704 1060 740 Leggieri,
1097 707 1324 740 procuratore
1350 704 1385 732 di
1412 704 1446 732 S.
1474 704 1659 740 Agosfino,
1686 714 1746 741 per
1776 714 1819 733 un
1850 705 1959 733 affitto

145 765 271 786 annuo.

824 853 957 883 1461,
986 853 1204 884 agosto,
1234 853 1273 877 1.

677 949 753 970 «Aren.
771 950 851 971 Notat.
868 950 889 970 di
907 950 976 971 Pavia
992 961 1016 964 ἡ
1032 950 1080 971 Atti
1096 950 1117 970 di
1134 950 1247 976 Agostino
1264 949 1422 976 Gravanagoi.

208 1150 332 1267 N
387 1169 477 1195 ELLA
502 1173 582 1196 casa
607 1164 856 1196 dell'avvocato
881 1164 1051 1196 Preottoni
1074 1165 1105 1196 in
1131 1164 1330 1196 Parrocchia
1355 1164 1390 1196 di
1414 1163 1446 1197 S.
1480 1165 1559 1196 Vito.
1587 1164 1699 1196 Frater
1714 1164 1888 1197 Euxebius
1915 1166 1956 1197 de

410 1225 549 1267 Ligeriis
574 1224 712 1257 Ordinis
739 1225 980 1257 Heremitarum
1007 1226 1112 1257 sancti
1141 1226 1318 1267 Augustini
1345 1227 1531 1267 papiensis,
1557 1235 1620 1259 suo
1645 1229 1677 1258 et
1702 1228 1878 1259 nomine...
1905 1237 1957 1259 ec-

155 1303 157 1323 i
409 1288 510 1320 clesie
536 1297 573 1319 ac
598 1287 734 1319 fratrum
761 1288 867 1319 sancti
894 1287 1073 1329 Augustini
1100 1289 1318 1329 papiensis...
1355 1289 1458 1320 riceve
1483 1289 1525 1320 da
1551 1288 1752 1321 Beltrami'no
1784 1289 1958 1330 Aliprcmdi

137 1350 200 1382 clue
224 1350 338 1382 sacelli
361 1350 396 1382 di
412 1350 579 1391 frumento
600 1359 661 1390 per
683 1349 791 1390 affitto
817 1350 852 1381 di
875 1359 917 1381 zm
942 1359 1029 1382 almo
1065 1351 1147 1391 oggi
1181 1351 1325 1391 spirante
1350 1351 1385 1382 di
1408 1359 1474 1382 una
1512 1351 1611 1391 vIgna
1636 1360 1653 1382 e
1678 1351 1712 1383 di
1735 1360 1777 1382 un
1798 1353 1895 1392 prato
1921 1352 1952 1383 in

137 1413 293 1444 territorio
319 1412 354 1444 di
377 1412 476 1444 Pieve
501 1412 555 1443 del
581 1411 687 1448 cairo,
714 1412 772 1443 che
797 1412 994 1453 l'Aliprcmdi
1029 1413 1164 1444 tenebat
1201 1413 1241 1444 ad
1280 1413 1392 1444 fictum
1427 1414 1625 1453 perpetuum
1651 1421 1669 1444 a
1695 1413 1867 1453 quondam
1894 1413 1955 1444 do-

137 1474 228 1506 mino
254 1474 443 1507 Rolandino
468 1474 510 1506 de
537 1474 735 1506 Fiambertis
761 1476 792 1505 et
818 1474 908 1514 quod
946 1475 1057 1505 fictum
1095 1476 1213 1515 postea
1250 1475 1388 1506 donavit
1422 1475 1589 1506 iamdictis
1615 1475 1819 1506 monasterio
1845 1478 1875 1506 et
1902 1484 1956 1506 ec-

137 1537 240 1568 clesie
267 1537 374 1569 sancti
400 1536 580 1578 Augustini
608 1537 723 1578 vigore
749 1537 938 1568 testamenti
978 1546 1036 1577 per
1072 1546 1147 1568 eum
1184 1537 1356 1568 dominum
1395 1536 1618 1570 Rolandinum
1652 1538 1777 1569 conditi
1804 1538 1953 1577 tempore

135 1599 202 1630 vite
227 1607 298 1637 sue,
325 1600 430 1640 rogati
458 1608 517 1639 per
542 1599 715 1631 dominum
742 1598 939 1630 Andriolum
965 1599 1006 1630 de
1032 1597 1260 1639 Guargualiis‚
1286 1601 1350 1631 etc.

922 1773 1163 1814 CCXLV.

225 1892 359 1927 Legato
384 1891 654 1920 testamentario
680 1891 715 1919 di
741 1891 832 1920 Gian
857 1891 1010 1920 Antonio
1037 1891 1134 1920 Ricci
1160 1900 1180 1919 a
1206 1892 1327 1920 favore
1353 1891 1388 1920 di
1415 1891 1450 1920 S.
1477 1891 1659 1920 Mostiola.

781 2014 932 2046 1462,
962 2020 1027 2038 112
1032 2021 1068 2038 ει
1073 2014 1218 2046 ggio,
1246 2014 1299 2039 8.

676 2111 752 2132 *Aren
770 2111 849 2132 Notat.
867 2111 888 2132 di
906 2111 983 2132 Pavia.
1000 2122 1024 2125 ἡ
1040 2110 1087 2131 Atti
1104 2111 1125 2131 di
1142 2110 1242 2131 Antonio
1259 2111 1416 2136 Lamperghii.

153 2263 375 2291 '—i

153 2307 155 2360 4
242 2314 291 2430 I
373 2314 404 2358 ζΝ
428 2335 509 2358 casa
533 2326 568 2358 di
590 2326 711 2359 Nicola
735 2326 789 2357 dei
815 2325 970 2366 Capitoni
993 2325 1028 2357 cii
1057 2325 1243 2357 Villanterio
1269 2325 1300 2357 in
1318 2324 1518 2357 Parroccfzia
1535 2325 1570 2357 di
1587 2325 1619 2358 S.
1639 2325 1683 2357 M.
1702 2325 1756 2357 dei
1775 2325 1868 2358 Cani.
1892 2326 1952 2357 Te-

153 2364 156 2483 1
373 2365 375 2439 ἱ
402 2390 562 2421 stamento
588 2388 623 2420 di
648 2387 734 2421 Gran
759 2388 901 2420 Antonio
928 2387 1020 2422 Ricci
1043 2387 1096 2419 del
1112 2387 1154 2427 su
1179 2387 1354 2424 Berlolino,
1382 2387 1434 2419 col
1456 2387 1554 2427 quale
1571 2387 1628 2419 dat
1646 2389 1676 2419 et
1695 2387 1783 2428 legat
1808 2387 1951 2420 ecclesie

162 2486 306 2488 *mc
374 2442 375 2482 ἶ
402 2453 434 2483 et
459 2449 649 2483 Conventui
676 2453 790 2483 sancte
818 2451 991 2482 Mustiolle
1017 2450 1133 2491 papie,
1159 2459 1220 2491 pro
1234 2451 1344 2482 anima
1363 2451 1468 2491 patris
1493 2452 1523 2482 et
1549 2451 1663 2482 matris
1682 2459 1742 2482 sue
1761 2452 1791 2482 et
1809 2450 1950 2482 aliorum

137 2513 370 2545 defunctorum
396 2522 545 2552 suorum,
571 2514 712 2545 sachum
739 2523 840 2545 unum
868 2514 1064 2554 papiensem
1090 2512 1256 2550 furmenti,
1282 2513 1371 2543 omni
1398 2521 1486 2544 anno
1505 2521 1613 2553 usque
1638 2512 1680 2544 ad
1707 2513 1821 2544 decem
1840 2521 1948 2544 annos

139 2576 291 2616 proxime
316 2576 446 2608 futuros
472 2578 550 2617 post
575 2576 648 2608 eius
674 2576 864 2613 decessum,
891 2576 1037 2616 grav‘ans
1062 2575 1218 2606 dominos
1244 2574 1393 2606 Priorem
1419 2577 1449 2607 et
1475 2574 1606 2607 Fratres
1631 2575 1782 2607 eiusdem
1809 2575 1951 2607 ecclesie

137 2638 179 2669 ad
205 2637 442 2670 celebrandum
468 2639 557 2669 omni
583 2647 672 2670 anno
698 2638 739 2670 de
766 2647 879 2670 mense
905 2638 1053 2669 octobris
1080 2646 1187 2677 usque
1214 2637 1254 2669 ad
1282 2637 1399 2669 decem
1425 2646 1533 2669 annos
1568 2647 1668 2669 unum
1688 2637 1835 2669 officium
1863 2646 1951 2668 inor-

138 2701 268 2731 tuorum
295 2709 356 2740 pro
381 2701 664 2732 comemoratione
691 2709 827 2732 suorum
855 2700 1100 2731 defunctorum.
