2347 3444
1944 193 2007 224 357

975 375 1260 416 DCXXXI.

284 486 312 514 Il
338 485 500 521 Capitolo
526 484 560 513 di
586 485 621 513 S.
649 485 819 513 Mostiola
845 485 1016 513 rinnuova
1041 484 1096 513 un'
1111 484 1322 513 investitura
1349 484 1381 512 al
1407 484 1484 514 nob.
1511 483 1686 512 Giovanni
1714 484 1897 512 Beccaria.

831 582 970 613 1400
978 605 991 621 ‚
1022 596 1127 614 1115]
1133 589 1224 620 agi
1231 596 1278 620 υ,
1308 589 1377 613 10.

759 678 836 700 (Arcu.
856 678 935 698 Nufar.
953 678 974 697 di
992 678 1061 698 Paviu
1078 689 1101 691 —
1118 677 1165 698 Ani
1182 677 1203 697 di
1220 677 1335 697 Maurizio
1352 677 1443 700 Pietra).

216 877 218 923 i
267 864 389 981 N
445 881 487 906 ΕΙ,
514 875 666 916 Capitolo
692 876 727 907 cii
750 875 781 907 S.
809 876 976 912 Mosliolu,
1002 876 1164 907 radunuto
1185 883 1246 915 per
1268 875 1379 906 orclitze
1413 874 1616 905 venerabilis
1642 874 1768 904 domini
1796 873 1906 904 fratris
1933 873 2017 904 Mel-

217 926 218 975 i
465 939 598 970 chionis
623 939 662 969 de
690 939 815 969 Lucino
843 938 968 969 Prioris
1006 939 1082 969 dicti
1118 940 1318 975 conventus,
1344 947 1360 969 e
1384 937 1438 968 nel
1461 937 1559 976 quale
1584 945 1683 967 erano
1709 936 1762 967 col
1786 936 1899 967 Priore
1924 937 1935 967 ι’
1960 945 2016 966 vc-

217 986 250 1040 iff
278 1039 281 1040 ⁷
427 1038 432 1039 ⁷
467 1002 633 1034 nerabiles
659 1002 783 1033 domini
811 1002 910 1033 frater
936 1001 1147 1042 Augustinus
1165 1002 1205 1032 de
1224 1001 1376 1037 Habiate‚
1396 999 1495 1030 frater
1514 999 1720 1030 {heronimus
1740 999 1779 1030 de
1799 998 2016 1035 Bastonibus‚

200 1066 299 1097 frater
324 1065 489 1096 Iohannes
516 1064 684 1095 Antonius
710 1064 750 1095 de
776 1064 960 1101 Quartiuis,
986 1064 1085 1095 frater
1112 1064 1312 1095 Vincencius
1339 1063 1378 1093 de
1406 1062 1516 1099 lanua,
1543 1061 1642 1092 frater
1669 1061 1959 1100 Mieliaeiangelus
1977 1061 2017 1091 de

201 1128 308 1166 Petra,
334 1127 434 1159 frater
460 1127 625 1158 Iohannes
652 1126 804 1167 Baptista
831 1127 870 1158 de
898 1126 1037 1157 Petra...
1064 1127 1377 1166 representantes....
1405 1124 1481 1164 plus
1499 1133 1598 1164 quam
1619 1124 1703 1154 duas
1722 1125 1833 1163 partes
1851 1123 2018 1154 extribus

201 1192 279 1222 dicti
306 1189 499 1230 Capituli...
525 1189 731 1220 considerato
757 1189 814 1220 clzc
840 1189 860 1220 Γ
875 1189 1063 1220 investitura
1087 1188 1145 1227 giu
1172 1188 1251 1219 data
1277 1187 1311 1218 al
1334 1186 1443 1218 nobile
1471 1185 1638 1218 Grovamn·
1670 1185 1827 1217 Beccaria
1853 1185 1906 1216 a'el
1930 1185 2020 1217 Mez-

201 1262 297 1289 zcmo,
324 1252 377 1284 del
394 1252 435 1293 fu
460 1253 576 1291 signor
598 1251 718 1289 pietro,
744 1252 779 1283 αἱ
802 1260 843 1282 ιιη
869 1252 1130 1291 appczzmnento
1156 1250 1190 1281 (ll'
1214 1252 1337 1281 terreno
1355 1258 1375 1280 (ι
1397 1248 1444 1281 Cc'z
1463 1248 1549 1280 della
1573 1249 1680 1285 Terra,
1706 1247 1798 1279 cesso
1824 1248 1909 1279 colla
1933 1247 2019 1286 festa

203 1316 256 1348 del
279 1315 310 1348 S.
338 1315 480 1346 Martino
501 1317 652 1355 passuro,
678 1313 805 1345 avendo
831 1313 854 1345 il
877 1314 964 1345 <letto
991 1313 1148 1344 Beccaria
1174 1312 1375 1343 domandam
1402 1311 1436 1342 di
1459 1320 1565 1342 essere
1590 1310 1819 1351 risonfermato
1844 1310 2020 1341 nell'inve-

202 1379 317 1410 stilum
343 1378 377 1409 cii
400 1377 508 1417 quello
535 1377 663 1413 stabile,
687 1376 737 1415 ¹qli
761 1377 940 1407 rinnovatzo
966 1375 1191 1407 l'investstmu
1213 1383 1274 1415 per
1296 1375 1371 1405 altri
1394 1383 1476 1405 nove
1501 1374 1587 1409 ιιηηί,
1615 1373 1679 1404 alle
1703 1375 1806 1404 stesso
1823 1372 2018 1408 condizioni,

200 1440 322 1482 purch&
347 1441 397 1472 sia
423 1440 458 1471 di
480 1439 530 1471 cic}
556 1448 713 1470 concessa
739 1439 983 1479 approvuzifflte
1008 1437 1133 1469 ducale.

953 1585 1264 1626 DCXXXII.

296 1707 400 1734 Frate
428 1705 602 1734 Giovanni
630 1705 860 1732 Bartolomeo
886 1704 920 1732 di
947 1704 1172 1731 Montefuoco
1198 1703 1242 1731 da
1269 1703 1414 1730 Genova
1441 1702 1474 1729 fa
1501 1702 1524 1729 il
1550 1705 1763 1730 testamento
1788 1701 1901 1738 prima
1928 1701 2021 1729 della

205 1760 426 1796 professione
452 1759 486 1787 in
512 1759 547 1787 S.
575 1758 697 1787 Paolo.

880 1827 933 1851 121
941 1826 1017 1850 09
1028 1842 1041 1856 ‚
1069 1825 1249 1857 ltnglio
1261 1840 1274 1856 9
1305 1825 1357 1849 ὅ.

730 1924 806 1947 (Arcu.
824 1923 904 1944 Notnr.
922 1923 943 1943 di
961 1923 1030 1943 Pavia
1048 1934 1071 1936 —
1088 1923 1135 1943 Atti
1152 1922 1173 1942 di
1190 1922 1240 1942 Gio.
1258 1921 1371 1947 Agostino
1387 1921 1503 1943 Caudini).

222 2068 224 2146 i
305 2111 354 2227 I
452 2128 475 2154 Ν
502 2124 635 2154 nomine
662 2122 796 2153 Domini
823 2130 930 2152 amen.
958 2120 1054 2151 Anno
1080 2129 1097 2151 a
1124 2120 1297 2151 nativitate
1334 2118 1486 2150 eiusdem
1525 2118 1702 2149 millesimo
1730 2118 2025 2157 quatricentesimo

223 2175 224 2235 i
474 2186 694 2226 nonagesimo
721 2193 822 2221 non0,
849 2184 1030 2214 indictione
1057 2183 1215 2220 secunda,
1235 2182 1288 2212 die
1307 2182 1424 2221 quinto
1440 2182 1566 2213 mensis
1585 2180 1680 2217 Iunii,
1700 2181 1780 2211 hora
1804 2180 2024 2211 decimanona

275 2284 283 2285 ἶ
427 2283 439 2285 ζ
473 2247 525 2278 vel
551 2247 672 2283 circha,
700 2246 729 2276 in
756 2245 890 2276 civitate
918 2244 1031 2285 Papie,
1058 2245 1214 2275 videlicet
1241 2245 1271 2275 in
1297 2252 1427 2275 camera
1463 2244 1632 2274 audientie
1671 2243 1871 2283 infrascripti
1899 2243 2025 2273 domini

207 2312 328 2343 Vicarii
354 2311 460 2347 testis,
486 2310 549 2341 sita
576 2309 607 2339 in
635 2308 766 2348 palacio
793 2306 958 2339 Comunis
984 2309 1014 2338 et
1041 2307 1167 2337 domini
1206 2306 1388 2338 potestatis
1425 2306 1552 2346 prefate
1588 2306 1745 2343 civitatis,
1773 2305 1870 2337 Porte
1897 2304 2024 2342 Pontis,

208 2373 369 2406 Parochie
395 2373 501 2404 sancti
528 2371 614 2402 Petri
641 2371 683 2402 ad
710 2370 854 2402 vincula.
881 2369 913 2401 In
941 2370 1108 2410 presentia
1135 2370 1196 2400 mei
1225 2370 1343 2400 notarii
1371 2371 1401 2400 et
1427 2370 1560 2400 testium
1589 2368 1890 2409 infrascriptorum,
1924 2368 2023 2399 frater

206 2437 364 2467 dominus
391 2435 557 2466 lohannes
584 2433 842 2465 Bertholomeus
868 2432 908 2463 de
936 2431 1143 2469 Montefoco,
1171 2432 1355 2469 ianuensis,
1394 2432 1568 2472 ingressus
1595 2431 1626 2462 in
1652 2431 1769 2462 ordine
1796 2430 1933 2462 fratrum
1961 2430 2025 2461 He-

205 2499 395 2529 remitarum
422 2497 527 2528 sancti
556 2495 735 2537 Augustini
763 2495 803 2526 de
829 2494 1073 2531 Observancia,
1100 2495 1130 2524 et
1157 2495 1190 2524 ut
1216 2494 1337 2524 asserit
1375 2493 1523 2524 nondum
1563 2493 1740 2533 professus
1768 2494 1798 2524 in
1825 2494 1913 2524 dicta
1939 2493 2026 2524 relli-

203 2562 314 2601 gione,
341 2560 456 2591 dicens
483 2568 518 2590 se
544 2559 660 2590 fillium
687 2558 935 2597 emancipatum
962 2556 1087 2587 domini
1116 2555 1340 2587 Bertholamei
1367 2558 1399 2587 et
1423 2556 1466 2587 ab
1492 2556 1565 2587 eius
1592 2556 1697 2596 patria
1733 2558 1900 2596 potestate
1926 2564 2024 2596 sepa-

205 2624 300 2654 ratim
327 2623 451 2659 vivere,
478 2623 511 2652 ut
537 2621 577 2652 de
602 2629 640 2651 ea
666 2620 935 2659 emancipatione
962 2618 1041 2649 dicit
1066 2620 1220 2649 constare
1248 2619 1469 2649 instrumento
1495 2620 1623 2658 rogato,
1650 2627 1749 2655 anno,
1776 2627 1890 2649 mense
1915 2620 1946 2649 et
1972 2618 2024 2648 die

207 2686 238 2716 in
264 2694 304 2716 eo
329 2684 506 2721 contentis,
534 2682 632 2714 Petro
659 2683 699 2714 de
726 2682 825 2713 Facio
864 2681 993 2712 notario
1032 2681 1206 2717 ianuensi;
1245 2689 1349 2711 sanus
1387 2680 1522 2720 quidem
1561 2683 1680 2718 mente,
1706 2689 1846 2720 corpore
1872 2682 1903 2711 et
1930 2680 2025 2711 intel-

207 2748 291 2779 lectu
318 2749 349 2778 et
374 2746 464 2778 nulla
489 2747 645 2777 detentus
672 2745 861 2776 infirmitate
898 2751 1071 2783 corporea,
1098 2743 1275 2774 intendens
1293 2743 1402 2773 anime
1428 2751 1488 2774 sue
1514 2743 1612 2774 saluti
1639 2745 1670 2774 et
1696 2743 1859 2773 bonorum
1887 2751 2022 2773 suorum

206 2809 429 2850 disposicioni
456 2808 645 2849 providere,
671 2809 850 2847 antequam
878 2806 1000 2837 dictam
1028 2804 1274 2845 professionem
1301 2804 1412 2841 faciat,
1439 2805 1501 2836 hoc
1527 2813 1668 2845 presens
1685 2813 1782 2836 suum
1803 2805 1953 2835 ultimum
1980 2807 2025 2835 te-

206 2873 407 2903 stamentum
433 2871 697 2911 nuncupativum
724 2869 796 2901 sine
822 2868 957 2908 scriptis
981 2870 1012 2898 et
1038 2867 1122 2898 hanc
1148 2875 1242 2898 suam
1270 2867 1418 2898 ultimam
1445 2867 1650 2898 voluntatem
1688 2866 1795 2898 facere
1832 2866 2024 2906 procuravit

206 2935 237 2965 et
262 2934 416 2974 procurat
441 2941 478 2963 ac
504 2931 581 2963 fecit
605 2934 636 2963 et
661 2931 741 2962 facit
767 2931 798 2962 in
826 2931 912 2961 hunc
939 2929 1087 2966 modum,
1114 2929 1292 2960 videlicet:

294 2994 326 3026 ln
354 2994 471 3035 primis
497 2994 632 3034 quidem
659 2993 851 3025 cassavit....
878 2992 989 3023 omnia
1016 2993 1225 3028 testamenta,
1251 3000 1437 3031 omnesque
1455 2991 1630 3022 codicillos
1648 2994 1678 3022 et
1697 2991 1903 3022 donaciones
1920 2999 2021 3021 causa

205 3057 321 3089 mortis
345 3056 388 3088 ab
413 3056 513 3087 hodie
538 3057 624 3087 retro
650 3064 708 3096 per
734 3055 843 3095 ipsum
870 3056 1061 3085 testatorem
1088 3054 1212 3093 quovis
1238 3053 1339 3084 modo
1363 3054 1498 3085 condita
1524 3056 1554 3085 et
1579 3054 1779 3085 conditos...
