2347 3444
1983 212 2044 243 307

237 344 320 376 infra
345 353 454 376 annos
479 344 668 381 duodecim,
695 344 750 383 qui
778 344 987 384 implicentur
1012 347 1042 375 et
1068 353 1155 384 quos
1181 344 1286 375 voluit
1313 343 1485 383 implicari,
1512 352 1568 383 per
1594 343 1825 384 infrascriptos
1858 346 1930 375 eius
1957 346 2047 376 licre·

236 407 307 445 des,
334 407 364 437 in
391 408 437 437 tot
462 406 577 437 fundis
602 405 849 437 sufficientibus
874 408 904 436 et
932 407 1072 443 idoneis,
1098 415 1138 437 ex
1177 406 1302 446 quibus
1328 406 1553 446 percipiantur
1582 408 1611 436 et
1638 407 1761 445 percipi
1790 407 1939 446 possint,
1966 417 2048 446 quo-

237 469 315 500 libet
340 478 451 506 anno,
487 468 603 499 floreni
629 468 742 498 decem
770 471 900 499 monete
928 468 1135 505 Mediolani,
1174 469 1233 500 liae
1270 468 1467 499 condicione
1504 470 1533 499 et
1567 477 1666 498 onere
1700 469 1789 508 quod
1817 469 1894 499 dicti
1921 470 2045 500 domini

238 530 331 562 Prior
355 533 386 562 et
411 530 539 567 fratres,
566 530 622 570 qui
650 538 707 570 per
732 532 882 570 tempora
908 530 1029 561 fuerint
1056 532 1085 561 in
1113 532 1201 562 dicto
1229 531 1443 567 monasterio,
1462 533 1635 561 teneantur
1656 531 1744 561 omni
1764 540 1852 561 anno
1882 531 2047 562 celebrare

236 594 267 625 in
293 594 380 624 dicta
406 602 519 624 eorum
546 593 697 630 ecclesia,
723 592 880 623 annualia
908 593 966 624 tria
995 594 1024 624 in
1053 594 1233 624 remedium
1261 593 1379 625 salutis
1405 593 1513 624 anime
1540 602 1610 630 sue,
1636 602 1708 624 cum
1737 594 1850 624 missis
1869 594 2045 625 duodecim

238 656 362 696 parvis,
390 655 472 686 ultra
499 655 636 686 missam
672 663 837 695 magnam.
875 653 1030 686 Gravans
1067 656 1164 686 etiam
1203 656 1297 696 ipsos
1323 655 1364 686 ad
1402 655 1640 695 exponendum
1678 664 1785 686 ceram
1823 658 2047 696 opportunam

238 727 297 758 pro
323 717 482 757 predictis
508 717 621 747 missis
646 719 676 747 et
702 716 824 747 officiis
851 717 1057 747 honorandis
1083 720 1113 748 et
1140 718 1401 749 illuminandis...
1428 717 1538 748 item...
1572 717 1627 748 dat
1653 719 1683 748 et
1710 718 1817 758 legat,
1850 719 2049 749 adveniente

236 789 316 811 casu
344 780 435 819 quod
473 779 683 820 infrascripta
721 779 856 810 domina
884 779 1088 820 Margarita,
1125 781 1274 812 eiusdem
1302 781 1427 811 domini
1454 781 1623 811 testatoris
1649 790 1754 818 uxor,
1793 782 1982 812 transiverit
2007 783 2048 812 ad

237 842 385 873 secunda
411 844 500 879 vota,
525 844 556 872 et
582 850 647 872 non
673 841 788 878 aliter,
827 842 964 872 domino
993 841 1095 873 Priori
1123 843 1261 874 ecclesie
1291 852 1348 874 seu
1386 845 1574 874 conventus
1600 843 1676 873 dicti
1715 844 1906 874 monasterii
1945 845 2048 875 sancti

238 903 332 935 Pauli
358 906 452 935 extra
478 906 508 935 et
535 913 639 944 prope
666 913 780 935 muros
806 903 931 944 Papie‚
968 907 999 935 et
1025 914 1089 935 non
1116 906 1255 936 ecclesie
1282 915 1340 937 nec
1369 906 1570 943 conventui,
1609 914 1667 936 nec
1693 905 1872 943 fratribus,
1910 906 2051 938 ducatos

238 967 533 1006 quinqueceutum,
560 966 714 997 videlicet
740 966 842 997 libras
868 967 935 997 duo
963 967 1060 1003 mille,
1087 968 1127 998 de
1153 968 1278 1008 quibus
1305 969 1376 1008 ipse
1402 968 1560 999 dominus
1587 966 1689 1005 Prior,
1716 970 1745 998 et
1771 968 1843 998 sive
1868 969 1966 999 etiam
1994 970 2049 1009 qui

239 1038 295 1070 per
320 1032 470 1069 tempora
495 1028 616 1060 fuerint
642 1028 785 1066 Priores,
813 1029 957 1060 habeant
982 1032 1012 1060 et
1049 1030 1192 1061 debeant
1218 1031 1418 1070 disponere,
1457 1033 1554 1071 prout
1591 1030 1654 1061 sibi
1694 1031 1885 1061 mandatum
1924 1030 1984 1062 fuit
2021 1035 2051 1062 et

239 1091 421 1122 iniunctum
448 1099 505 1131 per
531 1091 641 1131 ipsum
668 1091 840 1122 domiuum
879 1093 1081 1129 testatorem,
1107 1094 1138 1123 et
1164 1102 1261 1132 quem
1289 1093 1460 1123 dominum
1500 1092 1645 1123 Priorem
1681 1095 1867 1133 presentem
1896 1094 1967 1133 ipse
1993 1094 2053 1124 do-

240 1154 349 1184 minus
375 1155 513 1184 testator
539 1154 734 1194 plenissime
761 1153 953 1185 informavit
979 1155 1019 1185 de
1045 1155 1270 1195 dispositione
1306 1156 1456 1186 eiusdem
1494 1158 1523 1186 et
1550 1155 1630 1195 quid
1657 1164 1754 1196 agere
1792 1155 1912 1186 debeat
1938 1156 1978 1187 de
2004 1156 2053 1187 di-

237 1216 300 1247 ctis
326 1216 456 1246 ducatis
482 1217 777 1256 quinquecentum.
804 1216 842 1247 Et
861 1217 886 1247 si
906 1217 1113 1257 contingeret
1140 1218 1248 1257 ipsum
1275 1218 1447 1249 dominum
1475 1226 1561 1248 nunc
1588 1217 1733 1248 Priorem
1762 1227 1825 1248 non
1847 1227 1948 1258 posse
1975 1228 2053 1249 exe-

239 1278 295 1317 qui
333 1278 472 1309 durante
498 1281 646 1318 tempore
672 1279 744 1309 eius
770 1278 883 1316 officii,
910 1279 1103 1310 huiusmodi
1131 1280 1335 1311 voluntatem
1363 1289 1456 1311 suam
1495 1283 1644 1311 teneatur
1679 1281 1750 1320 ipse
1776 1281 1934 1311 dominus
1961 1280 2053 1312 Prior

239 1348 468 1371 successorem
495 1349 603 1378 suum,
630 1343 660 1371 et
686 1342 879 1372 successive
905 1342 1045 1381 quilibet
1082 1351 1258 1373 successor
1283 1343 1383 1373 alium
1410 1352 1651 1380 successorem,
1671 1343 1710 1374 de
1748 1343 1913 1374 eiusmodi
1945 1346 2052 1374 mente

240 1402 418 1434 informare
443 1405 474 1434 et
499 1404 547 1434 sic
572 1404 706 1443 exequi.
732 1403 839 1441 Quem
867 1405 1001 1444 quidem
1029 1405 1201 1435 dominum
1229 1404 1374 1436 Priorem
1403 1406 1432 1436 in
1460 1406 1807 1437 fideicommissarium
1845 1409 1875 1437 et
1905 1415 2055 1446 exequu-

239 1467 353 1503 torem,
381 1466 574 1497 huiusmodi
601 1474 660 1497 sue
687 1466 871 1497 voluntatis
898 1466 1123 1505 informatum,
1149 1468 1248 1508 elegit
1273 1470 1303 1498 et
1330 1468 1503 1508 deputavit
1529 1470 1559 1499 et
1585 1468 1722 1508 deputat
1744 1477 1781 1499 ac
1811 1468 1901 1509 eligit
1938 1471 1968 1499 et
1998 1469 2054 1499 de—

241 1530 334 1568 putat
360 1530 393 1558 ut
419 1537 532 1568 supra.

1028 1678 1234 1716 DLXII.

328 1785 566 1813 Convenzioni
604 1786 660 1813 del
698 1786 860 1821 Capitolo
885 1786 919 1814 di
947 1787 979 1817 S,
1006 1786 1178 1822 Agostino
1216 1795 1280 1815 con
1306 1787 1328 1814 il
1356 1787 1560 1815 Monastero
1586 1787 1620 1815 di
1647 1787 1682 1816 S.
1711 1787 1839 1815 Chiara
1864 1788 1920 1824 pel
1946 1797 2052 1824 paga-

238 1842 356 1866 mento
382 1838 438 1867 del
464 1839 578 1874 legato
604 1839 639 1867 di
666 1839 800 1867 Bianea
827 1839 861 1867 di
888 1838 1099 1879 Savoia(1).

867 1963 1025 1992 ἷζε-(2,
1057 1964 1310 1994 ι’)ἱτγ-ϊςζέῖ»,
1341 1964 1430 1987 224.

755 2060 821 2081 Aren.
840 2060 919 2080 Notar.
937 2060 958 2080 di
976 2060 1053 2081 Pavia.
1071 2072 1095 2073 j
1112 2061 1159 2081 Atti
1176 2061 1196 2080 di
1214 2060 1270 2081 Gian
1287 2060 1398 2080 Giacomo
1414 2060 1526 2081 Cauevari
1545 2078 1548 2080 .

480 2214 481 2235 l

340 2244 387 2359 Ι
479 2240 509 2314 ΞΝ
536 2258 670 2289 nomine
697 2257 843 2295 Domini,
870 2267 976 2288 amen.
1004 2257 1322 2289 Annoanativitate
1348 2258 1498 2289 eiusdem
1515 2257 1649 2289 Domini
1666 2258 1844 2290 millesimo
1870 2260 2057 2299 qnatricen-

480 2360 481 2365 ,
508 2321 627 2351 tesimo
654 2320 1038 2361 nonagesimosectiiid0‚
1065 2320 1232 2351 indicione
1259 2321 1397 2357 decima,
1413 2321 1465 2351 die
1482 2321 1665 2361 vigessimo
1681 2325 1799 2361 quarto
1819 2323 1944 2353 mensis
1963 2322 2056 2357 Maii,

469 2418 473 2419 ⁷
510 2383 589 2413 liora
609 2383 738 2413 decima
764 2383 906 2422 septima
934 2382 984 2413 vel
1012 2383 1109 2413 circa.
1137 2382 1167 2413 ln
1197 2384 1400 2414 monasterio
1417 2392 1475 2414 seu
1492 2386 1659 2414 conventu
1687 2385 1791 2415 sancti
1820 2383 1999 2425 Augustini
2027 2387 2057 2415 et

245 2445 275 2475 in
293 2445 365 2475 loco
391 2445 526 2485 capituli
569 2446 719 2476 eiusdem
759 2446 962 2482 monasterii,
1000 2446 1064 2476 sito
1092 2446 1121 2475 in
1148 2446 1291 2476 citatella
1317 2447 1463 2477 civitatis
1490 2445 1603 2486 Papie,
1642 2447 1671 2477 in
1703 2449 1797 2486 porta
1835 2449 1865 2478 et
1892 2446 2054 2478 Parochia

244 2507 349 2538 sancti
376 2507 466 2545 Vitti,
494 2508 524 2538 in
552 2508 719 2547 presentia
747 2508 807 2538 mei
836 2508 954 2538 notarii
981 2509 1011 2538 et
1037 2508 1170 2538 testium
1198 2507 1496 2548 infrascriptorum.
1524 2506 1608 2540 Cum
1636 2509 1698 2539 hoc
1725 2509 1767 2539 sit
1801 2509 1891 2549 quod
1931 2509 2054 2540 iamdiu

245 2578 342 2601 versa
368 2570 410 2600 sit
434 2578 536 2601 causa
562 2579 620 2601 seu
648 2570 832 2601 differentia
871 2571 952 2600 inter
990 2570 1199 2600 venerabiles
1236 2570 1393 2601 dominos
1428 2569 1573 2601 Priorem
1600 2573 1631 2601 et
1656 2570 1774 2602 fratres
1799 2573 1829 2601 et
1854 2574 2056 2602 conventum

245 2633 349 2663 sancti
388 2632 565 2674 Augustini
604 2632 742 2664 Ordinis
781 2633 1020 2664 Heremitarum
1059 2633 1162 2663 sancti
1201 2633 1351 2663 eiusdem
1390 2632 1493 2673 Papie
1529 2635 1559 2664 et
1592 2633 1773 2673 capitulum
1800 2636 1830 2664 et
1855 2636 2056 2664 conventum

244 2695 394 2726 eiusdem
422 2698 513 2735 parte
541 2704 615 2733 una,
641 2698 671 2726 et
698 2695 909 2726 venerabiles
935 2695 1090 2726 dominas
1116 2694 1332 2725 Abbatissam
1359 2698 1389 2725 et
1416 2695 1585 2726 Moniales
1611 2698 1724 2726 sancte
1744 2695 1849 2726 Marie
1876 2696 1915 2726 de
1942 2696 2059 2726 lanun-

251 2862 333 2883 sci-itio
348 2862 368 2882 al
384 2860 487 2885 collegio
503 2861 538 2881 dei
555 2861 623 2881 nobili
639 2862 723 2886 giudici
740 2862 819 2887 pavesi
834 2861 900 2884 (Vedi
924 2861 1019 2881 Memor.
1043 2867 1053 2881 ι’
1072 2861 1115 2881 «luc
1179 2860 1285 2886 l’ergum.
1303 2861 1327 2881 111'
1343 2860 1365 2881 S.
1382 2860 1505 2885 Agastitm,
1524 2860 1579 2881 Caii.
1597 2867 1617 2881 n.
1634 2862 1680 2880 428.
1698 2861 1719 2880 ln
1736 2861 1827 2885 seguilo
1843 2861 1887 2880 alle
1903 2861 2052 2880 convcnzioni

250 2911 292 2932 per
307 2906 329 2926 [α
346 2906 422 2926 storia
438 2905 494 2926 dell'
505 2905 570 2927 Um'v.
587 2906 611 2926 di
626 2905 713 2930 Pssvia,
739 2906 783 2925 vol.
801 2906 822 2930 l,
840 2911 891 2931 pag.
914 2906 940 2925 4⁸
954 2923 956 2925 .
975 2905 988 2925 ll
1012 2907 1125 2925 testatore
1181 2907 1306 2925 contenuit*
1322 2905 1342 2925 iu
1358 2906 1443 2930 questo
1458 2905 1599 2925 documento
1615 2905 1651 2925 noi
1668 2907 1790 2928 troviaino,
1813 2904 1845 2925 fra
1861 2905 1890 2929 gli
1906 2905 1947 2924 atti
1964 2904 1999 2924 dcl
2017 2910 2055 2924 ni.>

253 2951 365 2971 Giovanni
381 2950 476 2971 steiano
493 2950 551 2971 Ricci
568 2951 605 2976 poi
622 2956 659 2971 era
676 2951 711 2971 del
734 2951 837 2975 Collegiu
860 2951 894 2971 dei
918 2951 987 2971 nobili
1010 2950 1093 2975 giudici
1113 2956 1123 2969 e
1180 2950 1227 2969 taio
1243 2949 1299 2969 Giun
1316 2949 1427 2969 (iiacomo
1443 2949 1570 2973 Cancvari,
1593 2949 1684 2970 ricordo
1706 2949 1727 2968 «li
1750 2949 1824 2969 alcuni
1848 2949 1979 2974 pngamcnti
2003 2948 2053 2969 fatti

253 2996 289 3016 dei
305 2995 394 3021 giurisii
409 2995 531 3019 (Memoria-
545 2997 584 3016 cit.
601 2996 645 3016 vol.
663 2996 677 3019 1,
695 3002 746 3021 pag.
762 2996 803 3020 (35).
1182 2994 1241 3014 dalle
1258 2995 1368 3014 monache
1383 2994 1404 3014 di
1421 2993 1442 3014 S.
1460 2993 1541 3014 Cinara
1557 3000 1569 3014 a
1586 2994 1644 3014 irate
1660 2993 1808 3014 bartolomeo
1825 2993 1911 3013 Ferrari
1927 2993 1955 3012 da
1967 2992 2055 3013 Castel-

306 3040 336 3065 (l)
351 3041 406 3061 Vedi
423 3041 436 3061 il
452 3040 592 3061 documento
607 3041 643 3061 del
658 3042 670 3061 4
685 3042 798 3066 gennnaio
816 3042 872 3061 1482.
890 3041 938 3061 Una
961 3041 1027 3066 copia
1048 3042 1127 3060 nuten-
1182 3040 1255 3063 lazzo,
1272 3038 1426 3059 l'rocuratnre
1441 3038 1462 3058 di
1479 3038 1501 3058 S.
1518 3039 1638 3063 Agostino.
1656 3039 1720 3058 solio
1736 3038 1754 3058 le
1771 3038 1824 3058 date
1840 3037 1875 3057 del
1891 3038 1903 3057 2
1914 3043 1992 3057 marco
2003 3043 2014 3057 c
2030 3038 2055 3057 :315

255 3086 298 3106 tica
315 3085 350 3106 del
366 3087 447 3106 nostro
462 3085 602 3106 documento
613 3085 624 3106 e
636 3085 693 3106 nella
706 3086 829 3106 biblioteca
841 3085 1001 3105 universiisiria
1013 3085 1034 3104 di
1047 3084 1124 3109 l’avia,
1180 3084 1252 3109 aprile
1271 3084 1328 3108 1493,
1344 3083 1379 3103 del
1394 3083 1407 3103 6
1421 3085 1505 3108 agusto
1523 3084 1580 3107 1495,
1596 3088 1607 3103 e
1623 3083 1659 3102 dcl
1674 3083 1698 3102 27
1714 3083 1786 3107 aprile
1805 3082 1860 3102 1497.
