2347 3444
1869 157 1923 188 lll

876 334 1170 375 CCLXXX.

203 441 230 468 11
257 441 438 478 Consiglio
463 442 498 470 di
524 442 758 472 Provvisione
784 443 819 471 di
845 443 957 472 Pavia
980 452 1131 480 proroga
1157 444 1190 472 la
1216 444 1300 472 fiera
1326 444 1361 472 di
1391 445 1427 474 S.
1454 445 1638 481 Agostino.

758 555 910 587 1467,
941 557 1160 588 agosto‚
1194 557 1284 581 24.

569 643 662 667 (Museo
678 643 757 665 Civico
773 644 794 665 di
810 644 882 665 storia
899 645 973 670 patria
989 655 1014 659 --
1030 644 1083 670 Regv
1102 644 1169 666 Ρῐον,
1188 645 1245 666 Anni
1264 646 1321 672 1457,
1337 645 1377 667 ῙοΙ.
1392 646 1419 667 73
1434 647 1469 670 r.)⁴

169 772 315 888 M
359 790 540 825 CCCCLVH,
565 787 619 819 die
645 787 760 829 XXlIlJ
787 789 932 829 augusti,
959 789 990 820 in
1018 789 1180 830 vesperis.

470 847 669 881 Convocato
694 852 725 882 et
750 853 955 891 congregato
981 851 1134 889 consilio,
1160 853 1220 883 ete.
1246 848 1307 891 (1).

114 973 251 1004 rentiam
279 971 488 1004 Sanctissimi
517 972 695 1013 Augustini
721 972 782 1013 (2),
808 974 929 1006 testum
957 975 1053 1006 cuius
1079 977 1130 1007 est
1154 976 1208 1007 die
1235 976 1429 1008 dominicho
1466 977 1620 1017 proxime
1661 977 1782 1015 futuro,
1822 986 1929 1018 usque

472 910 549 942 ltem
576 920 635 951 pro
662 912 751 943 bono
777 910 1001 944 Comunitatis
1028 915 1293 954 prorogaverunt
1319 913 1433 945 feriam
1460 923 1525 955 que
1551 915 1633 946 fiunt
1662 912 1744 954 (sic)
1762 915 1805 946 ob
1837 925 1930 947 reve-

113 1034 154 1066 ad
181 1035 269 1066 diem
296 1035 382 1065 iovis
409 1035 561 1075 proxime
587 1035 733 1067 futurum
760 1038 790 1068 et
817 1037 956 1077 proinde
983 1038 1062 1069 t'iant
1089 1037 1193 1069 littere
1219 1040 1408 1078 opportune
1435 1037 1631 1079 Capitaneis
1650 1040 1681 1070 et
1700 1038 1930 1071 Potestatibus

113 1098 272 1128 terrarum
299 1095 488 1128 Comitatus
515 1097 693 1138 Papiensis
719 1107 756 1130 ac
782 1099 837 1130 fiat
871 1099 1089 1139 proclamatio
1116 1100 1146 1131 in
1174 1100 1257 1131 locis
1283 1101 1454 1132 consuetis
1491 1101 1578 1132 dicte
1617 1101 1773 1139 civitatis,
1799 1102 1840 1133 ad
1869 1102 1930 1133 lioc

115 1161 148 1190 ut
173 1159 314 1199 quilibet
341 1159 463 1191 habere
491 1160 598 1199 possit
625 1161 780 1192 noticiam
807 1162 848 1193 de
874 1162 1034 1202 predictis
1060 1164 1091 1193 ct
1116 1163 1164 1194 sic
1191 1163 1299 1202 possit
1317 1162 1478 1194 accedere
1496 1163 1538 1194 ad
1557 1163 1642 1195 hanc
1669 1164 1835 1195 civitatem
1855 1173 1929 1195 cum

113 1221 339 1253 mercimoniis
366 1222 437 1253 suis
465 1230 572 1262 usque
598 1223 639 1253 ad
668 1223 775 1263 ipsam
802 1224 888 1254 diem
919 1224 1015 1261 iovis,
1046 1226 1107 1256 etc.

858 1397 1180 1438 CCLXXXI.

203 1503 435 1532 Testamento
462 1505 496 1533 di
522 1505 612 1533 frate
638 1505 804 1533 Gabriele
831 1506 956 1534 Sforza
982 1506 1226 1535 Arcivescovo
1257 1507 1292 1535 di
1317 1507 1464 1536 Milano.

711 1609 866 1641 1457,
895 1611 1236 1642 sette1111›1·e‚
1267 1611 1331 1636 11.

689 1698 713 1719 (l.
731 1698 753 1719 F.
769 1698 900 1724 OSSlNGER,
922 1698 1069 1719 Bibliotheca
1085 1698 1269 1725 Augustiniana,
1286 1704 1339 1725 pag.
1355 1699 1410 1724 849).

132 1780 135 1855 l
354 1782 356 1834 i

132 1856 134 1874 l
223 1828 269 1943 Ι
354 1851 380 1908 1n
408 1842 540 1873 nomine
565 1840 712 1879 Domini,
738 1844 799 1874 etc.
826 1841 923 1873 Anno
949 1851 967 1873 a
993 1842 1165 1874 nativitate
1191 1843 1343 1874 eiusdem
1385 1843 1478 1879 1457,
1512 1843 1694 1875 indictione
1732 1846 1839 1882 sexta,
1877 1845 1931 1876 die

133 1876 134 1918 ¹
383 1904 563 1942 dominico,
590 1905 769 1936 undecimo
795 1905 921 1935 mensis
947 1905 1161 1945 septembris,
1187 1904 1407 1937 Pontificatus
1433 1906 1639 1937 sanctissimi
1659 1907 1689 1937 in
1709 1905 1846 1938 Christo
1869 1906 1934 1938 Pa-

133 1955 134 1999 i
194 2001 197 2002 ⁷
233 2002 253 2003 Π
298 2001 323 2003 ὡ
354 1946 355 1987 ¹
383 1966 442 1997 tris
468 1968 499 1997 et
524 1966 649 1997 domini
677 1967 780 1997 nostri
808 1966 932 1997 domini
960 1965 1089 2004 Calisti,
1115 1967 1229 1998 divina
1259 1968 1471 2008 providentia
1490 1977 1577 2008 pape
1608 1969 1704 2007 tertii,
1722 1978 1811 2000 anno
1825 1970 1931 2000 tertio

116 2001 432 2061 Reverendissimus
459 2029 489 2059 in
517 2027 653 2060 Christo
680 2030 774 2068 pater
799 2030 829 2059 et
855 2029 1012 2059 dominus
1039 2029 1196 2060 dominus
1222 2028 1359 2061 Gabriel
1391 2030 1606 2061 miseratione
1643 2031 1758 2062 divina
1795 2033 1932 2062 sanctae

117 2090 385 2122 Mediolanensis
412 2090 582 2122 Ecclesiae
610 2089 908 2131 Archiepiscopus‚
936 2091 1114 2122 intendens
1139 2091 1218 2122 dum
1245 2091 1318 2122 eius
1345 2100 1439 2123 mens
1481 2092 1616 2123 interior
1653 2093 1794 2124 sanitate
1833 2093 1932 2133 viget,

115 2154 146 2184 et
171 2153 202 2184 in
222 2153 295 2193 ipsa
314 2153 505 2184 dominatur
524 2154 616 2190 rati0,
636 2153 781 2193 legitime
800 2153 1021 2193 dispensandi
1042 2153 1177 2184 ultimae
1193 2152 1376 2184 voluntatis
1395 2153 1530 2191 iudici0,
1550 2154 1581 2184 in
1601 2162 1669 2194 quo
1688 2154 1826 2185 rationis
1847 2163 1930 2185 usus

115 2215 270 2255 exigitur,
288 2215 466 2246 salubriter
489 2215 676 2255 providere,
704 2218 735 2246 et
762 2215 860 2246 bonis
887 2215 958 2246 suis
984 2215 1134 2246 ordinem
1162 2223 1343 2255 apponere,
1370 2216 1478 2247 mente
1505 2216 1579 2255 ipsa
1604 2224 1719 2253 sanus,
1746 2217 1777 2247 et
1803 2216 1881 2247 boni
1900 2218 1931 2248 et

116 2277 188 2308 sani
216 2276 414 2314 intellectus,
441 2277 516 2308 licet
541 2286 639 2317 aeger
675 2286 826 2317 corpore,
854 2277 884 2307 in
911 2278 1071 2316 quantum
1098 2276 1139 2307 ad
1168 2277 1229 2307 hoc
1266 2275 1365 2307 Sedis
1392 2275 1609 2317 Apostolicae
1647 2286 1836 2308 consensus
1877 2287 1933 2309 ac-

116 2339 223 2377 cedat,
250 2339 313 2370 hoc
338 2348 436 2371 suum
462 2339 633 2379 disposuit
658 2339 768 2370 facere
794 2341 1042 2376 testamentum;
1073 2338 1163 2378 quod
1203 2338 1338 2378 quidem
1378 2338 1488 2370 valere
1527 2338 1633 2370 voluit
1658 2341 1689 2370 et
1714 2341 1826 2370 tenere
1864 2340 1933 2371 iure

116 2402 304 2433 testamenti
331 2402 562 2442 nuncupativi,
589 2403 619 2433 et
645 2402 672 2432 si
700 2402 774 2441 ipso
794 2402 862 2432 iure
882 2410 945 2432 non
973 2401 1108 2438 valeret,
1136 2400 1245 2432 valere
1272 2402 1304 2431 et
1329 2402 1441 2432 tenere
1468 2400 1573 2432 voluit
1600 2401 1668 2432 iure
1688 2401 1931 2439 codicillorum,

116 2464 185 2495 iure
211 2464 320 2505 legati,
347 2464 540 2495 donationis
566 2472 669 2495 causa
696 2464 810 2495 mortis
836 2466 867 2495 et
893 2463 1072 2494 cuiuslibet
1099 2463 1233 2494 ultimae
1259 2471 1340 2494 suae
1368 2463 1562 2502 voluntatis,
1588 2472 1626 2495 ac
1644 2464 1801 2495 omnibus
1821 2464 1931 2502 modo,

116 2526 196 2564 iure,
222 2526 337 2564 forma,
364 2527 417 2558 via
443 2528 474 2557 et
499 2535 613 2565 causa,
639 2526 764 2566 quibus
791 2526 916 2557 iudicio
942 2525 1049 2565 potuit
1075 2527 1105 2556 et
1131 2526 1243 2565 potest
1268 2525 1379 2556 valere
1395 2526 1425 2556 et
1450 2527 1571 2557 tenere.
1592 2525 1624 2556 ln
1644 2526 1760 2566 primis
1787 2535 1931 2566 namque

116 2588 146 2618 in
187 2590 343 2619 eventum
384 2590 525 2619 mortum
567 2588 675 2628 ipsius
716 2588 831 2625 voluit,
858 2588 972 2618 statuit
998 2589 1029 2618 et
1061 2587 1229 2617 ordinavit
1262 2595 1385 2626 corpus
1419 2595 1516 2617 suum
1551 2587 1685 2627 sepeliri
1722 2587 1753 2618 in
1787 2587 1931 2619 ecclesia

116 2650 307 2681 monasterii
334 2652 470 2682 sanctae
497 2650 626 2681 Mariae
652 2648 842 2681 Coronatae
868 2651 961 2680 extra
989 2657 1102 2679 muros
1129 2648 1325 2687 Mediolani,
1344 2647 1591 2680 Observantiae
1611 2649 1774 2689 regularis
1793 2648 1931 2681 Ordinis

116 2711 222 2743 sancti
251 2711 440 2752 Augustini,
467 2712 498 2743 in
525 2711 610 2750 loco,
636 2712 677 2743 de
704 2721 771 2752 quo
797 2712 933 2742 domino
964 2710 1080 2747 Priori,
1108 2709 1279 2741 Fratribus
1305 2712 1336 2741 et
1362 2708 1552 2742 Conventui
1591 2711 1699 2751 ipsius
1738 2712 1929 2743 monasterii

116 2772 295 2805 videbitur.

172 2928 202 2953 (l)
217 2928 335 2950 S'intende
350 2929 364 2950 il
380 2929 497 2955 Consiglio
514 2929 549 2950 dei
567 2930 590 2950 12
605 2930 703 2956 sapienti
719 2930 741 2950 di
757 2929 913 2956 provvisione.
1050 2929 1172 2949 mantenne
1187 2933 1278 2953 sempre
1290 2928 1311 2948 in
1323 2928 1387 2953 tiore,
1404 2934 1415 2949 e
1426 2929 1444 2950 si
1458 2929 1518 2949 tiene
1528 2928 1600 2949 anche
1611 2928 1632 2949 al
1644 2931 1760 2954 presente,
1773 2930 1924 2954 quantunque

172 2973 202 2997 (2)
218 2973 248 2994 La
257 2972 312 2994 tiera
324 2972 376 2994 diS.
387 2973 499 2999 Agostino
510 2974 593 2995 crebbe
604 2974 781 2999 d'immrtanza,
791 2979 856 2994 come
866 2973 995 2999 vedcmnio,
1051 2978 1090 2998 per
1106 2973 1125 2993 le
1142 2974 1229 2993 mutate
1245 2972 1374 2993 condizioni
1394 2973 1541 2994 economiche
1564 2973 1599 2993 dei
1616 2973 1686 2998 tempi
1718 2978 1770 2993 essa
1793 2979 1837 2993 non
1857 2973 1924 2993 abbia

118 3017 263 3043 all'ingresso
278 3017 337 3043 degli
353 3017 496 3043 Agostiniani
512 3018 533 3039 in
550 3018 619 3039 Pavla
634 3018 688 3043 (vol.
707 3018 722 3044 1,
738 3024 790 3044 pag.
807 3018 839 3043 38,
861 3019 915 3038 nota
930 3018 959 3042 8),
975 3018 993 3037 si
1051 3016 1088 3042 piis
1105 3017 1203 3037 l'antica
1220 3017 1372 3043 importanza.
