2347 3444
295 218 360 250 328

297 352 374 382 1111111
402 351 512 382 1131113
538 350 721 382 Alexandri
748 350 788 380 de
816 348 919 389 Papia
947 347 1072 378 Prioris
1098 347 1176 378 dicti
1204 346 1396 376 monasterii
1423 347 1453 376 et
1473 353 1558 375 nunc
1576 344 1727 375 absentis
1745 352 1763 374 a
1782 343 1871 374 dicto
1897 341 2110 378 monasterio,

296 415 326 445 in
354 424 421 454 quo
447 413 583 453 quidem
609 412 757 452 capitulo
785 411 916 442 fuerunt
942 414 972 441 61
999 413 1075 440 sunt
1103 408 1253 448 prefatus
1279 408 1438 438 dominus
1468 406 1620 437 Vicarius
1658 414 1715 436 nec
1754 414 1818 436 non
1845 408 1876 435 et
1903 403 2112 435 venerabiles

296 476 422 506 domini
450 475 548 506 fratcr
576 474 771 515 Pclegrinus
797 474 837 504 dc
864 472 1048 507 Gatinarin,
1077 471 1174 501 frater
1200 468 1379 502 Cornelius
1405 469 1445 500 (16
1472 468 1586 505 Biclla,
1613 468 1711 498 frater
1738 467 1902 498 lohannes
1930 465 2047 497 Petrus
2073 465 2113 496 de

297 537 412 578 Papia,
439 537 538 568 frater
563 536 686 569 Celsus
713 537 752 566 de
781 535 895 575 Papia.
923 534 1021 564 113161
1042 532 1167 563 Paulus
1186 532 1226 562 de
1246 530 1361 571 Papia,
1380 530 1479 561 113161
1499 530 1664 561 lohannes
1682 529 1834 569 Baptista
1854 529 1894 559 de
1912 527 2112 564 Conflentia,

298 600 395 631 frater
423 599 555 640 Alipius
582 600 622 630 de
650 598 857 631 Mediolano,
885 596 983 627 frater
1010 595 1222 635 Augustinus
1248 594 1288 624 de
1316 592 1439 629 Plurio,
1477 592 1576 623 113161
1613 590 1749 624 Gabriel
1777 591 1816 622 de
1845 590 1978 627 Plurio,
2015 589 2113 620 frater

299 663 470 693 Lucretius
497 662 537 692 (16
565 662 707 695 Verona,
734 660 832 690 frater
852 658 1030 689 'l'codorus
1049 657 1088 687 de
1109 655 1225 696 Papia,
1244 655 1343 686 frater
1363 655 1530 686 Martinus
1549 655 1589 685 (16
1609 653 1825 690 Alexandria,
1847 652 1946 684 frater
1964 652 2115 683 Thomas

298 725 337 755 dc
364 723 541 759 Cremona,
569 723 667 754 frater
695 722 898 753 Deltendens
925 720 964 750 dc
992 719 1165 755 Mortario,
1199 717 1298 748 frater
1337 716 1454 748 Petrus
1481 717 1520 748 de
1548 715 1652 756 Papia
1678 718 1708 747 et
1734 715 1833 746 frater
1870 714 2037 747 Galdinus
2074 714 2114 744 de

300 787 507 821 Mediolano,
535 794 652 816 omncs
678 784 796 815 fratres
824 782 967 823 professi
995 782 1072 812 dicti
1101 780 1306 816 monasterii,
1333 778 1472 811 Ordinis
1490 779 1595 810 sancti
1616 777 1794 819 Augustini
1814 778 1853 808 de
1872 776 2114 813 Observancia‚

298 849 458 880 facientes
485 849 641 878 maiorem
670 850 795 886 partein
822 844 959 885 capituli
988 844 1096 884 ipsius
1123 842 1350 873 monasterii...
1376 851 1417 873 ex
1444 841 1601 872 facultate
1627 844 1657 872 et
1684 840 1806 881 baylia,
1832 840 1881 871 eis
1907 842 1937 870 et
1962 839 2020 870 toti
2055 837 2116 870 Or-

298 912 365 942 dini
408 911 512 941 sancti
549 909 726 949 Augustini
754 908 794 938 de
821 907 1037 938 observantia
1071 905 1255 942 concessis,
1294 904 1521 935 mediantibus
1559 904 1698 941 litteris,
1736 902 1934 943 privillegiis
1960 904 1990 932 et
2017 900 2117 932 bullis

297 973 506 1013 apostolicis,
532 972 708 1011 elligerunt
734 974 763 1001 et
790 970 928 1010 elligunt
956 968 1180 999 venerabilem
1209 968 1239 998 in
1266 966 1403 999 Cliristo
1431 969 1556 1007 patrem
1576 969 1607 997 et
1626 966 1836 997 decretorum
1856 965 2029 995 doctorum
2056 963 2116 994 do-

299 1036 460 1066 minorum
490 1034 631 1074 Filipuin
659 1034 699 1064 de
726 1032 856 1063 Tinctis
882 1032 922 1062 de
949 1030 1116 1063 Cremona
1142 1030 1340 1061 canonicum
1368 1029 1507 1060 ecclesie
1534 1029 1671 1060 maioris
1696 1029 1843 1060 civitatis
1884 1026 2048 1059 Cremone
2086 1029 2116 1057 et

299 1102 456 1127 rectorem
484 1096 624 1126 ecclesie
651 1095 756 1125 sancti
789 1093 883 1124 Pauli
921 1094 1068 1124 civitatis
1094 1092 1271 1129 Cremone,
1299 1093 1328 1123 in
1355 1091 1580 1132 apostolicum
1620 1091 1761 1122 iudicem
1789 1093 1818 1121 61
1844 1092 2115 1121 conservatorem

297 1163 326 1190 et
354 1168 413 1199 pro
441 1158 548 1189 iudice
575 1160 605 1188 ct
631 1159 868 1188 conservatore
895 1156 1085 1196 apostolico
1111 1156 1189 1186 dicti
1216 1155 1408 1185 monasterii
1425 1155 1530 1185 sancti
1559 1153 1653 1185 Pauli
1682 1152 1795 1193 Papie,
1815 1155 1845 1183 et
1865 1153 1895 1183 in
1916 1155 1945 1183 et
1965 1161 2026 1192 pro
2046 1160 2116 1182 om-

299 1222 397 1252 nibus
423 1221 536 1251 causis
561 1224 591 1251 ct
618 1220 768 1260 negociis
796 1219 904 1259 ipsius
931 1218 1136 1255 monasterii,
1162 1221 1227 1248 tam
1256 1217 1421 1257 preteritis
1448 1225 1547 1256 quain
1586 1216 1800 1257 presentibus
1826 1218 1856 1246 et
1882 1215 2003 1246 futuris
2028 1216 2059 1245 et
2085 1214 2116 1245 in

297 1283 456 1314 omnibus
481 1283 594 1313 causis
621 1286 686 1313 tam
714 1282 813 1312 motis
841 1290 940 1321 quam
969 1281 1147 1311 movendis
1173 1280 1215 1310 ad
1242 1279 1512 1310 conservandum
1541 1279 1629 1309 bona
1655 1281 1685 1310 et
1712 1279 1781 1309 iura
1808 1278 1885 1308 dicti
1925 1277 2115 1308 monasterii

299 1347 373 1376 item
400 1348 430 1376 et
456 1345 646 1385 specialiter
673 1345 703 1375 in
730 1352 833 1375 causa
861 1346 949 1374 mota
976 1343 1027 1374 vel
1055 1343 1223 1373 movenda
1243 1351 1302 1382 pro
1321 1344 1413 1382 parte
1432 1341 1510 1372 dicti
1531 1341 1723 1372 monasterii
1742 1342 1856 1371 contra
1879 1339 2117 1371 Bernardinam

298 1408 338 1438 de
365 1406 554 1439 Gusmeriis
581 1407 620 1438 de
649 1406 823 1437 Modoetia
849 1408 879 1436 et
907 1405 1088 1436 Antonium
1116 1405 1156 1436 de
1176 1404 1219 1435 La
1240 1404 1332 1435 Mola
1351 1405 1424 1435 eius
1443 1404 1595 1435 maritum
1615 1403 1822 1434 habitatores
1839 1403 1985 1434 civitatis
2005 1401 2118 1442 Papie,

297 1473 327 1500 et
352 1479 426 1500 cuni
455 1470 520 1500 illis
546 1469 695 1506 arbitrio,
723 1470 889 1509 potestate
915 1469 945 1498 et
972 1467 1083 1508 baylia
1110 1468 1150 1498 de
1176 1467 1302 1507 quibus
1328 1469 1358 1498 et
1385 1469 1482 1507 prout
1508 1467 1542 1497 111
1573 1466 1696 1497 mentio
1728 1466 1757 1496 in
1789 1465 1928 1502 litteris,
1959 1464 2119 1501 indultis,

298 1532 496 1572 privilegiis,
522 1534 553 1562 et
580 1531 681 1562 bullis
707 1531 918 1571 apostolicis,
944 1530 1033 1561 dicto
1061 1529 1271 1561 Monasterio
1298 1529 1349 1560 vel
1378 1528 1541 1570 Religioni
1579 1529 1684 1559 sancti
1723 1527 1902 1568 Augustini
1929 1527 1969 1558 de
1995 1526 2120 1559 Obser-

298 1594 416 1625 vancia
443 1594 627 1631 concessis,
655 1602 719 1633 que
746 1593 797 1623 1116
825 1593 1011 1623 habeantur
1037 1601 1096 1632 pro
1123 1591 1327 1623 sufficienter
1352 1591 1536 1631 expressis.
1564 1590 1602 1622 Et
1629 1591 1716 1628 inde,
1742 1592 1802 1621 etc.
1823 1589 2040 1621 Presentibus
2058 1592 2118 1620 etc.

1011 1775 1407 1815 DLXXXVIII.

388 1888 415 1916 Il
442 1886 594 1923 Capitolo
620 1886 652 1915 di
677 1887 710 1915 S.
739 1886 843 1914 Paolo
868 1885 980 1914 riceve
1004 1890 1100 1922 parte
1125 1885 1178 1914 del
1203 1886 1314 1921 legato
1350 1884 1522 1913 Sacchetti
1545 1893 1606 1921 per
1630 1885 1661 1912 la
1685 1883 1900 1913 costruzione
1925 1883 2012 1912 della
2037 1883 2120 1920 Cap-

298 1941 386 1977 pella
411 1940 464 1969 dei
489 1939 578 1969 santi
604 1940 729 1968 Cosma
753 1948 771 1968 e
796 1939 973 1968 Damiano.

932 2044 1095 2075 1494,
1126 2045 1375 2074 ottol)re‚
1404 2045 1478 2068 21.

853 2133 930 2154 (Arch.
948 2132 1028 2153 Notat,
1046 2132 1067 2152 di
1086 2132 1163 2153 Pavia⁴
1181 2143 1205 2145 —
1221 2132 1269 2152 Atti
1286 2132 1307 2152 di
1325 2131 1445 2152 Leonardo
1462 2131 1574 2156 Buscati).

405 2319 450 2433 I
548 2336 570 2362 Ν
598 2331 801 2362 monasterio
828 2331 933 2361 sancti
961 2329 1078 2368 Pauli,
1116 2330 1181 2361 sito
1206 2332 1299 2360 extra
1325 2331 1356 2360 et
1381 2338 1487 2370 prope
1513 2329 1621 2360 menia
1645 2328 1792 2359 civitatis
1818 2326 1932 2368 Papie,
1970 2327 2124 2359 videlicet

571 2395 601 2425 in
629 2394 781 2426 sacristia
819 2393 896 2424 dicti
935 2393 1128 2424 monasterii
1155 2394 1185 2424 et
1222 2392 1361 2424 ecclesie
1398 2392 1503 2423 sancti
1543 2390 1670 2422 Pauli...
1708 2389 1925 2421 Venerabiles
1966 2390 2123 2421 dominus

452 2492 542 2495 *⁷7*
569 2456 668 2488 frater
695 2456 887 2487 Alexander
913 2456 953 2487 de
981 2455 1085 2496 Papia
1121 2454 1236 2493 Prior,
1273 2455 1372 2486 frater
1398 2454 1563 2485 lohannes
1600 2453 1708 2484 Maria
1734 2453 1774 2484 de
1813 2451 1917 2493 Papia
1955 2453 2122 2490 vicarius,

305 2518 404 2549 frater
431 2519 595 2551 lohannes
623 2518 740 2550 Petrus
767 2518 807 2549 (16
834 2517 950 2558 Papia,
979 2517 1079 2549 frater
1105 2517 1289 2548 ieronimus
1315 2517 1356 2548 de
1383 2516 1497 2557 Papia,
1534 2515 1633 2547 frater
1658 2513 1781 2547 Celsus
1807 2515 1847 2546 de
1874 2513 1989 2556 Papia,
2026 2514 2124 2546 frater

308 2580 433 2612 Paulus
460 2582 499 2612 de
527 2581 642 2621 Papia,
669 2581 767 2612 frater
795 2580 928 2621 Alipius
954 2581 994 2611 (16
1022 2580 1230 2618 Mediolano,
1256 2579 1355 2611 frater
1382 2579 1547 2610 lohannes
1566 2577 1718 2618 Baptista
1741 2578 1780 2608 de
1799 2576 2000 2615 Conflentia,
2026 2575 2124 2608 frater

309 2642 479 2673 Lucretius
506 2643 545 2673 de
573 2643 710 2679 Brissia,
748 2642 846 2673 trater
873 2641 1040 2673 Antonius
1066 2642 1106 2673 dc
1134 2641 1272 2679 Brissia,
1298 2641 1397 2672 frater
1422 2640 1627 2671 Deffendens
1652 2640 1692 2670 de
1719 2639 1899 2678 Mortario,
1925 2639 2024 2670 frater
2049 2638 2126 2670 Elli-

309 2713 409 2735 xerus
435 2705 474 2735 de
501 2703 620 2741 Como,
646 2704 744 2735 frater
771 2704 939 2735 Antonius
965 2705 1005 2735 de
1033 2703 1150 2741 Robio,
1177 2703 1276 2735 frater
1303 2702 1420 2735 Petrus
1447 2701 1573 2733 Paulus
1598 2702 1638 2733 de
1665 2700 1780 2742 Papia,
1799 2701 1898 2733 frater
1924 2701 2126 2733 Theodorus

309 2767 349 2797 de
377 2766 491 2807 Papia,
518 2767 616 2798 frater
642 2766 809 2798 Galdinus
835 2767 875 2798 (16
902 2767 1109 2804 Mediolano,
1135 2775 1253 2798 omnes
1282 2766 1399 2797 fratres
1424 2773 1585 2806 expresse
1612 2764 1755 2805 professi
1782 2763 1920 2796 Ordinis
1947 2764 2128 2795 Heremita-

310 2837 379 2859 rum
407 2829 511 2860 sancti
539 2828 717 2869 Augustini
745 2828 785 2859 de
811 2828 1037 2859 Observantia
1065 2829 1094 2859 in
1122 2829 1211 2859 dicto
1238 2828 1441 2859 monasterio
1468 2836 1525 2859 seu
1552 2828 1718 2858 conventu
1742 2827 1846 2858 sancti
1868 2825 1961 2857 Pauli
1988 2826 2125 2867 predicti

310 2890 503 2921 dichiarano
529 2890 563 2921 di
586 2891 723 2922 rIcevere
748 2890 806 2921 dal
829 2890 954 2921 ‹Iottore
978 2891 1009 2922 ιή
1035 2890 1126 2930 leggi
1149 2890 1352 2922 Bernarclino
1389 2889 1573 2925 Sacchetti,
1611 2889 1664 2920 del
1692 2888 1733 2928 su
1759 2889 1883 2920 dottore
1908 2889 1943 2920 di
1965 2888 2126 2920 medicina

312 2952 505 2990 Francesco,
531 2952 587 2983 Isre
611 2953 678 2984 200
699 2953 870 2992 impericzli,
899 2962 958 2993 pro
986 2955 1077 2993 parte
1103 2953 1322 2984 solucionis...
1343 2952 1472 2983 illorum
1491 2951 1692 2982 florenorum
1713 2951 1925 2988 ducentum..,
1944 2951 2126 2992 legatorum

314 3015 377 3055 ipsi
405 3015 609 3045 monasterio
635 3017 665 3045 et
691 3014 831 3046 ecclesie
857 3017 887 3046 et
913 3024 971 3046 seu
999 3014 1123 3046 fabrice
1161 3015 1270 3055 ipsius
1302 3014 1441 3045 ecclesie
1466 3016 1497 3044 et
1523 3013 1714 3044 monasterii
1742 3022 1799 3054 per
1825 3013 1996 3053 quondam
2023 3013 2129 3044 domi-

314 3086 391 3107 num
418 3075 673 3108 Guillerminum
701 3077 740 3107 de
767 3075 929 3115 Saclietis,
955 3077 1033 3108 olim
1060 3077 1133 3108 eius
1152 3078 1317 3117 patruum,
1340 3076 1371 3106 in
1389 3075 1462 3107 eius
1481 3075 1596 3106 ultimo
1614 3077 1813 3106 testamento
1832 3076 1872 3107 de
1891 3084 1958 3115 quo
1976 3077 2127 3116 rogatum
