2347 3444
295 223 360 254 350

292 364 330 386 ac
357 355 585 396 Episcopatus
622 356 798 396 papiensis
837 356 986 396 perpetui
1025 354 1310 385 administratoris
1335 357 1365 384 et
1391 353 1468 384 almi
1496 351 1604 384 Studii
1644 353 1818 393 papiensis
1854 351 2045 392 apostolico
2081 354 2112 382 et

295 418 457 458 imperiali
486 418 673 459 privilegiis
698 418 887 449 cancellarii
915 416 1131 451 meritissimi.
1159 415 1454 446 vicecancellarius
1480 415 1670 454 specialiter
1696 415 1888 455 deputatus,
1915 414 2055 445 salutem
2082 417 2113 444 et

293 485 513 511 reverentiam
541 484 605 511 tam
634 481 779 511 debitam
808 488 907 520 quam
935 479 1102 509 devotam.

385 542 452 573 Etsi
481 544 629 573 omnium
658 552 717 582 pro
744 543 881 573 scientie
909 541 1085 580 margarita
1112 539 1323 579 capescenda
1351 539 1580 569 insudantium
1608 540 1725 575 virtus,
1751 540 1931 579 exhigente
1958 539 2111 573 iusticia.

294 607 406 647 dignis
431 607 473 637 sit
500 606 635 646 premiis
662 605 862 641 decoranda,
891 604 934 633 illi
963 606 1070 633 tamen
1098 602 1154 641 qui
1183 602 1213 632 in
1241 610 1334 632 sacra
1354 601 1553 642 Theologia,
1573 610 1637 641 que
1655 604 1705 632 est
1723 602 1870 632 omnium
1892 604 1993 632 mater
2011 604 2111 640 atque

295 670 453 709 magistra
480 673 509 699 et
537 668 612 698 fidei
641 667 894 697 fondamentum
921 674 958 696 ac
985 665 1038 695 via
1064 667 1152 695 certa
1177 664 1219 695 ad
1255 665 1356 695 vitam
1390 667 1556 700 eternam,
1595 664 1731 703 propria
1769 664 1996 703 relinquentes
2021 665 2051 694 et
2078 671 2113 694 se

295 732 390 771 ipsos
414 731 621 771 abnegantes
648 739 704 769 per
730 730 863 759 diversa
891 728 1003 758 mondi
1029 727 1161 758 climata
1181 725 1298 758 Studia
1317 729 1511 757 rotaruntet
1530 726 1560 756 in
1579 726 1628 757 eis
1647 728 1762 757 noctes
1787 734 1927 766 persepe
1953 726 2114 756 ducentes

295 794 478 828 insomnes,
506 793 678 823 immensis
705 790 879 822 laboribus
904 792 934 820 et
961 789 1145 820 sudoribus
1172 788 1324 819 bravium
1351 789 1541 829 attigerunt,
1561 788 1691 828 dignori
1711 791 1789 819 sunt
1806 796 1908 819 onore
1928 788 2113 828 premiandi

294 860 324 886 et
352 856 467 886 maiori
495 855 676 886 reverentie
703 854 793 884 dono
819 852 1012 883 decorandi.
1039 850 1124 883 Cum
1153 851 1264 890 itaque
1292 850 1495 881 venerabilis
1521 850 1701 890 religiosus
1726 852 1757 881 et
1782 850 1872 880 omni
1900 850 2019 880 virtute
2046 849 2116 880 lau-

297 918 420 948 dabilis
447 918 605 948 dominus
632 916 730 947 frater
757 914 912 955 philipus
939 915 979 945 de
1006 914 1153 944 Muzano
1180 913 1220 944 de
1240 913 1363 950 Laude,
1382 912 1522 944 Ordinis
1541 912 1783 943 Heremitarum
1802 914 1991 943 conventus
2009 912 2114 943 sancti

296 979 474 1019 Augustini
503 979 677 1019 papiensis
703 986 866 1017 expresse
893 976 1082 1016 professus,
1108 978 1186 1016 post
1211 978 1306 1006 actus
1332 975 1533 1006 scolasticos
1559 984 1616 1015 per
1641 983 1716 1005 eum
1744 975 1774 1005 in
1802 975 1905 1005 variis
1923 972 2052 1006 Studiis
2070 974 2116 1006 fe-

297 1042 400 1073 liciter
424 1045 689 1077 consummatos,
716 1040 898 1080 deputatus
924 1038 1022 1070 fuerit
1047 1038 1088 1069 ad
1116 1038 1294 1079 legendum
1321 1036 1513 1069 Sententias
1540 1037 1570 1068 in
1597 1040 1764 1068 conventu
1792 1037 1897 1068 sancti
1936 1036 2114 1077 Augustini

297 1104 454 1139 iamdicti,
482 1104 622 1143 ipseque
649 1103 808 1133 dominus
833 1101 933 1132 frater
960 1100 1116 1141 Philipus
1142 1101 1173 1131 in
1200 1100 1289 1131 dicto
1307 1102 1475 1131 conventu
1495 1100 1601 1130 sancti
1621 1099 1801 1140 Augustini
1821 1099 2015 1130 huiusmodi
2035 1098 2117 1131 Sen-

298 1167 429 1198 tentias.
451 1165 663 1196 laudabiliter
682 1164 795 1204 legerit
814 1166 844 1194 et
862 1172 980 1194 omnes
999 1163 1085 1193 alios
1103 1164 1198 1193 actus
1217 1162 1417 1193 scolasticos
1437 1162 1467 1192 in
1488 1161 1715 1194 Universitate
1735 1162 1888 1202 papiensi
1907 1161 2117 1192 exercendos

298 1237 404 1268 usque
430 1228 472 1258 ad
498 1227 638 1267 gradum
666 1226 848 1267 magisterii
876 1225 1015 1256 feliciter
1048 1225 1354 1261 consummaverit,
1392 1233 1429 1255 ac
1455 1224 1520 1255 sub
1546 1224 1690 1264 singulis
1727 1224 1921 1255 reverendis
1961 1222 2118 1255 Patribus

297 1299 390 1321 sacre
415 1290 585 1330 theologie
611 1289 786 1329 Magistris
813 1288 913 1319 huius
939 1287 1024 1319 alme
1051 1287 1301 1325 Universitatis,
1322 1287 1352 1317 in
1371 1287 1487 1318 arduis
1513 1287 1751 1326 questionibus
1770 1287 1800 1317 in
1827 1286 1983 1318 facultate
2009 1286 2120 1318 Theo-

301 1353 386 1392 logie
414 1352 672 1392 respondiderit.
699 1351 854 1390 aliosque
879 1353 974 1381 actus
1001 1349 1204 1381 baclialariis
1230 1358 1290 1390 pro
1316 1348 1423 1380 forma
1450 1349 1640 1389 legentibus
1659 1349 1889 1380 incombentes
1909 1349 2121 1380 laudabiliter

298 1415 484 1446 exercuerit
509 1416 540 1445 et
567 1413 785 1454 postmodum
811 1421 923 1444 coram
951 1412 1050 1443 nobis
1077 1421 1134 1452 per
1160 1411 1364 1442 reverendos
1391 1414 1503 1452 patres
1529 1411 1687 1442 dominos
1720 1412 1900 1452 magistros
1938 1410 2119 1442 Antonium

299 1477 339 1507 de
366 1475 497 1508 Candia
523 1475 662 1507 Ordinis
688 1473 944 1507 Carmelitarum
972 1475 1147 1511 decanum,
1174 1474 1370 1514 magistrum
1398 1473 1576 1504 Hernicum
1603 1473 1644 1504 de
1662 1471 1764 1505 Curte
1782 1472 1921 1505 Ordinis
1940 1473 2121 1511 Minorum,

301 1540 496 1580 magistrum
524 1537 739 1570 Gunifortum
767 1538 807 1568 de
834 1537 995 1568 Vachinis
1021 1535 1159 1568 Ordinis
1185 1534 1377 1573 Servorum,
1405 1536 1599 1576 magistrum
1627 1535 1839 1567 Michaellem
1866 1536 1906 1567 de
1933 1534 2038 1576 Papia
2063 1534 2125 1567 Or-

303 1602 392 1633 dinis
420 1601 661 1632 Heremitarum
681 1600 786 1631 sancti
807 1599 986 1640 Augustini
1007 1599 1158 1639 predicti,
1176 1599 1372 1639 magistrum
1392 1596 1517 1630 Galeaz
1535 1598 1575 1629 de
1595 1597 1700 1638 Papia
1719 1597 1858 1630 Ordinis
1876 1598 2117 1629 Heremitarum

301 1665 406 1695 sancti
424 1663 614 1704 Augustini,
630 1663 824 1704 magistrum
842 1661 1024 1693 Antonium
1039 1662 1080 1693 de
1096 1660 1156 1692 Ast
1170 1660 1309 1693 Ordinis
1325 1660 1565 1692 l-leremitarum
1581 1661 1686 1692 sancti
1703 1660 1882 1701 Augustini
1898 1661 2129 1701 suprascripti,

306 1727 502 1768 magistrum
529 1724 722 1758 Gometium
749 1725 905 1765 ispanum
932 1723 1072 1756 Ordinis
1098 1723 1280 1761 Minorum,
1307 1723 1503 1764 magistrum
1530 1723 1731 1754 Nicholaurn
1750 1723 1791 1754 de
1816 1721 1957 1756 Clericis
1982 1722 2121 1756 Ordinis

301 1788 569 1826 Carmelitarum,
597 1788 792 1828 magistrum
819 1786 992 1819 Stefanum
1021 1786 1061 1817 de
1087 1785 1247 1817 Vercellis
1277 1784 1415 1817 Ordinis
1433 1786 1539 1816 sancti
1559 1785 1742 1823 Benedicti,
1762 1786 1956 1826 magistrum
1976 1786 2123 1818 Alexan-

300 1852 395 1883 drum
423 1851 463 1882 de
490 1850 669 1887 Vitalibus,
696 1850 892 1890 magistrum
919 1849 1100 1880 Iohannem
1127 1848 1398 1880 Bertholameum
1426 1848 1466 1879 de
1492 1847 1674 1879 Valmacha
1701 1847 1840 1879 Ordinis
1880 1848 2121 1880 Heremitarum

301 1914 406 1945 sancti
435 1913 615 1954 Augustini
643 1912 794 1952 predicti,
820 1914 924 1942 totum
951 1912 1117 1952 colegium
1145 1911 1381 1951 magistrorum
1407 1910 1493 1941 alme
1519 1910 1619 1941 huius
1656 1910 1844 1952 theologice
1869 1910 2048 1949 facultatis,
2074 1911 2123 1943 fa-

299 1977 426 2008 cientes
453 1976 483 2006 in
511 1984 604 2007 sacra
631 1974 796 2015 Teologia
823 1974 1004 2014 magistros
1029 1976 1059 2005 et
1086 1973 1242 2004 doctores
1268 1973 1449 2013 deputatos
1474 1972 1515 2003 ad
1535 1973 1690 2004 examina
1710 1973 1977 2004 bachalariorum
1995 1974 2037 2005 ad
2057 1983 2125 2006 ma-

301 2039 474 2079 gisterium
501 2038 741 2078 aspirancium,
767 2037 923 2077 privatim
950 2039 981 2067 et
1007 2037 1158 2077 rigorose
1184 2035 1346 2066 hodierna
1373 2035 1425 2066 die
1451 2035 1666 2066 examinatus
1683 2035 1791 2073 fuerit,
1810 2038 1840 2066 et
1860 2036 1945 2067 idem
1965 2036 2123 2068 dominus

301 2101 401 2132 frater
428 2099 584 2140 philipus
611 2100 641 2130 in
668 2099 823 2130 examine
851 2099 926 2139 ipso
952 2107 988 2130 se
1014 2098 1122 2129 taliter
1148 2097 1302 2128 habuerit
1328 2097 1419 2137 quod
1446 2106 1464 2128 a
1491 2097 1612 2135 nobis,
1649 2100 1836 2129 convocata
1861 2100 1892 2129 et
1920 2101 2123 2140 congregata

303 2164 333 2194 in
360 2163 435 2194 aula
463 2171 583 2203 inagna
611 2162 730 2202 palacii
757 2161 965 2201 episcopalis
991 2161 1167 2201 papiensis
1193 2160 1407 2200 prelatorum,
1434 2160 1608 2190 doctorum
1635 2162 1665 2191 et
1691 2160 1894 2191 scholarium
1921 2161 2021 2192 huius
2045 2161 2123 2192 almi

303 2226 459 2267 gimnasii
488 2225 700 2256 multitudine
726 2225 879 2264 copiosa,
898 2232 958 2264 pro
977 2224 1113 2264 negotio
1140 2223 1335 2254 huiusmodi
1363 2223 1553 2263 specialiter
1579 2223 1782 2263 peragendO,
1808 2225 1838 2254 et
1857 2223 1950 2254 finito
1968 2232 2006 2255 ac
2024 2223 2123 2263 facto,

305 2289 344 2319 de
371 2289 474 2319 nostri
503 2288 646 2325 licentia,
674 2289 707 2318 ut
734 2287 836 2317 moris
861 2288 922 2323 est,
949 2294 1102 2317 sermone
1144 2294 1201 2325 per
1227 2285 1493 2325 suprascriptum
1532 2285 1750 2316 reverendum
1789 2288 1915 2325 patrem
1953 2286 2125 2318 dominum

305 2351 500 2391 magistrum
529 2349 770 2387 Alexandrum,
797 2348 936 2381 Ordinis
962 2351 992 2379 et
1017 2350 1206 2379 conventus
1233 2347 1379 2378 iamdicti
1406 2347 1512 2379 sancti
1539 2346 1717 2387 Augustini
1745 2347 1946 2387 professum,
1975 2349 2005 2379 in
2031 2357 2125 2380 sacra

305 2413 493 2453 Theologia
520 2412 690 2443 doctorem
717 2411 1098 2447 consummatissimum
1124 2410 1167 2441 ab
1193 2411 1268 2450 ipso
1306 2410 1444 2441 domino
1470 2409 1568 2440 fratre
1595 2408 1728 2452 philipo
1759 2410 1789 2440 in
1821 2411 1977 2443 manibus
2003 2412 2127 2443 nostris

307 2476 458 2515 prestito,
484 2475 525 2506 ad
553 2476 668 2505 sancta
696 2473 755 2505 Dei
784 2473 979 2514 Evangelia,
1006 2473 1163 2504 manibus
1188 2473 1261 2504 eius
1285 2472 1502 2512 corporaliter
1520 2472 1617 2502 tactis
1636 2470 1827 2512 Scripturis,
1846 2473 1946 2504 solito
1964 2476 1995 2504 et
2013 2474 2127 2505 debito

308 2539 493 2568 iuramento
520 2537 611 2577 quod
639 2546 679 2568 ex
706 2545 808 2568 causa
835 2536 885 2567 sui
914 2536 1095 2576 magisterii
1123 2544 1188 2566 non
1215 2535 1355 2566 excedet
1381 2535 1411 2565 in
1431 2534 1593 2574 expensis
1611 2536 1723 2565 taxam
1743 2533 1951 2567 Clementine
1981 2537 2128 2568 secunde

308 2600 348 2630 de
376 2599 550 2639 Magistris
576 2602 606 2630 et
633 2599 724 2639 quod
751 2598 899 2630 servabit
926 2600 1049 2629 statuta
1075 2597 1226 2629 eiusdem
1255 2596 1492 2629 Universitatis
1518 2599 1548 2627 et
1575 2599 1671 2636 prout
1691 2606 1748 2637 per
1765 2598 1851 2628 alios
1870 2599 2050 2639 magistros
2075 2608 2130 2631 so-

310 2663 401 2693 litum
428 2665 477 2693 est
505 2663 614 2699 iurari,
641 2662 784 2692 eundem
812 2661 984 2692 dominum
1012 2660 1145 2691 fratrem
1173 2659 1354 2700 philipum,
1381 2660 1428 2691 sic
1447 2659 1518 2690 suis
1538 2659 1662 2690 meritis
1688 2660 1912 2700 exigentibus,
1933 2662 2128 2702 magistrum

310 2734 367 2755 seu
395 2724 566 2755 doctorem
595 2725 624 2754 in
653 2732 746 2754 sacra
773 2723 972 2763 Theologia,
999 2723 1196 2754 auctoritate
1237 2721 1355 2762 prefati
1393 2721 1664 2752 reverendissimi
1691 2724 1721 2753 et
1748 2722 1964 2754 illustrissimi
2003 2724 2128 2755 domini

311 2787 437 2817 domini
465 2784 657 2818 Cardinalis
683 2789 713 2816 et
741 2785 1034 2816 Administratoris
1059 2784 1249 2825 apostolico
1275 2787 1306 2815 et
1333 2784 1495 2824 imperiali
1533 2784 1720 2824 privilegiis
1753 2783 1952 2817 Cancellarii
1991 2787 2131 2818 meritis-

311 2849 385 2880 simi
413 2851 445 2879 ut
473 2848 646 2888 prefertur,
672 2848 880 2883 communiti,
907 2856 972 2887 qua
999 2847 1169 2887 fungimur
1196 2847 1226 2877 in
1255 2847 1315 2877 hac
1342 2848 1444 2886 parte,
1472 2846 1571 2877 hodie
1599 2847 1699 2886 paulo
1725 2850 1801 2878 ante
1827 2849 2063 2881 constituimus
2100 2853 2131 2882 et

312 2912 512 2948 creavimus,
539 2911 672 2950 sibique
698 2910 890 2941 cathedram
919 2910 1144 2950 magistralem
1171 2909 1376 2940 ascendendi
1403 2911 1433 2939 et
1461 2909 1491 2939 in
1511 2917 1548 2940 ea
1576 2909 1718 2949 legendi,
1745 2910 1899 2948 docendi,
1926 2912 2133 2952 disputandi,

314 2973 488 3013 gloxandi,
514 2972 763 3012 interpetrandi
790 2972 987 3011 questiones
1012 2974 1042 3002 et
1068 2971 1171 3002 dubia
1197 2970 1407 3007 terminandi,
1433 2972 1630 3010 ceterosque
1656 2974 1751 3003 actus
1777 2973 1955 3005 doctoreos
1982 2975 2012 3005 in
2039 2984 2132 3007 sacra

317 3037 389 3076 ipsa
415 3035 584 3075 theologie
610 3035 759 3071 scientia,
788 3034 838 3065 hic
856 3036 887 3065 et
906 3034 1030 3074 ubique
1058 3034 1217 3069 locorum,
1244 3033 1421 3064 exercendi
1448 3035 1478 3064 et
1497 3033 1670 3064 doctorum
1692 3034 1835 3075 insignia
1855 3035 2024 3068 deferendi
2044 3037 2135 3069 aliis-

317 3107 381 3137 que
407 3097 612 3133 conferendi,
640 3097 805 3128 licentiam
832 3099 862 3127 et
888 3095 1080 3127 facultatem
1106 3095 1349 3132 concessimus,
1381 3095 1601 3126 instrumento
1628 3096 1764 3136 publico
1783 3099 1964 3138 superinde
1982 3099 2134 3131 confecto
