2347 3444
274 211 338 243 342

1079 393 1282 434 DCVII.

358 512 491 548 Legato
517 512 786 540 testamentario
813 512 845 539 di
873 512 993 539 Musso
1020 511 1137 538 Pietra
1164 519 1183 537 a
1210 510 1331 537 favore
1357 510 1391 537 di
1418 510 1453 539 S.
1481 511 1660 542 Mosti01a‚

845 635 898 657 1³1
907 634 959 656 τὰ(
968 634 982 655 5
991 648 1003 661 ,
1034 633 1358 657 sottennvre
1369 647 1382 663 9
1412 631 1503 657 2¹7.

809 731 867 751 Arcu
894 730 973 750 Num.
991 729 1012 749 di
1031 729 1108 749 Favi-i.
1127 740 1149 741 ἡ
1167 729 1214 749 Atti
1231 729 1252 749 di
1269 728 1327 750 Gian
1344 729 1421 750 I‘ictrn
1434 729 1554 750 lniodeuii.

336 926 458 1041 N
514 944 604 969 {ihm
629 938 737 968 studio
775 937 827 968 dcl
862 937 984 967 notaio.
1027 936 1234 967 Testumento
1260 935 1313 966 del
1337 935 1444 967 nobile
1481 936 1596 967 Masso
1622 936 1662 967 cie
1687 935 1794 971 Petra,
1827 936 1926 976 figlio
1963 937 2016 968 del
2045 937 2081 976 su

514 1002 639 1037 iilum-so,
666 1001 700 1031 rii
725 999 840 1033 Ριινίιι,
868 999 919 1030 col
941 998 1039 1038 quale
1066 998 1122 1029 dat
1155 1001 1186 1028 et
1213 998 1300 1038 legat
1339 999 1545 1029 monasterio
1583 1001 1696 1029 sancte
1736 998 1896 1030 Mustiole
1930 1000 2076 1031 civitatis

535 1063 637 1104 Papic¹
663 1063 810 1093 florenos
836 1061 1141 1101 vigintiquinque...
1168 1060 1398 1091 solvendos...
1437 1059 1521 1091 infra
1559 1069 1659 1091 unum
1697 1069 1820 1091 annum
1855 1064 1931 1101 post
1957 1061 2085 1093 finitum

267 1128 508 1159 usumfructum
537 1127 746 1166 infrascripto
773 1125 907 1156 dominc
935 1123 1117 1154 sslanchine
1143 1122 1232 1161 (eius
1258 1123 1429 1154 testatoris
1456 1120 1587 1161 matris)
1611 1132 1684 1154 cum
1711 1133 1811 1154 onere
1836 1126 1867 1154 ct
1892 1125 2086 1164 gravamine

266 1192 356 1230 quud
384 1191 509 1221 domini
538 1189 631 1220 Prior
657 1192 687 1220 et
713 1188 830 1219 fratres
857 1187 934 1217 dicti
963 1186 1168 1222 monasterii,
1195 1186 1251 1225 qui
1278 1189 1355 1216 tunc
1382 1194 1439 1225 per
1464 1188 1614 1225 tempora
1633 1188 1737 1223 crunt,
1756 1186 1922 1217 celebrent
1948 1190 1978 1218 et
2003 1187 2088 1218 cele-

267 1253 351 1283 brari
379 1252 501 1283 faciant
528 1253 558 1282 in
585 1260 699 1282 corum
737 1250 878 1281 ecelesia
917 1251 1060 1289 quatuor
1097 1247 1203 1278 offitia
1240 1248 1466 1278 anniversalia
1494 1250 1698 1278 mortuorum
1726 1249 1766 1279 de
1792 1251 1838 1279 tot
1865 1249 1979 1280 missis
2005 1252 2087 1289 quot

266 1315 459 1346 sacerdotes
484 1318 561 1346 tunc
587 1317 681 1345 erunt
709 1314 739 1344 in
767 1313 856 1344 dicto
881 1314 1060 1347 conventu,
1088 1319 1148 1351 pro
1173 1310 1283 1341 anima
1310 1313 1340 1341 et
1360 1310 1390 1341 in
1410 1310 1642 1341 remissionem
1670 1314 1882 1350 peccatorum
1902 1312 2010 1352 ipsius
2028 1312 2088 1343 do-

268 1378 345 1408 mini
373 1378 543 1408 testatoris
569 1380 599 1408 et
627 1376 859 1408 defunctorum
887 1383 1036 1406 suorum.

1059 1550 1289 1591 DCVIII.

356 1671 490 1706 Legato
517 1670 786 1698 testamentario
812 1670 905 1698 della
931 1670 1010 1698 nob.
1038 1669 1176 1697 Matina
1202 1669 1395 1697 Landriani
1422 1677 1441 1696 a
1467 1669 1589 1696 favore
1615 1668 1649 1696 di
1677 1668 1711 1696 S.
1739 1668 1863 1696 Paolo.

884 1792 1038 1823 1496,
1059 1792 1404 1820 11over11lvreq
1425 1791 1477 1815 3.

815 1890 893 1913 (Arcu,
911 1889 991 1910 Numr.
1009 1889 1030 1909 di
1048 1888 1118 1909 Pavia
1134 1900 1158 1902 —
1174 1889 1222 1909 Atti
1239 1889 1260 1908 di
1277 1888 1388 1909 Riccardo
1405 1888 1530 1910 Rovescala
1548 1906 1551 1907 γ

339 2084 461 2201 N
518 2102 608 2128 ELLA
633 2105 713 2128 casa
738 2096 825 2127 della
851 2096 1025 2133 testati-sce,
1051 2096 1082 2127 ιή
1108 2095 1308 2127 parroechia
1333 2096 1368 2127 di
1391 2095 1424 2128 S.
1453 2095 1610 2128 Gervaso.
1642 2095 1848 2126 Testamento
1873 2094 1960 2126 della
1984 2094 2094 2126 nobile

540 2160 650 2191 donna
675 2159 806 2190 Marino
832 2158 1020 2196 Landricmi,
1046 2158 1100 2189 del
1116 2157 1158 2198 fu
1183 2158 1347 2194 AntoniO,
1383 2158 1508 2189 vedova
1533 2158 1567 2189 di
1590 2156 1772 2188 Percivalle
1807 2156 2006 2194 Landrz‘am',
2042 2157 2095 2188 nel

447 2258 470 2259 ἶ
539 2222 637 2262 quale
661 2221 776 2253 ordina
802 2221 860 2252 che
885 2221 957 2252 eius
983 2221 1128 2251 cadaver
1153 2221 1286 2261 sepeliri
1314 2220 1434 2251 debeat
1459 2220 1502 2251 ad
1528 2219 1703 2251 ecclesiam
1730 2219 1835 2250 sancti
1863 2217 1968 2256 Pauli,
1988 2227 2093 2259 prope

273 2290 304 2317 et
329 2289 423 2317 extra
451 2285 559 2316 menia
586 2283 701 2325 papie,
727 2285 778 2315 cui
805 2284 979 2315 ecclesie...
1006 2283 1061 2314 dat
1087 2286 1118 2314 et
1144 2283 1243 2324 legat,
1269 2283 1404 2324 singulo
1430 2291 1519 2314 anno
1545 2290 1652 2322 usque
1677 2281 1718 2312 ad
1744 2290 1852 2312 annos
1878 2281 1992 2312 decem
2019 2290 2095 2322 pro-

276 2349 362 2379 xime
388 2347 530 2385 futuros,
556 2351 586 2378 et
613 2356 678 2378 non
706 2347 800 2384 ultra,
828 2346 1028 2377 becundiam
1056 2355 1154 2377 unam
1183 2346 1284 2376 vini...
1310 2353 1479 2386 agravans
1505 2347 1613 2375 tamen
1651 2344 1809 2375 dominos
1847 2343 1978 2375 Fratres
2015 2344 2092 2375 dicti

275 2413 462 2441 conventus
487 2410 529 2440 ad
556 2409 805 2446 celebrandum,
832 2418 892 2449 pro
917 2409 1028 2439 anima
1056 2408 1164 2449 ipsius
1191 2408 1326 2439 domine
1352 2407 1541 2444 testatricis,
1567 2406 1729 2446 septimas
1755 2408 1785 2437 et
1811 2407 2017 2447 trigesimum
2057 2415 2095 2438 ac

276 2473 396 2503 deinde
421 2472 575 2509 annuale,
601 2474 631 2502 et
658 2472 688 2502 in
715 2472 790 2502 aliis
815 2472 914 2502 annis
939 2471 1160 2511 sequentibus
1187 2479 1294 2510 usque
1319 2470 1361 2501 ad
1387 2470 1497 2500 dictos
1521 2476 1630 2500 annos
1656 2468 1782 2505 decem,
1807 2468 1918 2500 officia
1944 2468 2011 2500 duo
2029 2469 2097 2500 sin-

275 2535 354 2574 gulo
380 2543 468 2565 anno
495 2543 555 2574 pro
581 2535 693 2565 anima
721 2534 829 2574 ipsius
867 2534 1002 2564 domine
1040 2533 1240 2571 testatricis,
1278 2533 1402 2573 patris,
1442 2531 1548 2563 mariti
1574 2533 1605 2562 et
1637 2530 1778 2562 aliorum
1817 2531 2093 2571 predecessorum

277 2605 426 2627 suorum.
