2347 3444
1947 189 2012 220 315

194 314 372 356 Augustini
401 313 537 355 papie...
563 315 666 346 rIceve
691 315 734 346 cla
760 316 962 348 Bernardmo
988 317 1111 355 Levati,
1130 317 1230 357 siglio
1256 318 1309 349 del
1325 318 1366 358 fu
1395 317 1556 350 Giczcomo
1582 328 1598 350 e
1617 320 1702 350 zlella
1721 320 1762 360 su
1791 321 1943 353 Cuterinu
1969 323 2011 353 du

195 376 369 417 Bergamo,
395 377 474 407 olim
501 377 566 408 t'ilie
592 380 623 408 et
649 378 782 409 heredis
809 379 1011 410 universalis
1038 380 1210 420 quondam
1238 380 1364 411 domini
1394 380 1539 419 Firmiui‚
1559 381 1675 421 florini
1697 383 1784 414 Χία...
1819 393 1877 423 pro
1905 384 2014 424 legato

192 448 304 470 annuo
330 439 418 470 dicto
445 440 648 470 monasterio
675 439 762 470 facto
790 450 846 480 pei·
873 442 997 472 dictum
1024 442 1194 482 quondam
1223 443 1395 473 dominum
1424 443 1602 474 Firminum
1631 444 1661 474 in
1689 454 1750 475 suo
1770 448 2013 478 testainent‹›....

192 510 251 541 pro
278 502 427 541 quinque
453 502 720 539 annis,t'initui·is
748 503 777 533 iu
806 502 891 534 festo
918 505 1023 535 sancti
1052 504 1186 535 Martini
1216 507 1368 545 proxime
1394 505 1516 543 futuro,
1543 506 1584 537 ad
1604 510 1798 546 computum
1819 508 1858 538 dc
1877 508 2014 539 florenis

193 556 269 585 octo
295 555 384 585 omni
410 563 510 585 anno.

973 626 1234 665 DLXVII.

258 731 285 759 11
312 732 544 760 Procuratore
570 731 604 759 di
631 732 663 762 S.
690 732 865 767 Agostino
902 734 1019 762 riceve
1057 735 1079 762 il
1116 740 1327 771 pagamento
1353 735 1387 763 di
1413 745 1457 763 un
1491 745 1605 764 annuo
1632 736 1744 764 affitto
1771 737 1805 764 di
1832 746 1898 764 una
1925 746 2010 766 casa

193 785 227 812 in
253 785 376 814 Pavia.

805 855 959 886 1492,
980 859 1324 889 llox*er11l)re‚
1344 858 1398 883 ξ).

764 943 840 965 (Ascli.
859 944 939 964 Notat.
957 944 978 964 di
996 944 1065 965 fulvia
1082 956 1107 957 j
1123 945 1170 965 Atti
1187 945 1208 965 di
1226 945 1317 966 Manen
1334 946 1438 969 Ferrarii

290 1126 338 1241 Ι
438 1145 460 1171 Ν
485 1141 632 1171 claustro
658 1144 688 1172 et
716 1143 920 1172 monasterio
947 1143 1051 1173 sancti
1080 1142 1259 1183 Augustini
1287 1144 1351 1174 sito
1379 1144 1409 1174 in
1437 1142 1602 1176 Citadella
1623 1143 1770 1184 Papium.
1792 1145 1821 1175 in
1843 1146 2010 1185 presentia

456 1203 630 1234 reverendi
657 1212 750 1234 sacre
777 1205 898 1244 pagine
926 1205 1130 1245 professoris
1157 1206 1282 1236 domini
1311 1207 1459 1246 magistri
1489 1206 1646 1237 loliannis
1673 1208 1713 1238 de
1739 1210 1856 1238 sancto
1883 1206 2012 1247 Angelo

457 1266 534 1296 dieti
562 1264 702 1297 Ordinis
717 1267 821 1297 sancti
840 1266 1064 1307 Augustini...
1083 1268 1202 1299 sindici
1219 1269 1370 1299 eiusdem
1387 1270 1625 1300 monasterii...
1645 1268 1810 1301 Cominus
1826 1270 1865 1300 de
1882 1270 2011 1301 Modiis

187 1329 218 1358 et
245 1327 474 1360 Bernardinus
500 1329 540 1359 de
568 1328 711 1359 Lissono
739 1329 879 1360 heredes
906 1330 1115 1361 universales
1153 1331 1324 1370 quondam
1365 1332 1513 1371 magistri
1541 1331 1676 1362 Antonii
1704 1332 1744 1363 de
1771 1332 1899 1363 Modiis
1932 1332 2010 1363 olim

186 1388 298 1421 fratris
324 1391 402 1422 dicti
430 1390 610 1423 Comini....
637 1390 764 1430 offrono
782 1391 899 1430 fiorini
920 1392 1007 1423 22...
1036 1402 1095 1432 pro
1122 1393 1198 1423 ficto
1225 1393 1367 1424 duorum
1394 1402 1569 1431 annorum,
1596 1394 1654 1425 clze
1672 1393 1841 1434 fini'ralmo
1868 1394 1919 1425 col
1939 1404 2011 1425 ven-

188 1454 258 1483 turo
284 1452 316 1485 S.
342 1453 495 1489 Martino,
523 1454 557 1484 cli
581 1462 646 1484 una
672 1462 752 1484 casa
789 1462 849 1485 con
887 1454 1039 1494 botteglre
1064 1456 1095 1486 [n
1121 1454 1321 1486 Purrocclzia
1347 1455 1382 1486 cli
1406 1454 1438 1487 S.
1468 1454 1664 1487 Gemim'ano
1691 1465 1708 1487 ι)
1735 1456 1769 1487 di
1797 1456 1829 1487 S.
1857 1457 2005 1493 Miclzele,

185 1515 244 1554 gia>
270 1516 422 1546 investita
459 1515 494 1546 al
528 1516 616 1547 detto
635 1515 676 1556 fu
702 1515 923 1555 A11t011t'0(l).
950 1517 1014 1547 Fra
1040 1518 1051 1548 ι’
1074 1518 1169 1548 testi:
1209 1516 1425 1549 Reverendus
1463 1526 1555 1549 sacre
1594 1518 1715 1558 pagine
1753 1518 1926 1558 professor
1952 1519 2012 1549 (lo-

188 1578 299 1609 minus
325 1579 484 1619 magister
512 1578 673 1609 Marelius
699 1579 739 1609 de
766 1577 925 1619 Caprotis
952 1579 991 1610 de
1019 1579 1202 1616 Modoetia,
1230 1580 1319 1610 tilius
1346 1580 1517 1619 quondam
1545 1581 1671 1611 domini
1700 1580 1831 1612 Paxini.

953 1753 1240 1792 DLXVIII.

277 1861 304 1888 11
331 1861 494 1897 Capitolo
520 1862 555 1889 di
581 1862 616 1890 S.
644 1862 819 1897 Agostino
845 1871 1011 1897 competa
1037 1863 1079 1890 ed
1105 1862 1242 1890 investe
1269 1872 1335 1890 una
1363 1863 1466 1898 vigna
1492 1863 1548 1891 nel
1575 1863 1807 1892 Siecomario.

795 1966 942 1997 1492,
976 1967 1292 1998 (lieennlvre,
1320 1967 1396 1992 18.

699 2054 776 2074 (Aren.
794 2054 874 2074 Notat,
892 2054 912 2074 di
931 2054 1008 2075 Pavia.
1026 2065 1050 2067 —
1067 2055 1114 2075 Atti
1131 2055 1152 2075 di
1169 2054 1226 2075 Crian
1242 2055 1353 2075 Giacomu
1370 2055 1500 2079 Canevari).

297 2189 346 2305 Ι
437 2221 460 2247 Ν
485 2216 627 2247 citadela
652 2217 799 2247 civitatis
826 2215 939 2256 papie,
967 2216 1121 2247 videlicet
1149 2217 1179 2247 in
1207 2217 1281 2248 loco
1307 2216 1455 2257 Capituli
1483 2218 1676 2248 monasterii
1703 2218 1808 2248 sancti
1829 2217 2008 2259 Augustini

458 2280 523 2310 sito
550 2280 581 2310 in
608 2279 695 2310 dicta
720 2279 907 2310 citadela....
936 2278 1097 2310 Giacomo
1123 2279 1166 2310 (iu
1194 2278 1370 2318 Clzignolo,
1399 2287 1460 2318 per
1481 2278 1538 2309 lire
1562 2279 1630 2310 400
1652 2279 1824 2319 Imperiosi,
1853 2279 1952 2310 vende
1978 2279 2012 2310 ιιΙ

292 2376 303 2378 ⁷⁷
458 2341 643 2372 reverendo
669 2343 699 2372 et
726 2341 978 2372 venerabilibus
1004 2341 1151 2372 dominis
1189 2341 1350 2381 magistro
1388 2340 1583 2372 Alexandro
1609 2342 1649 2372 de
1677 2340 1782 2381 Papia
1809 2340 1926 2379 Priori,
1952 2342 2012 2372 do-

192 2403 282 2434 mino
308 2404 469 2444 magistro
496 2403 632 2434 Iohanni
660 2404 700 2434 de
727 2405 845 2434 sancto
882 2402 1022 2444 Angelo,
1060 2403 1198 2434 domino
1236 2404 1397 2443 magistro
1435 2402 1582 2434 Antonio
1609 2403 1649 2434 de
1676 2403 1746 2441 Ast,
1780 2404 1918 2434 domino
1945 2413 2013 2435 ma—

189 2466 294 2506 gistro
320 2465 457 2496 Iohanni
485 2465 697 2496 Bertolanieo
723 2465 763 2496 de
790 2465 983 2503 Valmaelia,
1010 2465 1148 2496 domino
1174 2465 1264 2496 fratri
1293 2465 1425 2496 Azidree
1452 2465 1492 2496 de
1520 2465 1718 2496 Mediolano
1745 2465 1925 2504 bacalario‚
1952 2467 2012 2497 do-

191 2528 280 2559 mino
305 2527 396 2559 fratri
423 2527 560 2559 Iohanni
587 2527 798 2559 Bertolameo
824 2528 865 2559 de
891 2526 1082 2560 Castelacio
1109 2528 1244 2565 biblico,
1270 2527 1360 2559 fratri
1388 2527 1496 2568 Filipo
1523 2528 1563 2559 de
1582 2528 1757 2559 Vincentia
1777 2528 1901 2566 lectori,
1919 2528 2010 2559 fratri

192 2589 298 2621 Paulo
323 2590 364 2621 de
390 2589 495 2621 Puteo
521 2593 552 2621 et
577 2590 667 2622 fratri
695 2589 831 2621 Didimo
858 2590 978 2621 Braide
1006 2591 1142 2627 vicario,
1179 2590 1339 2621 omnibus
1375 2589 1536 2621 fratribus
1573 2589 1739 2630 professis
1764 2592 1953 2621 conventus
1979 2593 2009 2621 et

190 2653 331 2684 ecclesie
356 2654 462 2684 sancti
489 2653 668 2694 Augustini
697 2652 811 2693 Papie,
838 2652 977 2685 Ordinis
1004 2653 1244 2683 Heremitarum
1271 2652 1421 2683 eiusdem
1449 2653 1554 2683 sancti
1582 2652 1773 2693 Augustini,
1800 2661 1858 2683 nec
1885 2662 1950 2683 non
1977 2655 2008 2683 et

192 2716 331 2756 reliquis
355 2715 516 2748 fratribus
541 2716 586 2747 ibi
613 2725 679 2747 non
717 2716 933 2756 presentibus
958 2717 989 2746 et
1016 2716 1046 2746 in
1073 2716 1163 2746 dicto
1200 2717 1368 2746 conventu
1407 2715 1664 2753 ressidentibus,
1697 2724 1762 2746 ima
1789 2715 1888 2755 vigne
1912 2715 1947 2746 di
1968 2716 2014 2747 30

187 2778 333 2818 pertiche
357 2779 452 2814 circa,
478 2778 531 2809 nel
555 2777 756 2810 Siccomcm‘o
783 2778 838 2809 ubi
866 2778 985 2809 dicitur
1011 2778 1052 2809 ad
1079 2777 1252 2809 Novellas.

250 2936 280 2960 (1)
295 2935 313 2956 Α
329 2935 453 2961 proposito
474 2935 495 2956 di
512 2937 596 2961 questa
611 2941 673 2961 casa,
698 2936 813 2956 troviamo
835 2941 864 2956 un
887 2937 1027 2961 pagamento
1052 2934 1073 2955 di
1131 2939 1170 2959 per
1185 2933 1262 2954 altitio
1278 2934 1299 2954 di
1315 2934 1328 2954 2
1342 2933 1394 2954 anni
1410 2933 1470 2954 tatto
1486 2933 1514 2954 da
1530 2933 1631 2954 Antonio
1646 2933 1674 2953 de
1691 2933 1777 2953 Mediis
1792 2933 1830 2953 all·
1841 2933 1916 2953 iniero
1940 2932 2009 2958 Cam<

197 2980 274 3001 atlitto
290 2980 311 3001 di
326 2980 367 3001 lire
381 2980 415 3006 28,
430 2979 490 3001 fatto
505 2980 534 3000 da
550 2985 580 3001 un
595 2980 709 3001 Giovanni
726 2979 781 3001 Cani
797 2980 818 3000 al
840 2979 994 3000 Procurator-e
1010 2979 1031 2999 di
1047 2978 1070 2999 S.
1127 2979 1176 2999 tolo
1191 2978 1212 2998 di
1229 2978 1252 2999 S,
1268 2978 1397 3003 Agostin0‚
1420 2983 1462 2999 con
1488 2979 1539 2999 atto
1558 2978 1617 3003 degli
1633 2978 1646 2998 8
1661 2978 1787 2998 novembre
1805 2978 1862 3002 1490,
1879 2978 1962 3001 rogato
1978 2977 2006 2997 (Μ

197 3024 320 3051 Agostino,
334 3024 394 3045 frate
408 3024 550 3045 Alessandro
565 3024 634 3046 Vitali
650 3024 679 3045 da
695 3023 774 3050 Pavia‚
789 3024 810 3045 ai
826 3024 838 3044 4
854 3029 932 3044 marzo
950 3023 1007 3048 1489,
1029 3028 1072 3044 con
1128 3022 1223 3048 Giorgio
1239 3022 1331 3043 Por-zio.

197 3071 250 3091 atto
265 3070 347 3095 rogato
362 3069 391 3090 da
407 3068 518 3091 Riccardo
534 3068 661 3095 Pasquoni;
677 3068 705 3090 ed
721 3075 750 3090 un
767 3069 908 3095 pagamento
923 3068 945 3089 di
961 3068 1036 3089 fiorini
1051 3067 1078 3088 22
