2347 3444
329 176 370 207 32

328 311 443 342 dierna
469 311 522 342 die
550 311 581 342 in
607 313 705 342 antea
747 319 854 351 usque
880 311 921 342 ad
949 313 1098 342 nostrum
1138 310 1397 350 beneplacitum,
1423 318 1497 340 cum
1525 309 1658 346 salarie,
1697 308 1896 340 utilitatibus
1922 311 1953 340 et
1979 309 2143 349 prehemi-

328 374 449 405 nentiis
475 374 560 405 alias
586 374 750 405 ordinatis
778 373 840 414 ipsi
869 373 1028 413 magistro
1055 372 1269 404 Bartolomeo
1295 372 1367 403 sive
1394 380 1452 412 per
1478 371 1588 411 ipsum
1615 380 1656 402 ex
1683 371 1772 402 dicta
1799 371 1922 402 lectura
1949 371 2075 411 percipi
2113 374 2144 403 et

328 436 441 467 haberi
468 437 652 472 consuetis,
679 436 915 467 constituimus
941 438 971 466 et
998 435 1221 475 deputamus:
1250 435 1421 465 hortantes
1448 433 1659 465 venerabiles
1687 432 1843 466 Rectores
1871 433 2008 473 predicti
2036 434 2140 465 nostri

329 497 448 535 Studii,
475 498 743 538 mandantesque
771 498 944 538 Magistris
973 497 1165 528 lntratarum
1205 499 1391 527 nostrarum
1418 498 1448 527 et
1474 495 1549 527 aliis
1575 496 1734 527 omnibus
1759 496 1800 526 ad
1827 504 1914 536 quos
1939 498 2069 536 spectat
2096 495 2145 526 of-

327 561 496 593 ficialibus
523 562 658 598 nostris,
685 564 853 600 quatenus
880 560 1148 600 prenominatum
1176 559 1370 599 magistrum
1398 557 1539 590 Paulum
1565 559 1606 590 ad
1634 559 1748 590 sedem
1787 559 1894 599 ipsius
1921 559 2044 590 lecture
2086 568 2146 599 po-

329 626 406 655 nant
432 627 462 655 et
489 624 657 658 inducant.
685 623 900 663 positumque
927 623 957 652 in
985 622 1058 661 ipsa
1093 621 1216 652 lectura
1254 623 1491 652 manuteneant
1528 621 1650 661 quavis
1687 621 1951 652 contradictione
1977 623 2144 659 cessante,

329 686 463 726 sibique
489 686 530 716 de
558 685 718 725 predictis
756 684 889 718 salario,
927 683 1080 714 comodis
1107 685 1137 714 et
1164 682 1374 720 utilitatibus,
1401 682 1523 714 amodo
1563 683 1722 723 congruis
1759 683 1979 723 temporibus,
2018 683 2145 723 integre

330 748 557 788 respondeant
583 750 613 778 et
640 747 761 778 faciant
789 755 862 777 cum
889 745 1008 777 effectu
1036 745 1243 785 responderi.
1271 744 1303 776 ln
1330 754 1472 785 quorum
1499 746 1738 783 testimonium,
1764 748 1824 777 etc.
1851 744 1926 777 Dat.
1947 745 2144 783 Mediolani,

326 811 380 842 die
407 810 464 851 xxj
492 809 627 850 Aprilis,
655 808 826 848 mccccvij,
853 807 1035 839 indictione
1062 817 1117 838 xv.
1146 807 1321 839 lohannes.

1172 983 1318 1023 CLV.

421 1096 487 1123 Per
513 1094 547 1123 lo
573 1093 750 1129 stipendio
776 1093 810 1121 di
837 1093 925 1121 frate
952 1093 1063 1121 Paolo
1089 1093 1133 1121 da
1159 1092 1365 1129 Cambiago,
1393 1093 1596 1129 professore
1622 1092 1887 1121 universitario.

964 1215 1120 1246 1407,
1150 1221 1255 1239 ιῑῖιει
1261 1215 1406 1247 ggio,
1436 1215 1513 1239 31.

672 1304 749 1325 iArcti.
766 1304 802 1325 del
819 1303 941 1325 Rettorato
957 1303 1009 1324 dell'
1021 1303 1087 1324 Univ.
1104 1303 1125 1323 di
1143 1302 1212 1323 Pavia
1228 1314 1252 1316 -
1269 1302 1283 1323 1Δ
1301 1302 1406 1328 ΡΑΗΟΟΙ,
1422 1303 1481 1323 Acta
1496 1302 1583 1328 studii,
1600 1302 1645 1323 vol,
1662 1302 1696 1328 C.,
1712 1302 1751 1323 tol.
1767 1303 1809 1326 45).

573 1508 605 1534 ffi
631 1503 746 1534 ultimo
773 1503 860 1534 rnaii.
887 1502 1052 1543 Magistro
1067 1501 1173 1533 Paulo
1191 1502 1232 1533 de
1251 1500 1439 1543 Cambiago
1457 1502 1498 1533 de
1517 1502 1725 1541 Mediolano,
1744 1501 1882 1534 Ordinis
1901 1502 2142 1534 Heremitarum

403 1491 511 1607 D
565 1579 568 1595 s
596 1567 701 1597 sancti
729 1565 921 1606 Augustini,
946 1565 1108 1605 deputato
1133 1565 1175 1596 ad
1203 1565 1383 1606 legendum
1409 1565 1441 1595 in
1468 1573 1564 1596 sacra
1590 1565 1724 1605 pagina,
1751 1564 1825 1596 loco
1851 1565 1999 1605 magistri
2027 1563 2143 1596 Berto-

351 1666 414 1667 j
525 1664 561 1665 j
596 1629 693 1660 lamei
720 1629 761 1660 de
787 1626 900 1660 Caciis
926 1637 944 1660 a
970 1628 1060 1659 dicta
1087 1627 1212 1659 lectura
1239 1628 1396 1665 revocati,
1422 1628 1538 1668 vigore
1564 1627 1746 1659 litterarum
1773 1627 1989 1659 illustrissimi
2009 1626 2143 1658 Domini

330 1692 432 1723 nostri
460 1692 611 1723 datarum
639 1691 825 1722 Mediolani
851 1691 887 1721 21
918 1690 1034 1731 aprilis
1064 1690 1157 1728 1407,
1183 1691 1239 1730 qui
1267 1699 1379 1722 earum
1406 1690 1521 1732 vigore
1547 1690 1671 1722 dictam
1699 1690 1857 1722 lecturam
1889 1690 2059 1722 inchoavit
2091 1689 2145 1721 die

330 1754 372 1785 22
390 1754 540 1786 eiusdem
567 1754 705 1791 mensis,
731 1754 772 1785 ad
800 1756 994 1794 computum
1021 1755 1219 1784 consuetum
1246 1752 1279 1784 L.
1305 1754 1335 1791 5,
1361 1753 1423 1785 sol.
1449 1753 1479 1791 6,
1505 1753 1581 1785 den.
1609 1753 1639 1791 8,
1664 1750 1725 1793 (l).

1159 1919 1333 1960 CLVI.

420 2029 567 2058 Lascito
592 2029 862 2058 testamentario
888 2029 943 2058 del
969 2029 1050 2058 nob.
1079 2029 1232 2058 Antonio
1259 2029 1475 2057 Sannazzari
1502 2037 1521 2057 a
1547 2029 1668 2057 favore
1694 2028 1728 2057 di
1754 2029 1789 2058 S.
1816 2028 2002 2065 Agostino.

1014 2152 1168 2183 1408,
1197 2151 1396 2184 lttglj09
1426 2152 1478 2176 9.

855 2241 933 2265 (Ascli⁴
951 2241 1029 2262 Notar.
1047 2241 1068 2261 di
1093 2240 1163 2261 Pavia
1181 2251 1204 2254 —
1220 2240 1267 2262 Atti
1284 2240 1305 2261 di
1323 2240 1471 2261 Bartolomeo
1488 2239 1627 2263 lsimbardi).

410 2426 547 2541 Ἢ
581 2444 750 2478 CCCCVlll,
776 2440 829 2471 die
856 2449 944 2471 nono
970 2440 1096 2471 mensis
1127 2439 1207 2471 lulii.
1245 2439 1378 2471 Nobilis
1404 2441 1435 2471 et
1460 2440 1615 2480 egregius
1641 2439 1690 2470 vir
1715 2439 1871 2469 dominus
1909 2437 2075 2469 Antonius
2109 2446 2151 2469 ex

395 2482 429 2541 A
604 2503 775 2533 nobilibus
801 2503 905 2533 sancti
933 2502 1064 2533 Nazarii
1092 2501 1358 2542 Bergondiorum
1384 2503 1473 2533 tilius
1499 2502 1668 2543 quondam
1699 2501 1823 2532 domini
1862 2499 1988 2539 Sallini‚
2014 2500 2066 2532 nel
2089 2509 2148 2532 suo

552 2602 570 2603 ἶ
604 2567 796 2597 testamento
822 2565 935 2601 lasela,
963 2564 1153 2597 Conventui
1180 2567 1211 2596 et
1237 2564 1354 2597 Ordini
1382 2564 1531 2596 Fratrum
1558 2563 1800 2595 Heremitarum
1827 2563 1931 2594 sancti
1970 2562 2149 2604 Augustini

335 2626 449 2667 l’apie,
476 2629 609 2668 singulo
638 2638 736 2665 anno,
764 2629 871 2659 minas
897 2630 964 2659 tres
990 2628 1171 2668 papienses
1195 2627 1349 2659 turmenti
1376 2629 1406 2659 et
1432 2627 1539 2658 minas
1565 2629 1631 2658 tres
1657 2626 1818 2664 sicliallis,
1860 2635 1919 2666 pro
1945 2626 2069 2657 divinis
2107 2625 2156 2657 of-

337 2691 423 2722 ficiis
449 2691 663 2722 celebrandis
690 2700 750 2730 pro
775 2691 885 2722 anima
912 2691 1021 2730 ipsius
1047 2691 1227 2722 testatoris.

340 2848 376 2868 del
394 2848 545 2868 dnnienicnnn
561 2847 619 2868 irate
637 2847 784 2868 Bartolomco
801 2847 891 2872 enecta,
907 2849 1008 2868 sebbenc
1024 2848 1082 2868 nelle
1107 2848 1219 2869 Memorio
1274 2847 1410 2868 incomincio
1425 2847 1438 2867 il
1455 2852 1498 2867 suo
1513 2846 1689 2871 insegnamenti)
1701 2846 1804 2871 ilgiorno
1819 2846 1844 2866 22
1854 2846 1934 2872 aprile,
1946 2851 2011 2866 come
2022 2845 2102 2867 risulta
2114 2845 2150 2866 dal

342 2898 354 2913 e
370 2892 511 2913 Documenti
530 2898 573 2918 por
588 2893 611 2912 ln
627 2894 685 2912 sior.
703 2891 758 2912 ‹li-ll'
771 2892 845 2915 Urriu,
870 2892 914 2912 vol.
933 2892 947 2916 l,
965 2898 1016 2917 pag.
1036 2892 1079 2917 188,
1096 2893 1113 2912 si
1130 2892 1181 2913 dica
1197 2892 1218 2912 in
1275 2892 1415 2912 documento
1431 2892 1549 2916 seguentc.
1568 2891 1582 2911 ll
1598 2896 1641 2911 sno
1663 2890 1780 2916 stipendio
1803 2891 1840 2916 poi
1857 2890 1958 2911 secondo
1974 2890 1987 2910 il
2004 2889 2087 2911 Rotolo
2103 2890 2150 2910 uni-

343 2937 412 2957 rnodo
428 2937 534 2961 generico
550 2937 591 2957 elie
607 2936 642 2957 cio
661 2942 764 2957 avvcnnc
781 2937 815 2962 pci
833 2937 985 2961 rivolgimenti
999 2937 1093 2962 politici.
1112 2936 1168 2962 Egit,
1181 2942 1221 2962 per
1277 2935 1398 2956 versitario
1414 2934 1450 2955 del
1468 2935 1525 2960 1407,
1541 2934 1678 2955 incomincif)
1693 2940 1705 2955 a
1722 2934 1863 2959 computarsi
1887 2934 1922 2954 dal
1943 2934 2024 2959 giorno
2040 2934 2113 2959 primo
2129 2933 2150 2954 di

342 2982 410 3006 altro,
433 2981 467 3002 nel
486 2982 536 3002 1409
551 2981 573 3001 iu
590 2982 661 3002 eletio
677 2981 697 3001 nl
714 2981 846 3001 vescovado
869 2981 890 3001 di
915 2980 1026 3001 Piaccnza
1050 2971 1221 3006 (ΤΙΒΑΒΟΞΕΗΙ,
1280 2979 1378 3005 magum.

342 3026 405 3046 Sion
429 3026 492 3046 della
516 3026 574 3046 Len.
598 3026 661 3050 liat..
685 3028 740 3046 torn.
765 3025 801 3050 Vl,
826 3027 885 3051 part.
903 3025 918 3050 l,
942 3026 979 3045 lib.
997 3025 1022 3049 ll,
1039 3031 1088 3050 cap.
1105 3026 1125 3049 5,
1142 3031 1162 3046 η,
1180 3026 1221 3050 21),
1330 3024 1360 3047 (ll
1377 3024 1391 3044 ll
1408 3023 1490 3044 Parodi
1514 3023 1614 3044 desunsc
1636 3023 1649 3043 il
1673 3023 1813 3044 documento
1835 3023 1872 3043 dal
1895 3031 1905 3039 «
1923 3023 1987 3043 Liber
2011 3022 2152 3043 Bulletarurn

342 3071 409 3090 l-'rate
426 3070 497 3091 Panlo
513 3070 541 3091 da
558 3070 693 3095 Cambiago,
710 3076 753 3091 suo
765 3076 901 3091 successore
918 3070 975 3090 nella
985 3070 1089 3090 cattedru
1101 3070 1223 3096 teologicn,
1280 3069 1380 3090 omniurn
1397 3068 1529 3089 officialium
1546 3069 1567 3088 et
1584 3068 1705 3089 doctorum
1721 3070 1743 3089 ct
1760 3068 1860 3088 onmium
1879 3067 2012 3088 habentium
2035 3067 2151 3089 salarium.
