<?xml version="1.0" encoding="UTF-8"?>
<!DOCTYPE html PUBLIC "-//W3C//DTD XHTML 1.0 Transitional//EN"
    "http://www.w3.org/TR/xhtml1/DTD/xhtml1-transitional.dtd">
<html xmlns="http://www.w3.org/1999/xhtml" xml:lang="en" lang="en">
 <head>
  <title>
</title>
<meta http-equiv="Content-Type" content="text/html;charset=utf-8" />
  <meta name='ocr-system' content='tesseract 3.04.00' />
  <meta name='ocr-capabilities' content='ocr_page ocr_carea ocr_par ocr_line ocrx_word'/>
</head>
<body>
  <div class='ocr_page' id='page_1' title='image "./codexdiplomaticu02maiouoft_0256.png"; bbox 0 0 2347 3444; ppageno 0'>
   <div class='ocr_carea' id='block_1_1' title="bbox 253 219 318 251">
    <p class='ocr_par' dir='ltr' id='par_1_1' title="bbox 253 219 318 251">
     <span class='ocr_line' id='line_1_1' title="bbox 253 219 318 251; baseline 0 -1"><span class='ocrx_word' id='word_1_1' title='bbox 253 219 318 251; x_wconf 82' lang='lat'><em>206</em></span> 
     </span>
    </p>
   </div>
   <div class='ocr_carea' id='block_1_2' title="bbox 1546 287 2078 292">
    <p class='ocr_par' dir='ltr' id='par_1_2' title="bbox 1546 287 2078 292">
     <span class='ocr_line' id='line_1_2' title="bbox 1546 287 2078 292; baseline 0 0"><span class='ocrx_word' id='word_1_2' title='bbox 1546 287 2078 292; x_wconf 95' lang='lat' dir='ltr'><em> </em></span> 
     </span>
    </p>
   </div>
   <div class='ocr_carea' id='block_1_3' title="bbox 236 285 911 293">
    <p class='ocr_par' dir='ltr' id='par_1_3' title="bbox 236 285 911 293">
     <span class='ocr_line' id='line_1_3' title="bbox 236 285 911 293; baseline 0 0"><span class='ocrx_word' id='word_1_3' title='bbox 236 285 911 293; x_wconf 95' lang='lat' dir='ltr'><em> </em></span> 
     </span>
    </p>
   </div>
   <div class='ocr_carea' id='block_1_4' title="bbox 243 349 2069 702">
    <p class='ocr_par' dir='ltr' id='par_1_4' title="bbox 243 349 2069 702">
     <span class='ocr_line' id='line_1_4' title="bbox 252 349 2069 393; baseline 0.001 -11"><span class='ocrx_word' id='word_1_4' title='bbox 252 354 306 383; x_wconf 88' lang='lat' dir='ltr'><em>tus</em></span> <span class='ocrx_word' id='word_1_5' title='bbox 324 352 364 383; x_wconf 89' lang='lat' dir='ltr'><em>de</em></span> <span class='ocrx_word' id='word_1_6' title='bbox 383 351 532 393; x_wconf 81' lang='lat' dir='ltr'>Bugella,</span> <span class='ocrx_word' id='word_1_7' title='bbox 547 352 645 384; x_wconf 90' lang='lat' dir='ltr'><em>frater</em></span> <span class='ocrx_word' id='word_1_8' title='bbox 664 352 834 393; x_wconf 82' lang='lat' dir='ltr'><em>Eugenius</em></span> <span class='ocrx_word' id='word_1_9' title='bbox 853 352 892 383; x_wconf 91' lang='lat' dir='ltr'><em>de</em></span> <span class='ocrx_word' id='word_1_10' title='bbox 912 351 1027 392; x_wconf 81' lang='lat' dir='ltr'><em>Papia,</em></span> <span class='ocrx_word' id='word_1_11' title='bbox 1042 351 1140 382; x_wconf 87' lang='lat' dir='ltr'><em>frater</em></span> <span class='ocrx_word' id='word_1_12' title='bbox 1159 351 1332 382; x_wconf 79' lang='lat' dir='ltr'>Barnabas</span> <span class='ocrx_word' id='word_1_13' title='bbox 1350 350 1390 381; x_wconf 89' lang='lat' dir='ltr'><em>de</em></span> <span class='ocrx_word' id='word_1_14' title='bbox 1409 350 1527 388; x_wconf 86' lang='lat' dir='ltr'><em>Brisia,</em></span> <span class='ocrx_word' id='word_1_15' title='bbox 1542 350 1640 382; x_wconf 88' lang='lat' dir='ltr'><em>frater</em></span> <span class='ocrx_word' id='word_1_16' title='bbox 1658 350 1807 392; x_wconf 81' lang='lat' dir='ltr'>Angelus</span> <span class='ocrx_word' id='word_1_17' title='bbox 1825 352 1865 383; x_wconf 88' lang='lat' dir='ltr'><em>de</em></span> <span class='ocrx_word' id='word_1_18' title='bbox 1884 350 2003 384; x_wconf 84' lang='lat' dir='ltr'><em>Salis...</em></span> <span class='ocrx_word' id='word_1_19' title='bbox 2017 349 2069 392; x_wconf 86' lang='lat'><em>(1)</em></span> 
     </span>
     <span class='ocr_line' id='line_1_5' title="bbox 252 411 2067 455; baseline 0.001 -11"><span class='ocrx_word' id='word_1_20' title='bbox 252 415 308 454; x_wconf 86' lang='lat' dir='ltr'><em>qui</em></span> <span class='ocrx_word' id='word_1_21' title='bbox 335 417 411 445; x_wconf 85' lang='lat' dir='ltr'><em>sunt</em></span> <span class='ocrx_word' id='word_1_22' title='bbox 436 414 503 445; x_wconf 85' lang='lat' dir='ltr'><em>fere</em></span> <span class='ocrx_word' id='word_1_23' title='bbox 529 417 632 446; x_wconf 88' lang='lat' dir='ltr'><em>totum</em></span> <span class='ocrx_word' id='word_1_24' title='bbox 659 417 689 445; x_wconf 88' lang='lat' dir='ltr'><em>et</em></span> <span class='ocrx_word' id='word_1_25' title='bbox 716 415 878 455; x_wconf 83' lang='lat' dir='ltr'><em>integrum</em></span> <span class='ocrx_word' id='word_1_26' title='bbox 912 414 1138 454; x_wconf 72' lang='lat' dir='ltr'><em>capitulum...</em></span> <span class='ocrx_word' id='word_1_27' title='bbox 1175 412 1310 443; x_wconf 75' lang='lat' dir='ltr'><em>Avendo</em></span> <span class='ocrx_word' id='word_1_28' title='bbox 1347 411 1370 442; x_wconf 90' lang='lat' dir='ltr'><em>il</em></span> <span class='ocrx_word' id='word_1_29' title='bbox 1405 413 1590 443; x_wconf 82' lang='lat' dir='ltr'><em>monastero</em></span> <span class='ocrx_word' id='word_1_30' title='bbox 1622 421 1683 452; x_wconf 81' lang='lat' dir='ltr'><em>per</em></span> <span class='ocrx_word' id='word_1_31' title='bbox 1716 415 1908 445; x_wconf 77' lang='lat' dir='ltr'><em>testamento</em></span> <span class='ocrx_word' id='word_1_32' title='bbox 1945 413 1998 445; x_wconf 77' lang='lat' dir='ltr'><em>del</em></span> <span class='ocrx_word' id='word_1_33' title='bbox 2026 413 2067 454; x_wconf 83' lang='lat' dir='ltr'><em>su</em></span> 
     </span>
     <span class='ocr_line' id='line_1_6' title="bbox 254 473 2065 516; baseline -0.001 -9"><span class='ocrx_word' id='word_1_34' title='bbox 254 474 414 508; x_wconf 83' lang='lat' dir='ltr'><em>Giacomo</em></span> <span class='ocrx_word' id='word_1_35' title='bbox 439 476 598 516; x_wconf 79' lang='lat' dir='ltr'><em>Lamlolfi.</em></span> <span class='ocrx_word' id='word_1_36' title='bbox 625 478 741 515; x_wconf 74' lang='lat' dir='ltr'><em>rogato</em></span> <span class='ocrx_word' id='word_1_37' title='bbox 767 476 809 507; x_wconf 81' lang='lat' dir='ltr'><em>a&#39;a</em></span> <span class='ocrx_word' id='word_1_38' title='bbox 835 476 1017 507; x_wconf 74' lang='lat' dir='ltr'><em>Franccsco</em></span> <span class='ocrx_word' id='word_1_39' title='bbox 1036 474 1125 511; x_wconf 76' lang='lat' dir='ltr'><em>Sisti,</em></span> <span class='ocrx_word' id='word_1_40' title='bbox 1140 474 1298 505; x_wconf 77' lang='lat' dir='ltr'><em>ereditato</em></span> <span class='ocrx_word' id='word_1_41' title='bbox 1316 474 1344 504; x_wconf 79' lang='lat' dir='ltr'><em>le</em></span> <span class='ocrx_word' id='word_1_42' title='bbox 1357 473 1523 514; x_wconf 76' lang='lat' dir='ltr'><em>proprieta</em></span> <span class='ocrx_word' id='word_1_43' title='bbox 1541 473 1576 505; x_wconf 78' lang='lat' dir='ltr'><em>cli</em></span> <span class='ocrx_word' id='word_1_44' title='bbox 1589 473 1636 505; x_wconf 80' lang='lat' dir='ltr'><em>lui</em></span> <span class='ocrx_word' id='word_1_45' title='bbox 1650 474 1704 505; x_wconf 81' lang='lat' dir='ltr'><em>nel</em></span> <span class='ocrx_word' id='word_1_46' title='bbox 1716 475 1873 506; x_wconf 84' lang='lat' dir='ltr'><em>territorio</em></span> <span class='ocrx_word' id='word_1_47' title='bbox 1890 476 1925 506; x_wconf 79' lang='lat' dir='ltr'><em>ali</em></span> <span class='ocrx_word' id='word_1_48' title='bbox 1941 474 2065 511; x_wconf 84' lang='lat' dir='ltr'><em>Breme,</em></span> 
     </span>
     <span class='ocr_line' id='line_1_7' title="bbox 245 534 2067 578; baseline -0.001 -9"><span class='ocrx_word' id='word_1_49' title='bbox 245 547 307 578; x_wconf 81' lang='lat' dir='ltr'><em>per</em></span> <span class='ocrx_word' id='word_1_50' title='bbox 328 539 356 570; x_wconf 79' lang='lat' dir='ltr'><em>le</em></span> <span class='ocrx_word' id='word_1_51' title='bbox 381 538 473 578; x_wconf 81' lang='lat' dir='ltr'><em>quali</em></span> <span class='ocrx_word' id='word_1_52' title='bbox 497 539 519 570; x_wconf 90' lang='lat' dir='ltr'><em>il</em></span> <span class='ocrx_word' id='word_1_53' title='bbox 544 537 695 578; x_wconf 80' lang='lat' dir='ltr'><em>Lamlolfi</em></span> <span class='ocrx_word' id='word_1_54' title='bbox 719 547 772 569; x_wconf 79' lang='lat' dir='ltr'><em>cru</em></span> <span class='ocrx_word' id='word_1_55' title='bbox 799 539 829 568; x_wconf 80' lang='lat' dir='ltr'><em>in</em></span> <span class='ocrx_word' id='word_1_56' title='bbox 855 538 909 568; x_wconf 77' lang='lat' dir='ltr'><em>lite</em></span> <span class='ocrx_word' id='word_1_57' title='bbox 935 545 994 567; x_wconf 80' lang='lat' dir='ltr'><em>con</em></span> <span class='ocrx_word' id='word_1_58' title='bbox 1020 537 1098 567; x_wconf 80' lang='lat' dir='ltr'><em>certi</em></span> <span class='ocrx_word' id='word_1_59' title='bbox 1121 536 1264 567; x_wconf 80' lang='lat' dir='ltr'><em>consorti</em></span> <span class='ocrx_word' id='word_1_60' title='bbox 1290 534 1377 567; x_wconf 87' lang='lat' dir='ltr'><em>Colli</em></span> <span class='ocrx_word' id='word_1_61' title='bbox 1400 535 1435 567; x_wconf 77' lang='lat' dir='ltr'><em>cli</em></span> <span class='ocrx_word' id='word_1_62' title='bbox 1458 535 1534 575; x_wconf 80' lang='lat' dir='ltr'><em>quel</em></span> <span class='ocrx_word' id='word_1_63' title='bbox 1568 536 1736 574; x_wconf 84' lang='lat' dir='ltr'><em>territorio,</em></span> <span class='ocrx_word' id='word_1_64' title='bbox 1768 545 1830 576; x_wconf 83' lang='lat' dir='ltr'><em>per</em></span> <span class='ocrx_word' id='word_1_65' title='bbox 1852 539 1999 568; x_wconf 81' lang='lat' dir='ltr'><em>troncare</em></span> <span class='ocrx_word' id='word_1_66' title='bbox 2035 537 2067 568; x_wconf 90' lang='lat' dir='ltr'><em>la</em></span> 
     </span>
     <span class='ocr_line' id='line_1_8' title="bbox 250 596 2067 637; baseline 0 -7"><span class='ocrx_word' id='word_1_67' title='bbox 250 600 468 631; x_wconf 71' lang='lat' dir='ltr'><em>controversia</em></span> <span class='ocrx_word' id='word_1_68' title='bbox 494 600 666 631; x_wconf 63' lang='lat' dir='ltr'><em>atitiim&#39;ene</em></span> <span class='ocrx_word' id='word_1_69' title='bbox 692 608 711 630; x_wconf 90' lang='lat' dir='ltr'><em>a</em></span> <span class='ocrx_word' id='word_1_70' title='bbox 737 599 942 630; x_wconf 79' lang='lat' dir='ltr'><em>transazt&#39;oai</em></span> <span class='ocrx_word' id='word_1_71' title='bbox 966 598 1018 628; x_wconf 87' lang='lat' dir='ltr'><em>coi</em></span> <span class='ocrx_word' id='word_1_72' title='bbox 1044 596 1148 633; x_wconf 78' lang='lat' dir='ltr'><em>Colli,</em></span> <span class='ocrx_word' id='word_1_73' title='bbox 1187 598 1198 628; x_wconf 89' lang='lat' dir='ltr'><em>i</em></span> <span class='ocrx_word' id='word_1_74' title='bbox 1221 596 1314 636; x_wconf 81' lang='lat' dir='ltr'><em>quali</em></span> <span class='ocrx_word' id='word_1_75' title='bbox 1337 597 1367 628; x_wconf 86' lang='lat' dir='ltr'><em>si</em></span> <span class='ocrx_word' id='word_1_76' title='bbox 1391 596 1571 637; x_wconf 79' lang='lat' dir='ltr'><em>obbligano</em></span> <span class='ocrx_word' id='word_1_77' title='bbox 1596 606 1616 628; x_wconf 89' lang='lat' dir='ltr'><em>a</em></span> <span class='ocrx_word' id='word_1_78' title='bbox 1648 606 1777 637; x_wconf 81' lang='lat' dir='ltr'><em>pagare</em></span> <span class='ocrx_word' id='word_1_79' title='bbox 1813 598 1847 629; x_wconf 87' lang='lat' dir='ltr'><em>al</em></span> <span class='ocrx_word' id='word_1_80' title='bbox 1881 600 2067 630; x_wconf 81' lang='lat' dir='ltr'><em>monastero</em></span> 
     </span>
     <span class='ocr_line' id='line_1_9' title="bbox 243 656 1424 702; baseline -0.003 -9"><span class='ocrx_word' id='word_1_81' title='bbox 243 661 359 702; x_wconf 86' lang='lat' dir='ltr'><em>fiorini</em></span> <span class='ocrx_word' id='word_1_82' title='bbox 380 662 455 697; x_wconf 76' lang='lat'><em>250,</em></span> <span class='ocrx_word' id='word_1_83' title='bbox 482 661 634 693; x_wconf 79' lang='lat' dir='ltr'><em>restando</em></span> <span class='ocrx_word' id='word_1_84' title='bbox 661 661 706 692; x_wconf 77' lang='lat' dir='ltr'><em>aci</em></span> <span class='ocrx_word' id='word_1_85' title='bbox 729 661 796 692; x_wconf 83' lang='lat' dir='ltr'><em>essi</em></span> <span class='ocrx_word' id='word_1_86' title='bbox 819 661 851 691; x_wconf 87' lang='lat' dir='ltr'><em>la</em></span> <span class='ocrx_word' id='word_1_87' title='bbox 872 659 1038 700; x_wconf 72' lang='lat' dir='ltr'><em>propriora</em></span> <span class='ocrx_word' id='word_1_88' title='bbox 1064 659 1154 699; x_wconf 78' lang='lat' dir='ltr'><em>degli</em></span> <span class='ocrx_word' id='word_1_89' title='bbox 1177 658 1337 690; x_wconf 80' lang='lat' dir='ltr'><em>immobili</em></span> <span class='ocrx_word' id='word_1_90' title='bbox 1363 656 1424 698; x_wconf 88' lang='lat'>(2).</span> 
     </span>
    </p>
   </div>
   <div class='ocr_carea' id='block_1_5' title="bbox 1079 832 1290 873">
    <p class='ocr_par' dir='ltr' id='par_1_5' title="bbox 1079 832 1290 873">
     <span class='ocr_line' id='line_1_10' title="bbox 1079 832 1290 873; baseline -0.005 0"><span class='ocrx_word' id='word_1_91' title='bbox 1079 832 1290 873; x_wconf 90' lang='lat' dir='ltr'>CDXV.</span> 
     </span>
    </p>
   </div>
   <div class='ocr_carea' id='block_1_6' title="bbox 253 941 2066 1032">
    <p class='ocr_par' dir='ltr' id='par_1_6' title="bbox 253 941 2066 1032">
     <span class='ocr_line' id='line_1_11' title="bbox 341 941 2066 978; baseline 0 -7"><span class='ocrx_word' id='word_1_92' title='bbox 341 945 444 971; x_wconf 85' lang='lat' dir='ltr'><em>Frate</em></span> <span class='ocrx_word' id='word_1_93' title='bbox 471 943 702 971; x_wconf 81' lang='lat' dir='ltr'><em>Bartolomeo</em></span> <span class='ocrx_word' id='word_1_94' title='bbox 739 942 939 975; x_wconf 85' lang='lat' dir='ltr'><em>Fazzardi‚</em></span> <span class='ocrx_word' id='word_1_95' title='bbox 978 942 1194 978; x_wconf 86' lang='lat' dir='ltr'><em>Cappellano</em></span> <span class='ocrx_word' id='word_1_96' title='bbox 1220 942 1255 970; x_wconf 89' lang='lat' dir='ltr'><em>di</em></span> <span class='ocrx_word' id='word_1_97' title='bbox 1281 942 1316 970; x_wconf 92' lang='lat' dir='ltr'><em>S.</em></span> <span class='ocrx_word' id='word_1_98' title='bbox 1345 942 1485 970; x_wconf 90' lang='lat' dir='ltr'><em>Monica</em></span> <span class='ocrx_word' id='word_1_99' title='bbox 1514 941 1607 970; x_wconf 85' lang='lat' dir='ltr'><em>nella</em></span> <span class='ocrx_word' id='word_1_100' title='bbox 1642 942 1824 978; x_wconf 84' lang='lat' dir='ltr'><em>Sagrestia</em></span> <span class='ocrx_word' id='word_1_101' title='bbox 1850 942 1885 970; x_wconf 90' lang='lat' dir='ltr'><em>di</em></span> <span class='ocrx_word' id='word_1_102' title='bbox 1911 942 1946 971; x_wconf 91' lang='lat' dir='ltr'><em>S.</em></span> <span class='ocrx_word' id='word_1_103' title='bbox 1975 942 2066 978; x_wconf 84' lang='lat' dir='ltr'><em>Ago-</em></span> 
     </span>
     <span class='ocr_line' id='line_1_12' title="bbox 253 995 1853 1032; baseline -0.001 -8"><span class='ocrx_word' id='word_1_104' title='bbox 253 997 358 1029; x_wconf 84' lang='lat' dir='ltr'><em>stino,</em></span> <span class='ocrx_word' id='word_1_105' title='bbox 387 997 503 1024; x_wconf 87' lang='lat' dir='ltr'><em>rieeve</em></span> <span class='ocrx_word' id='word_1_106' title='bbox 529 996 552 1023; x_wconf 90' lang='lat' dir='ltr'><em>il</em></span> <span class='ocrx_word' id='word_1_107' title='bbox 577 1000 789 1032; x_wconf 84' lang='lat' dir='ltr'><em>pagamento</em></span> <span class='ocrx_word' id='word_1_108' title='bbox 815 995 849 1023; x_wconf 91' lang='lat' dir='ltr'><em>di</em></span> <span class='ocrx_word' id='word_1_109' title='bbox 875 1004 920 1023; x_wconf 87' lang='lat' dir='ltr'><em>un</em></span> <span class='ocrx_word' id='word_1_110' title='bbox 946 995 1056 1023; x_wconf 82' lang='lat' dir='ltr'><em>affitto</em></span> <span class='ocrx_word' id='word_1_111' title='bbox 1082 995 1178 1023; x_wconf 86' lang='lat' dir='ltr'><em>dalla</em></span> <span class='ocrx_word' id='word_1_112' title='bbox 1204 995 1379 1023; x_wconf 86' lang='lat' dir='ltr'><em>Contessa</em></span> <span class='ocrx_word' id='word_1_113' title='bbox 1404 995 1622 1031; x_wconf 86' lang='lat' dir='ltr'><em>Margherita</em></span> <span class='ocrx_word' id='word_1_114' title='bbox 1648 995 1853 1026; x_wconf 79' lang='lat' dir='ltr'><em>Borromeo,</em></span> 
     </span>
    </p>
   </div>
   <div class='ocr_carea' id='block_1_7' title="bbox 908 1107 1445 1140">
    <p class='ocr_par' dir='ltr' id='par_1_7' title="bbox 908 1107 1445 1140">
     <span class='ocr_line' id='line_1_13' title="bbox 908 1107 1445 1140; baseline 0 -8"><span class='ocrx_word' id='word_1_115' title='bbox 908 1107 1062 1139; x_wconf 72' lang='lat'>1478,</span> <span class='ocrx_word' id='word_1_116' title='bbox 1091 1108 1326 1140; x_wconf 70' lang='lat' dir='ltr'><em>giug11o‚</em></span> <span class='ocrx_word' id='word_1_117' title='bbox 1354 1108 1445 1133; x_wconf 79' lang='lat'><em>30.</em></span> 
     </span>
    </p>
   </div>
   <div class='ocr_carea' id='block_1_8' title="bbox 787 1195 1525 1219">
    <p class='ocr_par' dir='ltr' id='par_1_8' title="bbox 787 1195 1525 1219">
     <span class='ocr_line' id='line_1_14' title="bbox 787 1195 1525 1219; baseline -0.003 -1"><span class='ocrx_word' id='word_1_118' title='bbox 787 1196 864 1219; x_wconf 77' lang='lat' dir='ltr'><em>(Arcti.</em></span> <span class='ocrx_word' id='word_1_119' title='bbox 882 1196 962 1217; x_wconf 74' lang='lat' dir='ltr'><em>Notar,</em></span> <span class='ocrx_word' id='word_1_120' title='bbox 979 1196 1001 1216; x_wconf 85' lang='lat' dir='ltr'><em>di</em></span> <span class='ocrx_word' id='word_1_121' title='bbox 1018 1195 1088 1216; x_wconf 78' lang='lat' dir='ltr'><em>Pavia</em></span> <span class='ocrx_word' id='word_1_122' title='bbox 1104 1207 1129 1209; x_wconf 97' lang='lat'><strong>—</strong></span> <span class='ocrx_word' id='word_1_123' title='bbox 1145 1195 1192 1216; x_wconf 79' lang='lat' dir='ltr'><em>Atti</em></span> <span class='ocrx_word' id='word_1_124' title='bbox 1209 1195 1230 1216; x_wconf 86' lang='lat' dir='ltr'><em>di</em></span> <span class='ocrx_word' id='word_1_125' title='bbox 1247 1195 1366 1216; x_wconf 82' lang='lat' dir='ltr'><em>Bernardo</em></span> <span class='ocrx_word' id='word_1_126' title='bbox 1381 1195 1525 1217; x_wconf 57' lang='lat' dir='ltr'><em>Cenanovau.</em></span> 
     </span>
    </p>
   </div>
   <div class='ocr_carea' id='block_1_9' title="bbox 247 1376 2071 1870">
    <p class='ocr_par' dir='ltr' id='par_1_9' title="bbox 247 1376 2071 1870">
     <span class='ocr_line' id='line_1_15' title="bbox 265 1376 2067 1496; baseline -0.001 -71"><span class='ocrx_word' id='word_1_127' title='bbox 265 1376 268 1410; x_wconf 51' lang='lat'><strong>3</strong></span> <span class='ocrx_word' id='word_1_128' title='bbox 353 1381 401 1496; x_wconf 88' lang='lat' dir='ltr'>I</span> <span class='ocrx_word' id='word_1_129' title='bbox 494 1398 517 1425; x_wconf 87' lang='grc' dir='ltr'><strong>Ν</strong></span> <span class='ocrx_word' id='word_1_130' title='bbox 543 1394 676 1425; x_wconf 86' lang='lat' dir='ltr'><em>civitate</em></span> <span class='ocrx_word' id='word_1_131' title='bbox 703 1393 816 1434; x_wconf 82' lang='lat' dir='ltr'><em>Papie‚</em></span> <span class='ocrx_word' id='word_1_132' title='bbox 843 1394 997 1425; x_wconf 86' lang='lat' dir='ltr'><em>videlicet</em></span> <span class='ocrx_word' id='word_1_133' title='bbox 1023 1393 1144 1425; x_wconf 83' lang='lat' dir='ltr'><strong>subtus</strong></span> <span class='ocrx_word' id='word_1_134' title='bbox 1173 1394 1301 1434; x_wconf 88' lang='lat' dir='ltr'><em>porticu</em></span> <span class='ocrx_word' id='word_1_135' title='bbox 1339 1402 1467 1425; x_wconf 83' lang='lat' dir='ltr'><em>camere</em></span> <span class='ocrx_word' id='word_1_136' title='bbox 1493 1402 1551 1425; x_wconf 86' lang='lat' dir='ltr'><em>seu</em></span> <span class='ocrx_word' id='word_1_137' title='bbox 1577 1393 1658 1425; x_wconf 90' lang='lat' dir='ltr'><em>celle</em></span> <span class='ocrx_word' id='word_1_138' title='bbox 1692 1393 1892 1434; x_wconf 80' lang='lat' dir='ltr'><em>infrascripti</em></span> <span class='ocrx_word' id='word_1_139' title='bbox 1919 1394 2067 1435; x_wconf 81' lang='lat' dir='ltr'><em>magistri</em></span> 
     </span>
     <span class='ocr_line' id='line_1_16' title="bbox 265 1426 2070 1497; baseline 0.001 -10"><span class='ocrx_word' id='word_1_140' title='bbox 265 1426 268 1453; x_wconf 74' lang='lat' dir='ltr'><em>l</em></span> <span class='ocrx_word' id='word_1_141' title='bbox 516 1456 750 1494; x_wconf 82' lang='lat' dir='ltr'><em>Bertliolamei,</em></span> <span class='ocrx_word' id='word_1_142' title='bbox 777 1457 841 1488; x_wconf 92' lang='lat' dir='ltr'><em>sito</em></span> <span class='ocrx_word' id='word_1_143' title='bbox 868 1457 899 1487; x_wconf 91' lang='lat' dir='ltr'><em>in</em></span> <span class='ocrx_word' id='word_1_144' title='bbox 925 1458 1092 1487; x_wconf 82' lang='lat' dir='ltr'><em>conventu</em></span> <span class='ocrx_word' id='word_1_145' title='bbox 1118 1458 1149 1487; x_wconf 89' lang='lat' dir='ltr'><em>et</em></span> <span class='ocrx_word' id='word_1_146' title='bbox 1174 1456 1320 1488; x_wconf 88' lang='lat' dir='ltr'><em>claustro</em></span> <span class='ocrx_word' id='word_1_147' title='bbox 1357 1456 1462 1488; x_wconf 87' lang='lat' dir='ltr'><em>sancti</em></span> <span class='ocrx_word' id='word_1_148' title='bbox 1501 1455 1679 1497; x_wconf 81' lang='lat' dir='ltr'><em>Augustini</em></span> <span class='ocrx_word' id='word_1_149' title='bbox 1711 1455 1824 1497; x_wconf 81' lang='lat' dir='ltr'><em>Papie,</em></span> <span class='ocrx_word' id='word_1_150' title='bbox 1851 1455 1949 1488; x_wconf 82' lang='lat' dir='ltr'><em>Porte</em></span> <span class='ocrx_word' id='word_1_151' title='bbox 1986 1456 2070 1488; x_wconf 89' lang='lat' dir='ltr'><em>Lau-</em></span> 
     </span>
     <span class='ocr_line' id='line_1_17' title="bbox 273 1494 2068 1560; baseline 0 -10"><span class='ocrx_word' id='word_1_152' title='bbox 273 1554 290 1555; x_wconf 25' lang='grc' dir='ltr'>Π</span> <span class='ocrx_word' id='word_1_153' title='bbox 365 1554 368 1555; x_wconf 15' lang='lat'><em>⁷</em></span> <span class='ocrx_word' id='word_1_154' title='bbox 398 1554 444 1556; x_wconf 18' lang='lat'><em>„⁷</em></span> <span class='ocrx_word' id='word_1_155' title='bbox 478 1494 488 1556; x_wconf 15' lang='lat'><em>7¹</em></span> <span class='ocrx_word' id='word_1_156' title='bbox 516 1519 642 1557; x_wconf 83' lang='lat' dir='ltr'><em>densis,</em></span> <span class='ocrx_word' id='word_1_157' title='bbox 669 1519 830 1551; x_wconf 77' lang='lat' dir='ltr'><em>Parocliie</em></span> <span class='ocrx_word' id='word_1_158' title='bbox 856 1520 960 1551; x_wconf 88' lang='lat' dir='ltr'><em>sancti</em></span> <span class='ocrx_word' id='word_1_159' title='bbox 988 1518 1118 1550; x_wconf 87' lang='lat' dir='ltr'><em>Andree</em></span> <span class='ocrx_word' id='word_1_160' title='bbox 1145 1519 1176 1550; x_wconf 87' lang='lat' dir='ltr'><em>in</em></span> <span class='ocrx_word' id='word_1_161' title='bbox 1203 1518 1348 1551; x_wconf 86' lang='lat' dir='ltr'><em>Brolio...</em></span> <span class='ocrx_word' id='word_1_162' title='bbox 1369 1519 1584 1552; x_wconf 78' lang='lat' dir='ltr'><em>Reverendus</em></span> <span class='ocrx_word' id='word_1_163' title='bbox 1603 1528 1695 1551; x_wconf 81' lang='lat' dir='ltr'><em>sacre</em></span> <span class='ocrx_word' id='word_1_164' title='bbox 1713 1520 1881 1560; x_wconf 80' lang='lat' dir='ltr'><em>theologie</em></span> <span class='ocrx_word' id='word_1_165' title='bbox 1897 1518 2068 1560; x_wconf 80' lang='lat' dir='ltr'><em>professor</em></span> 
     </span>
     <span class='ocr_line' id='line_1_18' title="bbox 249 1580 2068 1623; baseline 0.001 -11"><span class='ocrx_word' id='word_1_166' title='bbox 249 1582 406 1613; x_wconf 86' lang='lat' dir='ltr'><em>dominus</em></span> <span class='ocrx_word' id='word_1_167' title='bbox 432 1582 589 1622; x_wconf 89' lang='lat' dir='ltr'><em>magister</em></span> <span class='ocrx_word' id='word_1_168' title='bbox 614 1581 848 1613; x_wconf 82' lang='lat' dir='ltr'><em>Bartolomeus</em></span> <span class='ocrx_word' id='word_1_169' title='bbox 874 1582 914 1612; x_wconf 88' lang='lat' dir='ltr'><em>de</em></span> <span class='ocrx_word' id='word_1_170' title='bbox 941 1581 1098 1612; x_wconf 82' lang='lat' dir='ltr'><em>Fazardis</em></span> <span class='ocrx_word' id='word_1_171' title='bbox 1117 1580 1255 1613; x_wconf 87' lang='lat' dir='ltr'><em>Ordinis</em></span> <span class='ocrx_word' id='word_1_172' title='bbox 1274 1582 1378 1613; x_wconf 88' lang='lat' dir='ltr'><em>sancti</em></span> <span class='ocrx_word' id='word_1_173' title='bbox 1399 1581 1576 1623; x_wconf 84' lang='lat' dir='ltr'><em>Augustini</em></span> <span class='ocrx_word' id='word_1_174' title='bbox 1597 1580 1710 1622; x_wconf 81' lang='lat' dir='ltr'><em>Papie‚</em></span> <span class='ocrx_word' id='word_1_175' title='bbox 1729 1581 1924 1622; x_wconf 83' lang='lat' dir='ltr'><em>capellanus</em></span> <span class='ocrx_word' id='word_1_176' title='bbox 1941 1581 2068 1622; x_wconf 85' lang='lat' dir='ltr'><em>capelle</em></span> 
     </span>
     <span class='ocr_line' id='line_1_19' title="bbox 249 1641 2070 1684; baseline 0 -10"><span class='ocrx_word' id='word_1_177' title='bbox 249 1644 382 1674; x_wconf 84' lang='lat' dir='ltr'><em>domine</em></span> <span class='ocrx_word' id='word_1_178' title='bbox 408 1646 520 1675; x_wconf 87' lang='lat' dir='ltr'><em>sancte</em></span> <span class='ocrx_word' id='word_1_179' title='bbox 548 1643 714 1675; x_wconf 87' lang='lat' dir='ltr'><em>Monache</em></span> <span class='ocrx_word' id='word_1_180' title='bbox 739 1645 928 1675; x_wconf 88' lang='lat' dir='ltr'><em>constructe</em></span> <span class='ocrx_word' id='word_1_181' title='bbox 947 1644 978 1674; x_wconf 89' lang='lat' dir='ltr'><em>in</em></span> <span class='ocrx_word' id='word_1_182' title='bbox 997 1643 1137 1675; x_wconf 86' lang='lat' dir='ltr'><em>ecclesia</em></span> <span class='ocrx_word' id='word_1_183' title='bbox 1156 1652 1215 1675; x_wconf 90' lang='lat' dir='ltr'><em>seu</em></span> <span class='ocrx_word' id='word_1_184' title='bbox 1234 1644 1386 1675; x_wconf 78' lang='lat' dir='ltr'><em>sacristia</em></span> <span class='ocrx_word' id='word_1_185' title='bbox 1405 1644 1490 1675; x_wconf 87' lang='lat' dir='ltr'><em>dicte</em></span> <span class='ocrx_word' id='word_1_186' title='bbox 1509 1643 1648 1675; x_wconf 88' lang='lat' dir='ltr'><em>ecclesie</em></span> <span class='ocrx_word' id='word_1_187' title='bbox 1667 1644 1772 1675; x_wconf 87' lang='lat' dir='ltr'><em>sancti</em></span> <span class='ocrx_word' id='word_1_188' title='bbox 1788 1642 1999 1684; x_wconf 83' lang='lat' dir='ltr'><em>Augustini...</em></span> <span class='ocrx_word' id='word_1_189' title='bbox 2017 1641 2070 1683; x_wconf 89' lang='grc'><em>(3)</em></span> 
     </span>
     <span class='ocr_line' id='line_1_20' title="bbox 247 1704 2071 1746; baseline -0.001 -9"><span class='ocrx_word' id='word_1_190' title='bbox 247 1706 350 1737; x_wconf 72' lang='lat' dir='ltr'><em>riceve</em></span> <span class='ocrx_word' id='word_1_191' title='bbox 375 1705 466 1737; x_wconf 81' lang='lat' dir='ltr'><em>dalla</em></span> <span class='ocrx_word' id='word_1_192' title='bbox 491 1708 643 1737; x_wconf 82' lang='lat' dir='ltr'><em>contessa</em></span> <span class='ocrx_word' id='word_1_193' title='bbox 668 1705 872 1745; x_wconf 77' lang='lat' dir='ltr'><em>Marglzen‘ta</em></span> <span class='ocrx_word' id='word_1_194' title='bbox 897 1704 1085 1743; x_wconf 83' lang='lat' dir='ltr'><em>Borromeo,</em></span> <span class='ocrx_word' id='word_1_195' title='bbox 1102 1705 1227 1736; x_wconf 84' lang='lat' dir='ltr'><em>vea&#39;ova</em></span> <span class='ocrx_word' id='word_1_196' title='bbox 1252 1705 1338 1737; x_wconf 80' lang='lat' dir='ltr'><em>dello</em></span> <span class='ocrx_word' id='word_1_197' title='bbox 1362 1707 1456 1746; x_wconf 82' lang='lat' dir='ltr'><em>spett.</em></span> <span class='ocrx_word' id='word_1_198' title='bbox 1486 1704 1573 1738; x_wconf 75' lang='lat' dir='ltr'><em>Gran</em></span> <span class='ocrx_word' id='word_1_199' title='bbox 1598 1705 1760 1746; x_wconf 80' lang='lat' dir='ltr'><em>Agostino</em></span> <span class='ocrx_word' id='word_1_200' title='bbox 1793 1705 1942 1741; x_wconf 87' lang='lat' dir='ltr'><em>Visconti,</em></span> <span class='ocrx_word' id='word_1_201' title='bbox 1955 1704 2071 1745; x_wconf 86' lang='lat' dir='ltr'><em>fiorini</em></span> 
     </span>
     <span class='ocr_line' id='line_1_21' title="bbox 250 1767 2069 1808; baseline 0 -9"><span class='ocrx_word' id='word_1_202' title='bbox 250 1768 292 1799; x_wconf 83' lang='lat'><em>12</em></span> <span class='ocrx_word' id='word_1_203' title='bbox 311 1777 372 1808; x_wconf 81' lang='lat' dir='ltr'><em>per</em></span> <span class='ocrx_word' id='word_1_204' title='bbox 393 1767 502 1808; x_wconf 83' lang='lat' dir='ltr'><em>affitto</em></span> <span class='ocrx_word' id='word_1_205' title='bbox 528 1768 563 1800; x_wconf 89' lang='lat' dir='ltr'><em>a&#39;i</em></span> <span class='ocrx_word' id='word_1_206' title='bbox 586 1776 628 1799; x_wconf 80' lang='lat' dir='ltr'><em>im</em></span> <span class='ocrx_word' id='word_1_207' title='bbox 654 1776 750 1804; x_wconf 83' lang='lat' dir='ltr'><em>anno,</em></span> <span class='ocrx_word' id='word_1_208' title='bbox 777 1768 901 1808; x_wconf 79' lang='lat' dir='ltr'><em>spirato</em></span> <span class='ocrx_word' id='word_1_209' title='bbox 927 1768 950 1799; x_wconf 85' lang='lat' dir='ltr'><em>il</em></span> <span class='ocrx_word' id='word_1_210' title='bbox 974 1767 1007 1799; x_wconf 79' lang='lat' dir='ltr'><em>di</em></span> <span class='ocrx_word' id='word_1_211' title='bbox 1031 1767 1066 1799; x_wconf 77' lang='grc' dir='ltr'><em>(Ιὶ</em></span> <span class='ocrx_word' id='word_1_212' title='bbox 1089 1768 1163 1799; x_wconf 76' lang='lat' dir='ltr'><em>tutti</em></span> <span class='ocrx_word' id='word_1_213' title='bbox 1186 1768 1197 1799; x_wconf 88' lang='grc' dir='ltr'><em>ι’</em></span> <span class='ocrx_word' id='word_1_214' title='bbox 1221 1767 1317 1800; x_wconf 81' lang='lat' dir='ltr'><em>Santi</em></span> <span class='ocrx_word' id='word_1_215' title='bbox 1337 1770 1487 1808; x_wconf 83' lang='lat' dir='ltr'><em>passato,</em></span> <span class='ocrx_word' id='word_1_216' title='bbox 1510 1777 1572 1808; x_wconf 80' lang='lat' dir='ltr'><em>per</em></span> <span class='ocrx_word' id='word_1_217' title='bbox 1594 1767 1669 1799; x_wconf 80' lang='lat' dir='ltr'><em>beni</em></span> <span class='ocrx_word' id='word_1_218' title='bbox 1691 1768 1848 1808; x_wconf 77' lang='lat' dir='ltr'><em>spermati</em></span> <span class='ocrx_word' id='word_1_219' title='bbox 1883 1767 1951 1799; x_wconf 86' lang='lat' dir='ltr'><em>alla</em></span> <span class='ocrx_word' id='word_1_220' title='bbox 1980 1767 2069 1799; x_wconf 77' lang='lat' dir='ltr'><em>detta</em></span> 
     </span>
     <span class='ocr_line' id='line_1_22' title="bbox 248 1818 2068 1870; baseline -0.001 -9"><span class='ocrx_word' id='word_1_221' title='bbox 248 1829 469 1870; x_wconf 79' lang='lat' dir='ltr'><em>cappellania.</em></span> <span class='ocrx_word' id='word_1_222' title='bbox 495 1830 560 1861; x_wconf 84' lang='lat' dir='ltr'><em>Fra</em></span> <span class='ocrx_word' id='word_1_223' title='bbox 585 1830 596 1861; x_wconf 89' lang='lat' dir='ltr'><em>i</em></span> <span class='ocrx_word' id='word_1_224' title='bbox 620 1831 714 1861; x_wconf 82' lang='lat' dir='ltr'><em>testi:</em></span> <span class='ocrx_word' id='word_1_225' title='bbox 742 1830 880 1861; x_wconf 92' lang='lat' dir='ltr'><em>domino</em></span> <span class='ocrx_word' id='word_1_226' title='bbox 905 1829 1004 1861; x_wconf 85' lang='lat' dir='ltr'><em>fratre</em></span> <span class='ocrx_word' id='word_1_227' title='bbox 1030 1829 1176 1861; x_wconf 84' lang='lat' dir='ltr'><em>Iohanne</em></span> <span class='ocrx_word' id='word_1_228' title='bbox 1213 1829 1427 1861; x_wconf 85' lang='lat' dir='ltr'><em>Bartolomeo</em></span> <span class='ocrx_word' id='word_1_229' title='bbox 1453 1830 1494 1861; x_wconf 88' lang='lat' dir='ltr'><em>de</em></span> <span class='ocrx_word' id='word_1_230' title='bbox 1519 1818 1722 1862; x_wconf 81' lang='lat' dir='ltr'><em>Castellacio</em></span> <span class='ocrx_word' id='word_1_231' title='bbox 1756 1828 1894 1861; x_wconf 89' lang='lat' dir='ltr'><em>Ordinis</em></span> <span class='ocrx_word' id='word_1_232' title='bbox 1930 1829 2068 1870; x_wconf 87' lang='lat' dir='ltr'><em>predicti</em></span> 
     </span>
    </p>
   </div>
   <div class='ocr_carea' id='block_1_10' title="bbox 250 1891 575 1933">
    <p class='ocr_par' dir='ltr' id='par_1_10' title="bbox 250 1891 575 1933">
     <span class='ocr_line' id='line_1_23' title="bbox 250 1891 575 1933; baseline 0.003 -10"><span class='ocrx_word' id='word_1_233' title='bbox 250 1893 356 1924; x_wconf 87' lang='lat' dir='ltr'><em>sancti</em></span> <span class='ocrx_word' id='word_1_234' title='bbox 384 1891 575 1933; x_wconf 83' lang='lat' dir='ltr'><em>Augustini.</em></span> 
     </span>
    </p>
   </div>
   <div class='ocr_carea' id='block_1_11' title="bbox 1047 2066 1280 2107">
    <p class='ocr_par' dir='ltr' id='par_1_11' title="bbox 1047 2066 1280 2107">
     <span class='ocr_line' id='line_1_24' title="bbox 1047 2066 1280 2107; baseline -0.004 0"><span class='ocrx_word' id='word_1_235' title='bbox 1047 2066 1280 2107; x_wconf 90' lang='lat' dir='ltr'>CDXVI.</span> 
     </span>
    </p>
   </div>
   <div class='ocr_carea' id='block_1_12' title="bbox 250 2175 2071 2265">
    <p class='ocr_par' dir='ltr' id='par_1_12' title="bbox 250 2175 2071 2265">
     <span class='ocr_line' id='line_1_25' title="bbox 340 2175 2071 2212; baseline -0.001 -8"><span class='ocrx_word' id='word_1_236' title='bbox 340 2176 367 2204; x_wconf 94' lang='lat'><em>11</em></span> <span class='ocrx_word' id='word_1_237' title='bbox 392 2175 507 2204; x_wconf 89' lang='lat' dir='ltr'><em>Priore</em></span> <span class='ocrx_word' id='word_1_238' title='bbox 534 2176 698 2205; x_wconf 86' lang='lat' dir='ltr'><em>Generale</em></span> <span class='ocrx_word' id='word_1_239' title='bbox 723 2176 808 2204; x_wconf 84' lang='lat' dir='ltr'><em>frate</em></span> <span class='ocrx_word' id='word_1_240' title='bbox 833 2175 1018 2211; x_wconf 86' lang='lat' dir='ltr'><em>Ambrogio</em></span> <span class='ocrx_word' id='word_1_241' title='bbox 1044 2175 1086 2204; x_wconf 86' lang='lat' dir='ltr'><em>da</em></span> <span class='ocrx_word' id='word_1_242' title='bbox 1110 2175 1187 2204; x_wconf 90' lang='lat' dir='ltr'><em>Cori</em></span> <span class='ocrx_word' id='word_1_243' title='bbox 1215 2176 1331 2212; x_wconf 86' lang='lat' dir='ltr'><em>elegge</em></span> <span class='ocrx_word' id='word_1_244' title='bbox 1356 2180 1407 2204; x_wconf 86' lang='lat' dir='ltr'><em>tre</em></span> <span class='ocrx_word' id='word_1_245' title='bbox 1433 2175 1671 2205; x_wconf 86' lang='lat' dir='ltr'><em>Conservatori</em></span> <span class='ocrx_word' id='word_1_246' title='bbox 1693 2184 1748 2212; x_wconf 78' lang='lat' dir='ltr'><em>pei</em></span> <span class='ocrx_word' id='word_1_247' title='bbox 1777 2176 1809 2204; x_wconf 92' lang='lat' dir='ltr'><em>la</em></span> <span class='ocrx_word' id='word_1_248' title='bbox 1832 2176 1939 2204; x_wconf 82' lang='lat' dir='ltr'><em>tutela</em></span> <span class='ocrx_word' id='word_1_249' title='bbox 1955 2175 2008 2204; x_wconf 91' lang='lat' dir='ltr'><em>dei</em></span> <span class='ocrx_word' id='word_1_250' title='bbox 2025 2175 2071 2204; x_wconf 92' lang='lat' dir='ltr'><em>di-</em></span> 
     </span>
     <span class='ocr_line' id='line_1_26' title="bbox 250 2228 846 2265; baseline 0.002 -9"><span class='ocrx_word' id='word_1_251' title='bbox 250 2228 323 2257; x_wconf 85' lang='lat' dir='ltr'><em>ritti</em></span> <span class='ocrx_word' id='word_1_252' title='bbox 349 2228 436 2265; x_wconf 87' lang='lat' dir='ltr'><em>degli</em></span> <span class='ocrx_word' id='word_1_253' title='bbox 462 2228 650 2258; x_wconf 87' lang='lat' dir='ltr'><em>Eremitani</em></span> <span class='ocrx_word' id='word_1_254' title='bbox 675 2228 707 2257; x_wconf 89' lang='lat' dir='ltr'><em>di</em></span> <span class='ocrx_word' id='word_1_255' title='bbox 731 2228 846 2258; x_wconf 84' lang='lat' dir='ltr'><em>Pavia.</em></span> 
     </span>
    </p>
   </div>
   <div class='ocr_carea' id='block_1_13' title="bbox 926 2332 1389 2365">
    <p class='ocr_par' dir='ltr' id='par_1_13' title="bbox 926 2332 1389 2365">
     <span class='ocr_line' id='line_1_27' title="bbox 926 2332 1389 2365; baseline 0.002 -8"><span class='ocrx_word' id='word_1_256' title='bbox 926 2332 1080 2364; x_wconf 74' lang='lat'>1478,</span> <span class='ocrx_word' id='word_1_257' title='bbox 1112 2333 1304 2365; x_wconf 73' lang='lat' dir='ltr'><em>ltlglio,</em></span> <span class='ocrx_word' id='word_1_258' title='bbox 1337 2333 1389 2358; x_wconf 79' lang='grc'><em>’1.</em></span> 
     </span>
    </p>
   </div>
   <div class='ocr_carea' id='block_1_14' title="bbox 851 2420 1470 2448">
    <p class='ocr_par' dir='ltr' id='par_1_14' title="bbox 851 2420 1470 2448">
     <span class='ocr_line' id='line_1_28' title="bbox 851 2420 1470 2448; baseline 0.003 -7"><span class='ocrx_word' id='word_1_259' title='bbox 851 2420 928 2445; x_wconf 78' lang='lat' dir='ltr'><em>(Arch.</em></span> <span class='ocrx_word' id='word_1_260' title='bbox 945 2421 982 2442; x_wconf 85' lang='lat' dir='ltr'><em>del</em></span> <span class='ocrx_word' id='word_1_261' title='bbox 999 2420 1121 2442; x_wconf 84' lang='lat' dir='ltr'><em>Convento</em></span> <span class='ocrx_word' id='word_1_262' title='bbox 1137 2421 1159 2442; x_wconf 83' lang='lat' dir='ltr'><em>di</em></span> <span class='ocrx_word' id='word_1_263' title='bbox 1175 2421 1197 2443; x_wconf 88' lang='lat' dir='ltr'><em>S.</em></span> <span class='ocrx_word' id='word_1_264' title='bbox 1214 2422 1328 2448; x_wconf 82' lang='lat' dir='ltr'><em>Agostino</em></span> <span class='ocrx_word' id='word_1_265' title='bbox 1344 2422 1365 2443; x_wconf 90' lang='lat' dir='ltr'><em>di</em></span> <span class='ocrx_word' id='word_1_266' title='bbox 1383 2422 1470 2443; x_wconf 49' lang='lat' dir='ltr'><em>Paviai.</em></span> 
     </span>
    </p>
   </div>
   <div class='ocr_carea' id='block_1_15' title="bbox 256 2589 2077 2846">
    <p class='ocr_par' dir='ltr' id='par_1_15' title="bbox 343 2576 2077 2706">
     <span class='ocr_line' id='line_1_29' title="bbox 343 2589 2077 2706; baseline 0 -56"><span class='ocrx_word' id='word_1_267' title='bbox 343 2589 430 2706; x_wconf 87' lang='lat' dir='ltr'>F</span> <span class='ocrx_word' id='word_1_268' title='bbox 495 2622 624 2676; x_wconf 61' lang='lat' dir='ltr'><em>⁵RATER</em></span> <span class='ocrx_word' id='word_1_269' title='bbox 650 2617 850 2650; x_wconf 88' lang='lat' dir='ltr'><em>Ambrosius</em></span> <span class='ocrx_word' id='word_1_270' title='bbox 875 2619 916 2650; x_wconf 91' lang='lat' dir='ltr'><em>de</em></span> <span class='ocrx_word' id='word_1_271' title='bbox 941 2617 1040 2656; x_wconf 84' lang='lat' dir='ltr'><em>Cora,</em></span> <span class='ocrx_word' id='word_1_272' title='bbox 1067 2618 1205 2650; x_wconf 85' lang='lat' dir='ltr'><em>Ordinis</em></span> <span class='ocrx_word' id='word_1_273' title='bbox 1235 2618 1476 2649; x_wconf 87' lang='lat' dir='ltr'><em>Heremitarum</em></span> <span class='ocrx_word' id='word_1_274' title='bbox 1514 2618 1699 2649; x_wconf 86' lang='lat' dir='ltr'><em>beatissimi</em></span> <span class='ocrx_word' id='word_1_275' title='bbox 1738 2617 1927 2659; x_wconf 87' lang='lat' dir='ltr'><em>Augustini,</em></span> <span class='ocrx_word' id='word_1_276' title='bbox 1965 2627 2077 2650; x_wconf 88' lang='lat' dir='ltr'><em>sacro-</em></span> 
     </span>
    </p>

    <p class='ocr_par' dir='ltr' id='par_1_16' title="bbox 256 2679 2075 2846">
     <span class='ocr_line' id='line_1_30' title="bbox 495 2679 2073 2725; baseline 0.001 -15"><span class='ocrx_word' id='word_1_277' title='bbox 495 2682 637 2725; x_wconf 44' lang='lat' dir='ltr'><em>¹sancte</em></span> <span class='ocrx_word' id='word_1_278' title='bbox 674 2679 860 2721; x_wconf 77' lang='lat' dir='ltr'><em>Tlieologie</em></span> <span class='ocrx_word' id='word_1_279' title='bbox 899 2681 1056 2721; x_wconf 90' lang='lat' dir='ltr'><em>magister</em></span> <span class='ocrx_word' id='word_1_280' title='bbox 1092 2682 1122 2711; x_wconf 88' lang='lat' dir='ltr'><em>et</em></span> <span class='ocrx_word' id='word_1_281' title='bbox 1149 2680 1331 2721; x_wconf 84' lang='lat' dir='ltr'><em>professor,</em></span> <span class='ocrx_word' id='word_1_282' title='bbox 1357 2682 1389 2711; x_wconf 90' lang='lat' dir='ltr'><em>et</em></span> <span class='ocrx_word' id='word_1_283' title='bbox 1418 2680 1573 2712; x_wconf 86' lang='lat' dir='ltr'><em>universe</em></span> <span class='ocrx_word' id='word_1_284' title='bbox 1612 2679 1795 2721; x_wconf 79' lang='lat' dir='ltr'><em>Religionis</em></span> <span class='ocrx_word' id='word_1_285' title='bbox 1833 2680 2073 2712; x_wconf 88' lang='lat' dir='ltr'><em>l-leremitarum</em></span> 
     </span>
     <span class='ocr_line' id='line_1_31' title="bbox 281 2736 2075 2783; baseline 0.001 -11"><span class='ocrx_word' id='word_1_286' title='bbox 281 2776 286 2777; x_wconf 20' lang='lat'><em>⁷</em></span> <span class='ocrx_word' id='word_1_287' title='bbox 495 2736 496 2766; x_wconf 59' lang='lat' dir='ltr'><em>l</em></span> <span class='ocrx_word' id='word_1_288' title='bbox 525 2743 628 2773; x_wconf 84' lang='lat' dir='ltr'><em>sancti</em></span> <span class='ocrx_word' id='word_1_289' title='bbox 657 2742 846 2783; x_wconf 87' lang='lat' dir='ltr'><em>Augustini,</em></span> <span class='ocrx_word' id='word_1_290' title='bbox 873 2742 932 2774; x_wconf 87' lang='lat' dir='ltr'><em>Dei</em></span> <span class='ocrx_word' id='word_1_291' title='bbox 959 2742 1084 2781; x_wconf 81' lang='lat' dir='ltr'><em>Gratia,</em></span> <span class='ocrx_word' id='word_1_292' title='bbox 1111 2743 1246 2774; x_wconf 86' lang='lat' dir='ltr'><em>humilis</em></span> <span class='ocrx_word' id='word_1_293' title='bbox 1274 2741 1366 2773; x_wconf 81' lang='lat' dir='ltr'><em>Prior</em></span> <span class='ocrx_word' id='word_1_294' title='bbox 1391 2741 1576 2779; x_wconf 85' lang='lat' dir='ltr'><em>Generalis,</em></span> <span class='ocrx_word' id='word_1_295' title='bbox 1603 2742 1634 2773; x_wconf 87' lang='lat' dir='ltr'><em>vi</em></span> <span class='ocrx_word' id='word_1_296' title='bbox 1661 2744 1692 2773; x_wconf 82' lang='lat' dir='ltr'><em>et</em></span> <span class='ocrx_word' id='word_1_297' title='bbox 1717 2751 1757 2773; x_wconf 85' lang='lat' dir='ltr'><em>ex</em></span> <span class='ocrx_word' id='word_1_298' title='bbox 1784 2743 1989 2781; x_wconf 88' lang='lat' dir='ltr'><em>auctoritate,</em></span> <span class='ocrx_word' id='word_1_299' title='bbox 2015 2752 2075 2783; x_wconf 89' lang='lat' dir='ltr'><em>po-</em></span> 
     </span>
     <span class='ocr_line' id='line_1_32' title="bbox 256 2803 2072 2846; baseline 0.001 -11"><span class='ocrx_word' id='word_1_300' title='bbox 256 2806 373 2835; x_wconf 83' lang='lat' dir='ltr'><em>testate</em></span> <span class='ocrx_word' id='word_1_301' title='bbox 399 2812 436 2835; x_wconf 87' lang='lat' dir='ltr'><em>ac</em></span> <span class='ocrx_word' id='word_1_302' title='bbox 464 2804 574 2844; x_wconf 87' lang='lat' dir='ltr'><em>baylia</em></span> <span class='ocrx_word' id='word_1_303' title='bbox 601 2804 699 2835; x_wconf 89' lang='lat' dir='ltr'><em>nobis</em></span> <span class='ocrx_word' id='word_1_304' title='bbox 725 2805 893 2836; x_wconf 87' lang='lat' dir='ltr'><em>attributis</em></span> <span class='ocrx_word' id='word_1_305' title='bbox 911 2814 952 2836; x_wconf 91' lang='lat' dir='ltr'><em>ex</em></span> <span class='ocrx_word' id='word_1_306' title='bbox 972 2805 1158 2846; x_wconf 88' lang='lat' dir='ltr'><em>privilegiis</em></span> <span class='ocrx_word' id='word_1_307' title='bbox 1185 2803 1396 2837; x_wconf 89' lang='lat' dir='ltr'><em>Summorum</em></span> <span class='ocrx_word' id='word_1_308' title='bbox 1424 2803 1624 2836; x_wconf 77' lang='lat' dir='ltr'><em>Pontificum</em></span> <span class='ocrx_word' id='word_1_309' title='bbox 1651 2807 1681 2836; x_wconf 89' lang='lat' dir='ltr'><em>et</em></span> <span class='ocrx_word' id='word_1_310' title='bbox 1700 2805 1844 2837; x_wconf 86' lang='lat' dir='ltr'><em>maxime</em></span> <span class='ocrx_word' id='word_1_311' title='bbox 1870 2806 2072 2837; x_wconf 90' lang='lat' dir='ltr'><em>sanctissimi</em></span> 
     </span>
    </p>
   </div>
   <div class='ocr_carea' id='block_1_16' title="bbox 262 2959 2073 3119">
    <p class='ocr_par' dir='ltr' id='par_1_17' title="bbox 262 2959 2073 3119">
     <span class='ocr_line' id='line_1_33' title="bbox 315 2959 2036 2987; baseline 0.001 -5"><span class='ocrx_word' id='word_1_312' title='bbox 315 2962 346 2983; x_wconf 71' lang='lat' dir='ltr'><em>(l)</em></span> <span class='ocrx_word' id='word_1_313' title='bbox 365 2961 473 2982; x_wconf 75' lang='lat' dir='ltr'><em>Notiamo</em></span> <span class='ocrx_word' id='word_1_314' title='bbox 488 2961 510 2981; x_wconf 91' lang='lat' dir='ltr'><em>lo</em></span> <span class='ocrx_word' id='word_1_315' title='bbox 525 2960 635 2986; x_wconf 83' lang='lat' dir='ltr'><em>sviluppo</em></span> <span class='ocrx_word' id='word_1_316' title='bbox 650 2960 685 2981; x_wconf 86' lang='lat' dir='ltr'><em>del</em></span> <span class='ocrx_word' id='word_1_317' title='bbox 702 2959 823 2981; x_wconf 79' lang='lat' dir='ltr'><em>Convenio</em></span> <span class='ocrx_word' id='word_1_318' title='bbox 846 2960 866 2981; x_wconf 90' lang='lat' dir='ltr'><em>di</em></span> <span class='ocrx_word' id='word_1_319' title='bbox 889 2959 912 2981; x_wconf 37' lang='lat' dir='ltr'><em>Si</em></span> <span class='ocrx_word' id='word_1_320' title='bbox 937 2960 1020 2985; x_wconf 70' lang='lat' dir='ltr'><em>paolo,</em></span> <span class='ocrx_word' id='word_1_321' title='bbox 1037 2960 1138 2981; x_wconf 74' lang='lat' dir='ltr'><em>indicato</em></span> <span class='ocrx_word' id='word_1_322' title='bbox 1196 2960 1292 2981; x_wconf 74' lang='lat' dir='ltr'><em>volenza</em></span> <span class='ocrx_word' id='word_1_323' title='bbox 1307 2965 1350 2981; x_wconf 88' lang='lat' dir='ltr'><em>con</em></span> <span class='ocrx_word' id='word_1_324' title='bbox 1371 2960 1504 2986; x_wconf 82' lang='lat' dir='ltr'><em>donazioni,</em></span> <span class='ocrx_word' id='word_1_325' title='bbox 1523 2960 1544 2981; x_wconf 86' lang='lat' dir='ltr'><em>di</em></span> <span class='ocrx_word' id='word_1_326' title='bbox 1565 2961 1600 2981; x_wconf 89' lang='lat' dir='ltr'><em>cui</em></span> <span class='ocrx_word' id='word_1_327' title='bbox 1619 2966 1678 2982; x_wconf 87' lang='lat' dir='ltr'><em>sono</em></span> <span class='ocrx_word' id='word_1_328' title='bbox 1698 2967 1770 2987; x_wconf 86' lang='lat' dir='ltr'><em>prova</em></span> <span class='ocrx_word' id='word_1_329' title='bbox 1787 2962 1875 2983; x_wconf 84' lang='lat' dir='ltr'><em>inostri</em></span> <span class='ocrx_word' id='word_1_330' title='bbox 1895 2962 2036 2983; x_wconf 74' lang='lat' dir='ltr'><em>documenti.</em></span> 
     </span>
     <span class='ocr_line' id='line_1_34' title="bbox 262 3003 2073 3032; baseline 0.001 -6"><span class='ocrx_word' id='word_1_331' title='bbox 262 3005 299 3026; x_wconf 83' lang='lat' dir='ltr'><em>dal</em></span> <span class='ocrx_word' id='word_1_332' title='bbox 315 3005 490 3026; x_wconf 86' lang='lat' dir='ltr'><em>considerevole</em></span> <span class='ocrx_word' id='word_1_333' title='bbox 501 3010 596 3026; x_wconf 87' lang='lat' dir='ltr'><em>numero</em></span> <span class='ocrx_word' id='word_1_334' title='bbox 612 3004 647 3025; x_wconf 86' lang='lat' dir='ltr'><em>dei</em></span> <span class='ocrx_word' id='word_1_335' title='bbox 664 3003 731 3025; x_wconf 81' lang='lat' dir='ltr'><em>Padri</em></span> <span class='ocrx_word' id='word_1_336' title='bbox 747 3004 894 3030; x_wconf 82' lang='lat' dir='ltr'><em>componenti</em></span> <span class='ocrx_word' id='word_1_337' title='bbox 905 3004 918 3024; x_wconf 91' lang='lat' dir='ltr'><em>il</em></span> <span class='ocrx_word' id='word_1_338' title='bbox 929 3005 1032 3030; x_wconf 82' lang='lat' dir='ltr'><em>capitolo</em></span> <span class='ocrx_word' id='word_1_339' title='bbox 1043 3004 1064 3024; x_wconf 88' lang='lat' dir='ltr'><em>di</em></span> <span class='ocrx_word' id='word_1_340' title='bbox 1076 3010 1138 3025; x_wconf 84' lang='lat' dir='ltr'><em>esso.</em></span> <span class='ocrx_word' id='word_1_341' title='bbox 1247 3004 1277 3028; x_wconf 77' lang='lat'><em>(2)</em></span> <span class='ocrx_word' id='word_1_342' title='bbox 1293 3004 1308 3025; x_wconf 93' lang='lat' dir='ltr'><em>ll</em></span> <span class='ocrx_word' id='word_1_343' title='bbox 1323 3004 1403 3025; x_wconf 85' lang='lat' dir='ltr'><em>debito</em></span> <span class='ocrx_word' id='word_1_344' title='bbox 1419 3004 1454 3025; x_wconf 83' lang='lat' dir='ltr'><em>dei</em></span> <span class='ocrx_word' id='word_1_345' title='bbox 1471 3004 1528 3025; x_wconf 91' lang='lat' dir='ltr'><em>Colli</em></span> <span class='ocrx_word' id='word_1_346' title='bbox 1545 3010 1613 3025; x_wconf 81' lang='lat' dir='ltr'><em>verso</em></span> <span class='ocrx_word' id='word_1_347' title='bbox 1629 3005 1642 3025; x_wconf 92' lang='lat' dir='ltr'><em>il</em></span> <span class='ocrx_word' id='word_1_348' title='bbox 1654 3007 1787 3026; x_wconf 83' lang='lat' dir='ltr'><em>monastero</em></span> <span class='ocrx_word' id='word_1_349' title='bbox 1797 3011 1841 3026; x_wconf 89' lang='lat' dir='ltr'><em>non</em></span> <span class='ocrx_word' id='word_1_350' title='bbox 1852 3005 1875 3027; x_wconf 83' lang='lat' dir='ltr'><em>fu</em></span> <span class='ocrx_word' id='word_1_351' title='bbox 1887 3007 1974 3032; x_wconf 79' lang='lat' dir='ltr'><em>pagato</em></span> <span class='ocrx_word' id='word_1_352' title='bbox 1985 3005 2073 3031; x_wconf 77' lang='lat' dir='ltr'><em>subito.</em></span> 
     </span>
     <span class='ocr_line' id='line_1_35' title="bbox 264 3048 1900 3075; baseline 0.001 -5"><span class='ocrx_word' id='word_1_353' title='bbox 264 3048 354 3074; x_wconf 76' lang='lat' dir='ltr'><em>Questo</em></span> <span class='ocrx_word' id='word_1_354' title='bbox 369 3049 478 3075; x_wconf 84' lang='lat' dir='ltr'><em>sviluppo</em></span> <span class='ocrx_word' id='word_1_355' title='bbox 493 3049 512 3069; x_wconf 87' lang='lat' dir='ltr'><em>si</em></span> <span class='ocrx_word' id='word_1_356' title='bbox 534 3049 622 3074; x_wconf 80' lang='lat' dir='ltr'><em>collega</em></span> <span class='ocrx_word' id='word_1_357' title='bbox 644 3054 687 3069; x_wconf 89' lang='lat' dir='ltr'><em>con</em></span> <span class='ocrx_word' id='word_1_358' title='bbox 703 3048 723 3069; x_wconf 85' lang='lat' dir='ltr'><em>le</em></span> <span class='ocrx_word' id='word_1_359' title='bbox 738 3048 818 3073; x_wconf 78' lang='lat' dir='ltr'><em>grandi</em></span> <span class='ocrx_word' id='word_1_360' title='bbox 841 3048 950 3074; x_wconf 72' lang='lat' dir='ltr'><em>sin-pauc</em></span> <span class='ocrx_word' id='word_1_361' title='bbox 972 3048 1085 3069; x_wconf 76' lang='lat' dir='ltr'><em>suscitate</em></span> <span class='ocrx_word' id='word_1_362' title='bbox 1106 3048 1143 3069; x_wconf 82' lang='lat' dir='ltr'><em>dal</em></span> <span class='ocrx_word' id='word_1_363' title='bbox 1199 3053 1264 3070; x_wconf 88' lang='lat' dir='ltr'><em>corne</em></span> <span class='ocrx_word' id='word_1_364' title='bbox 1279 3048 1298 3069; x_wconf 82' lang='lat' dir='ltr'><em>si</em></span> <span class='ocrx_word' id='word_1_365' title='bbox 1314 3048 1410 3069; x_wconf 86' lang='lat' dir='ltr'><em>desume</em></span> <span class='ocrx_word' id='word_1_366' title='bbox 1426 3048 1462 3069; x_wconf 80' lang='lat' dir='ltr'><em>dal</em></span> <span class='ocrx_word' id='word_1_367' title='bbox 1479 3048 1620 3070; x_wconf 76' lang='lat' dir='ltr'><em>documento</em></span> <span class='ocrx_word' id='word_1_368' title='bbox 1635 3048 1671 3070; x_wconf 87' lang='lat' dir='ltr'><em>del</em></span> <span class='ocrx_word' id='word_1_369' title='bbox 1686 3049 1713 3070; x_wconf 77' lang='lat'><em>30</em></span> <span class='ocrx_word' id='word_1_370' title='bbox 1727 3049 1825 3075; x_wconf 81' lang='lat' dir='ltr'><em>gennaio</em></span> <span class='ocrx_word' id='word_1_371' title='bbox 1843 3050 1900 3071; x_wconf 77' lang='lat'><strong>1479.</strong></span> 
     </span>
     <span class='ocr_line' id='line_1_36' title="bbox 265 3092 1812 3119; baseline 0 -4"><span class='ocrx_word' id='word_1_372' title='bbox 265 3094 356 3115; x_wconf 88' lang='lat' dir='ltr'><em>novello</em></span> <span class='ocrx_word' id='word_1_373' title='bbox 371 3093 492 3115; x_wconf 82' lang='lat' dir='ltr'><em>Convento</em></span> <span class='ocrx_word' id='word_1_374' title='bbox 508 3094 543 3114; x_wconf 78' lang='lat' dir='ltr'><em>nei</em></span> <span class='ocrx_word' id='word_1_375' title='bbox 560 3093 657 3119; x_wconf 82' lang='lat' dir='ltr'><em>Pavcsi,</em></span> <span class='ocrx_word' id='word_1_376' title='bbox 679 3093 684 3114; x_wconf 91' lang='lat' dir='ltr'><em>i</em></span> <span class='ocrx_word' id='word_1_377' title='bbox 701 3093 762 3119; x_wconf 83' lang='lat' dir='ltr'><em>quali</em></span> <span class='ocrx_word' id='word_1_378' title='bbox 779 3093 953 3114; x_wconf 78' lang='lat' dir='ltr'><em>dimostravano</em></span> <span class='ocrx_word' id='word_1_379' title='bbox 969 3093 989 3113; x_wconf 80' lang='lat' dir='ltr'><em>la</em></span> <span class='ocrx_word' id='word_1_380' title='bbox 1009 3093 1059 3114; x_wconf 89' lang='lat' dir='ltr'><em>loro</em></span> <span class='ocrx_word' id='word_1_381' title='bbox 1075 3093 1142 3114; x_wconf 86' lang='lat' dir='ltr'><em>bene·</em></span> <span class='ocrx_word' id='word_1_382' title='bbox 1249 3092 1280 3117; x_wconf 88' lang='lat'><em>(3)</em></span> <span class='ocrx_word' id='word_1_383' title='bbox 1295 3092 1351 3114; x_wconf 85' lang='lat' dir='ltr'><em>Vedi</em></span> <span class='ocrx_word' id='word_1_384' title='bbox 1368 3093 1382 3114; x_wconf 87' lang='lat' dir='ltr'><em>il</em></span> <span class='ocrx_word' id='word_1_385' title='bbox 1397 3093 1539 3114; x_wconf 86' lang='lat' dir='ltr'><em>documento</em></span> <span class='ocrx_word' id='word_1_386' title='bbox 1554 3093 1590 3114; x_wconf 84' lang='lat' dir='ltr'><em>del</em></span> <span class='ocrx_word' id='word_1_387' title='bbox 1605 3093 1619 3114; x_wconf 87' lang='grc'><strong><em>3</em></strong></span> <span class='ocrx_word' id='word_1_388' title='bbox 1633 3093 1738 3115; x_wconf 83' lang='lat' dir='ltr'><em>febbraio</em></span> <span class='ocrx_word' id='word_1_389' title='bbox 1755 3094 1812 3115; x_wconf 77' lang='lat'>1475.</span> 
     </span>
    </p>
   </div>
  </div>
 </body>
</html>
