2347 3444
328 196 370 227 78

323 329 435 360 sterlla
453 326 503 368 (l)
522 329 611 369 prior
628 329 734 360 sancti
755 329 920 361 Laurentii
948 328 1117 361 placentie
1143 328 1281 360 Ordinis
1308 329 1458 368 predicti,
1486 327 1663 359 lacobinus
1681 328 1722 359 de
1740 327 1872 369 Stropis
1897 329 1938 360 de
1957 327 2138 367 Binascho,

323 388 436 422 Guido
462 391 502 422 de
530 390 677 428 Franzia,
705 390 868 422 lohannes
895 391 1094 422 Franciscus
1120 391 1160 422 de
1180 390 1404 420 Trovamallis
1422 390 1463 420 de
1482 388 1583 421 Sallis
1600 387 1661 429 (2),
1680 388 1864 426 Quintinus
1881 390 1922 421 de
1948 389 2138 428 Tornaclio,

322 451 486 484 Iohannes
512 453 552 484 de
581 452 704 493 Vegiis,
731 453 938 484 Ambroxius
964 454 1004 484 de
1031 451 1174 489 Caxalli,
1203 452 1368 483 Henricus
1393 451 1434 482 de
1460 450 1610 491 Bugella,
1638 450 1803 483 loliannes
1828 452 1870 483 de
1896 451 2044 489 Franzia,
2070 451 2138 483 An-

320 515 431 545 tonius
457 515 497 546 de
524 514 631 546 Gallis
656 518 686 546 et
713 515 888 546 Mareliion
915 514 974 553 (3³,
1001 522 1118 545 omnes
1144 513 1263 544 fratres
1299 513 1556 544 conventualles
1582 516 1613 544 et
1639 514 1854 545 residentiam
1894 514 2137 554 presentialiter

320 576 480 608 facientes
511 577 675 608 dictorum
714 580 900 608 conventus
927 579 957 607 et
994 576 1135 607 ecclesie
1162 577 1193 606 et
1220 575 1250 606 in
1277 575 1364 606 dicta
1402 575 1557 613 ecclesia,
1594 574 1787 607 facientes...
1826 576 2004 616 plusquam
2043 577 2128 608 duas

319 642 429 678 partes
455 639 624 678 capituli...
653 638 725 679 lpse
752 647 895 678 namqu„-
923 637 1093 678 prefactus
1122 637 1281 668 dominus
1310 637 1469 677 magister
1496 636 1655 669 Albertus
1681 638 1827 669 vicarius
1853 647 1925 669 cum
1961 639 2139 678 presentia,

318 701 513 732 aucloritate
540 704 569 732 et
595 709 764 732 consensu
791 709 828 731 ae
856 700 1086 730 insinuacione
1126 699 1298 730 reverendi
1327 700 1357 730 in
1384 708 1479 730 sacra
1518 699 1640 740 pagina
1679 700 1829 740 magistri
1867 700 1992 731 domini
2031 700 2139 732 fratris

320 761 445 794 Stelani
473 763 514 794 de
535 763 676 794 Masinis
694 760 744 801 (4)
764 762 867 801 patris
894 761 1124 801 provinciallis
1151 761 1323 801 provincie
1351 761 1550 792 Lombardie
1570 760 1708 793 Ordinis
1727 761 1875 793 Fratrum
1896 762 2138 794 Heremitarum

322 826 426 856 sancti
456 825 646 865 Augustini,
675 824 796 855 ibidem
818 824 1024 863 presentis...
1045 824 1205 863 exposuit
1223 832 1260 855 ac
1280 824 1419 864 exponit
1437 824 1528 864 quod
1548 827 1684 864 propter
1701 827 1953 856 excrescentem
1979 825 2139 857 devocio-

326 896 399 918 nem
420 887 609 922 maximam,
629 896 693 926 que
714 886 853 917 liabetur
871 885 912 916 ad
932 888 1083 916 sanctum
1103 885 1280 917 Nicolaum
1299 886 1340 917 de
1360 885 1539 917 Tolentino
1564 883 1625 926 (5),
1653 889 1818 927 repertum
1845 889 1895 918 est
1920 889 1951 918 et
1977 888 2137 927 reperitur

319 950 476 980 nobillem
497 949 665 979 dominam
686 948 894 979 Tliisminam
922 948 963 979 de
990 946 1108 979 Ozolla
1135 947 1234 979 filiam
1262 948 1433 988 quondam
1460 948 1585 979 domini
1614 948 1722 980 lacobi
1742 951 1773 980 et
1791 949 1938 981 relictam
1962 950 2133 990 quondam

325 1011 447 1051 egregii
476 1011 582 1050 legum
610 1010 758 1041 doctoris
784 1009 909 1040 domini
937 1008 1094 1041 Iohannis
1120 1009 1161 1041 de
1188 1008 1298 1041 Piscia
1315 1007 1376 1049 (6),
1397 1010 1575 1042 vollentem
1595 1013 1626 1042 et
1644 1020 1708 1051 que
1728 1011 1798 1042 vult
1816 1011 1951 1051 doctare
1971 1011 2134 1052 capellam

320 1078 461 1104 erectam
482 1078 511 1103 et
532 1072 702 1103 fundatam
723 1072 786 1103 sub
805 1071 984 1103 vocabullo
1003 1072 1108 1103 sancti
1135 1071 1275 1113 Nicolay
1301 1073 1342 1104 de
1369 1072 1548 1104 Tolentino
1577 1073 1608 1104 in
1635 1073 1723 1105 dicta
1749 1073 1893 1105 ecclesia
1920 1078 2034 1106 sancte
2060 1074 2137 1105 Mu-

319 1136 428 1166 stiolle
447 1144 464 1166 3
484 1144 582 1165 manu
609 1135 743 1165 sinistra
775 1134 928 1165 intrando
955 1143 1059 1174 prope
1085 1136 1213 1174 portam
1241 1143 1395 1174 magnam
1422 1135 1509 1166 dicte
1535 1135 1678 1166 ecclesie
1703 1133 1764 1174 (7),
1791 1137 1821 1167 et
1858 1135 1966 1167 eidem
2005 1136 2133 1176 capelle

319 1206 378 1237 pro
403 1197 501 1228 docte
530 1199 560 1227 et
591 1196 724 1227 nomine
750 1196 860 1227 doctis
887 1196 995 1236 ipsius
1021 1195 1148 1236 capelle
1174 1197 1348 1237 assignare
1382 1199 1412 1228 et
1445 1197 1599 1229 traddere
1626 1197 1749 1238 petiam
1784 1206 1882 1229 unam
1917 1200 2000 1229 terre
2040 1198 2136 1229 advi-

322 1263 426 1295 neate,
453 1259 493 1289 ad
523 1258 672 1289 ultimum
711 1259 910 1298 perticarum
948 1260 1081 1290 centum
1120 1258 1171 1290 vel
1199 1259 1319 1297 circha,
1357 1259 1502 1299 positam
1541 1260 1572 1290 in
1606 1257 1802 1300 Sycomario
1839 1259 1954 1300 Papie,
1992 1260 2046 1291 ubi
2084 1260 2135 1291 di—

318 1321 402 1352 citnr
427 1321 468 1352 ad
496 1319 656 1352 Sanctum
694 1320 876 1352 Martinum
903 1321 934 1351 in
961 1322 1046 1352 terra
1082 1329 1202 1352 arsa...
1240 1322 1367 1352 retento
1404 1323 1513 1353 tamen
1552 1321 1726 1353 usufructu
1768 1322 1876 1362 ipsius
1914 1322 2001 1362 petie
2039 1322 2136 1354 vinee

319 1392 378 1423 pro
405 1392 440 1414 se
468 1383 541 1423 ipsa
568 1383 704 1414 domina
730 1382 917 1421 Thismina,
943 1383 1016 1414 eius
1043 1383 1110 1414 vita
1135 1383 1286 1421 durante,
1305 1385 1336 1414 et
1354 1383 1444 1423 quod
1464 1385 1541 1424 post
1568 1384 1640 1415 eius
1667 1384 1767 1415 vitam
1791 1383 2005 1415 ususfructus
2031 1384 2138 1424 ipsius

317 1445 404 1484 petie
432 1445 527 1476 vinee
554 1445 596 1476 sit
622 1448 652 1476 et
678 1453 755 1476 esse
780 1445 901 1476 debeat
927 1445 1131 1476 venerabilis
1157 1445 1283 1476 domini
1309 1445 1420 1477 fratris
1446 1445 1612 1477 Laurentii
1639 1446 1680 1478 de
1707 1445 1813 1484 Biffis,
1839 1446 1912 1478 eius
1946 1446 2040 1478 libito
2077 1455 2136 1478 vo-

320 1507 467 1544 luntatis,
493 1507 534 1538 de
561 1507 658 1538 cuius
684 1506 794 1538 fratris
821 1506 987 1538 Laurentii
1017 1507 1224 1539 conscientia
1261 1507 1341 1538 dicit
1366 1516 1402 1539 se
1429 1507 1608 1548 plurimum
1647 1508 1825 1546 confidere,
1862 1509 1894 1539 et
1931 1508 2021 1548 quod
2060 1509 2137 1548 post

317 1569 391 1600 eius
416 1572 447 1600 et
473 1569 551 1601 dicti
578 1569 689 1600 fratris
715 1568 881 1600 Laurentii
909 1569 1022 1607 vitam,
1049 1570 1091 1601 sit
1117 1571 1148 1600 et
1174 1578 1250 1601 esse
1276 1570 1399 1601 debeat
1424 1572 1455 1601 et
1480 1579 1650 1602 remanere
1675 1570 1763 1602 dicte
1789 1570 1918 1611 capelle
1944 1570 2049 1602 sancti
2068 1569 2138 1611 Ny-

319 1632 417 1673 colay
443 1634 605 1672 perpetuo
609 1657 660 1663 .....
687 1631 726 1663 Et
752 1632 815 1663 hoc
842 1632 869 1663 si
896 1634 927 1664 et
951 1632 1136 1663 dummodo
1163 1641 1222 1672 pro
1249 1634 1342 1672 parte
1368 1632 1532 1664 dictorum
1559 1634 1757 1670 conventus,
1783 1632 1919 1673 capituli
1945 1634 1977 1664 et
1995 1632 2138 1665 ecclesie

319 1704 357 1726 ac
384 1694 594 1725 dominorum
622 1693 731 1726 Patris
757 1693 991 1733 Provincialis,
1018 1693 1143 1725 Prioris
1169 1696 1200 1726 et
1226 1693 1375 1726 Fratrum
1402 1694 1551 1726 eiusdem
1579 1695 1685 1733 detur,
1711 1694 1885 1726 traddatur
1902 1696 1932 1726 et
1949 1695 2141 1735 assignetur

319 1757 426 1788 eidem
453 1757 588 1788 domine
615 1756 789 1788 Thismine
817 1757 891 1796 ipsa
917 1756 1047 1797 capella
1073 1757 1181 1788 sancti
1222 1756 1365 1798 Nicolay
1392 1757 1433 1788 de
1459 1756 1638 1788 Tolentino
1676 1766 1736 1797 pro
1761 1765 1798 1788 se
1823 1759 1854 1788 et
1879 1757 2138 1789 successoribus

320 1819 402 1856 suis,
429 1819 460 1849 in
487 1827 553 1858 qua
579 1818 710 1859 capella
735 1820 766 1850 et
792 1819 833 1850 ad
860 1827 961 1859 quam
988 1819 1102 1850 dietim
1128 1819 1315 1851 celebretur
1340 1821 1371 1851 et
1397 1819 1557 1851 celebrari
1584 1819 1705 1851 debeat
1732 1828 1796 1851 una
1823 1819 1926 1851 missa
1944 1828 2004 1860 pro
2030 1819 2140 1850 anima

321 1882 430 1922 ipsius
456 1881 590 1912 domine
617 1880 792 1913 Thismine
818 1883 848 1913 et
873 1881 1154 1922 predecessorum
1182 1890 1319 1913 suorum
1345 1890 1384 1913 ac
1411 1881 1443 1912 in
1469 1881 1701 1913 remissionem
1729 1883 1943 1922 peccatorum
1970 1890 2139 1918 suorum..

321 1943 452 1975 ...Unde
479 1943 649 1984 prefactus
683 1944 890 1975 reverendus
915 1944 1073 1975 dominus
1099 1943 1254 1976 Vicarius
1280 1943 1455 1984 requisivit
1481 1945 1512 1975 et
1538 1943 1674 1984 requirit
1699 1952 1802 1984 super
1827 1945 1857 1975 et
1883 1952 1942 1984 pro
1980 1943 2140 1984 predictis

320 2008 447 2037 mature
472 2005 649 2037 deliberari
676 2007 707 2037 et
733 2006 855 2037 deinde
881 2006 1078 2046 responderi
1105 2006 1186 2047 quid
1212 2005 1360 2038 fiendum
1388 2006 1520 2037 videtur
1545 2014 1648 2046 super
1673 2006 1875 2046 predictis...
1906 2004 1987 2037 Post
2019 2014 2084 2046 que
2088 2030 2138 2037 .....

318 2068 574 2099 considerantes
600 2067 691 2108 quod
718 2068 745 2099 si
773 2068 924 2108 predicta
950 2068 1030 2100 fient
1056 2070 1090 2099 ut
1115 2077 1251 2109 supra...
1290 2068 1410 2100 cedent
1435 2068 1477 2100 ad
1505 2068 1685 2099 maximam
1724 2067 1909 2099 utillitatem
1936 2069 1967 2099 et
1993 2076 2139 2099 commo-

318 2130 397 2160 dum
425 2130 588 2161 dictorum
616 2129 764 2168 fratrum,
791 2132 980 2162 conventus
1007 2132 1038 2162 et
1063 2130 1258 2170 capitulli....
1284 2127 1393 2170 (l’atto
1418 2131 1475 2170 qui
1499 2129 1515 2162 ἑ
1539 2130 1663 2162 mutilo.
1689 2130 1811 2161 Manca
1828 2129 1931 2161 anche
1948 2130 1980 2161 la
1997 2129 2141 2161 secondo

317 2192 434 2223 sedata
460 2191 513 2223 del
537 2192 692 2232 capitolo,
719 2192 834 2232 quitidi
857 2193 888 2224 si
910 2192 954 2223 ha
979 2192 1012 2223 [α
1037 2194 1126 2223 terza
1151 2190 1287 2231 sedum)
1303 2203 1313 2224 .-

410 2253 546 2286 Eisdem
573 2263 661 2286 anno
687 2256 718 2286 et
744 2254 925 2292 indicione,
958 2254 1012 2285 die
1050 2255 1216 2296 vigesimo
1242 2256 1340 2286 sexto
1375 2255 1502 2286 mensis
1539 2253 1622 2292 Iulii,
1661 2255 1741 2286 hora
1779 2263 1877 2292 none,
1910 2253 1995 2285 stello
2031 2255 2137 2286 stesso

376 2420 393 2441 (l
425 2419 467 2440 l’cr
482 2419 540 2441 frate
557 2420 650 2445 Giorgio
667 2420 772 2441 pusterla
789 2420 839 2441 vedi
856 2420 906 2441 doc.
923 2420 936 2441 ὓ
950 2421 1031 2446 aprile,
1049 2420 1106 2441 1⁴56.

377 2466 406 2488 (21
423 2465 564 2490 Apparticne
579 2465 622 2485 alla
639 2465 715 2485 nobile
726 2465 826 2490 tamiglia
839 2465 985 2490 'l'rovamala,
997 2466 1038 2486 che
1048 2471 1121 2486 aveva
1134 2466 1203 2486 estesi

325 2510 427 2535 possessi
445 2509 479 2529 nel
496 2509 612 2529 territorio
628 2510 649 2529 di
665 2509 726 2535 Sale,
741 2509 813 2530 allora
829 2509 865 2530 del
888 2509 1006 2530 Comitato
1022 2509 1043 2530 di
1061 2509 1139 2535 Pavia,
1164 2515 1204 2531 ora

325 2560 406 2579 grossa
423 2554 519 2577 borgar-i
535 2554 594 2574 della
611 2554 701 2574 Diocesi
718 2554 739 2574 di
756 2554 867 2574 Tortonn.

378 2597 436 2619 ,3111
459 2597 603 2622 λ1υ1ς1ιίιιπς,
629 2598 666 2623 qui
690 2598 806 2619 ricordsito
831 2598 960 2619 scnz'altra
983 2598 1169 2624 specilicazione,
1192 2599 1203 2619 t·

324 2641 382 2662 irate
398 2641 535 2661 ,xlclcninrrc
553 2642 638 2665 Lucini,
654 2647 719 2662 coine
735 2642 752 2662 si
769 2642 834 2667 leuge
850 2643 870 2662 in
887 2642 931 2663 fine
946 2642 1006 2663 dello
1022 2645 1099 2663 stesso
1124 2644 1204 2664 nostro

325 2686 473 2710 documento,
496 2686 536 2705 elie
560 2691 600 2711 per
622 2686 698 2709 lunitln
721 2686 772 2706 anni
795 2687 917 2711 apparisce
940 2687 998 2711 ncgli
1014 2687 1056 2707 atti
1072 2687 1094 2707 di
1110 2686 1132 2707 S.
1156 2687 1205 2707 Mo-

325 2729 401 2749 stiola⁴
420 2729 489 2749 Forsc
504 2732 662 2754 apparteneva
678 2730 721 2749 3113
738 2730 813 2750 nobile
836 2730 936 2755 ininiglia
954 2731 1039 2755 Lucini,
1062 2731 1159 2751 orinrida
1182 2731 1204 2751 di

325 2772 406 2797 Coun»,
423 2773 463 2793 che
479 2772 515 2792 dal
533 2773 644 2797 principio
660 2773 695 2793 del
712 2773 789 2793 seculo
812 2773 850 2794 XV
866 2773 887 2793 in
904 2774 941 2799 poi
965 2774 1023 2794 ebbe
1046 2780 1074 2795 nn
1098 2780 1161 2795 raino
1184 2774 1205 2795 in

327 2816 405 2841 Paria,
422 2817 499 2842 quello
514 2816 663 2837 discendentc
680 2817 715 2837 dal
732 2818 859 2841 segretario
882 2818 962 2838 ducale
985 2817 1095 2839 (li-‘iconio
1120 2818 1204 2839 Lucini.

326 2861 407 2885 Questi
425 2863 506 2881 teneva
523 2861 543 2881 in
559 2860 635 2881 afiitto
651 2861 671 2881 13
687 2861 773 2886 grande
789 2862 939 2887 possessione
955 2862 976 2882 di
993 2862 1014 2883 S⁴
1032 2862 1102 2888 Sotia,
1125 2868 1209 2888 appar-

326 2908 418 2926 tenente
433 2905 454 2925 ai
471 2904 579 2926 Canonici
603 2905 699 2929 regulari
716 2905 737 2925 di
754 2904 776 2925 S.
795 2905 871 2926 pietro
887 2906 908 2926 in
924 2905 971 2927 Ciel
987 2906 1069 2932 d’oro,
1092 2912 1158 2927 corne
1180 2907 1208 2927 ri-

325 2950 386 2970 suita
403 2949 462 2970 dalle
478 2954 600 2969 numerose
616 2954 754 2974 pergamen&
770 2949 805 2969 del
821 2949 891 2969 fondo
908 2949 1039 2975 Brainbilla,
1056 2956 1095 2971 ora
1112 2951 1146 2971 nel
1158 2950 1209 2971 Mu-

327 3000 368 3015 seo
385 2993 463 3015 civico
479 2993 500 3014 di
517 2994 589 3014 storia
606 2993 679 3019 patria
695 2993 716 3013 di
734 2993 811 3014 Ρ3ν13.

382 3038 411 3063 (4)
427 3038 454 3058 Di
471 3040 556 3063 questo
572 3037 688 3063 Religioso
704 3038 754 3058 vedi
771 3038 791 3058 le
807 3040 860 3059 note
876 3039 896 3059 al
919 3038 1059 3059 documento
1081 3039 1116 3060 del
1137 3040 1150 3060 2
1164 3042 1210 3060 sct-

329 3083 418 3104 fembre
437 3082 487 3103 1438
501 3082 532 3106 (n.
549 3081 633 3107 CCVI)

1309 2421 1340 2444 (5,)
1356 2421 1386 2441 La
1402 2422 1574 2442 excrescentem
1590 2421 1735 2442 devotionem
1752 2421 1880 2442 minimum
1891 2426 1904 2441 a
1915 2420 1938 2441 S.
1955 2420 2034 2441 Nicola
2050 2420 2079 2441 da
2095 2419 2139 2441 Το-

1260 2465 1346 2485 lentino
1362 2465 1380 2485 si
1397 2465 1454 2486 deve
1470 2465 1514 2486 allo
1531 2465 1580 2486 zelo
1596 2470 1664 2486 verso
1686 2465 1722 2486 del
1738 2464 1818 2490 Santo,
1836 2465 2007 2485 addimostrato
2023 2464 2052 2485 da
2075 2463 2138 2490 Papa

1261 2510 1363 2534 Eugenio
1379 2509 1407 2530 lV
1423 2510 1444 2530 in
1460 2510 1544 2535 questo
1560 2511 1637 2530 stesso
1652 2515 1712 2530 anno
1730 2509 1786 2530 1446.
1804 2510 1818 2530 11
1835 2509 1897 2530 culto
1907 2509 1928 2530 al
1939 2509 2026 2535 grande
2041 2509 2139 2530 Tauma-

1260 2555 1328 2579 turgo
1344 2559 1382 2574 era
1397 2554 1550 2580 estesissirno,
1566 2560 1578 2575 e
1594 2554 1630 2580 gii]
1647 2554 1651 2574 i
1668 2553 1723 2579 Papi
1740 2554 1851 2575 Giovanni
1867 2554 1925 2575 xxn
1942 2559 1954 2574 e
1965 2554 2092 2575 Innocenzo
2109 2553 2138 2574 Vl

1259 2598 1277 2618 si
1294 2603 1364 2618 erano
1379 2598 1486 2623 occupati
1503 2603 1543 2623 per
1559 2598 1579 2619 la
1595 2598 1789 2618 canonizzazione
1805 2598 1826 2618 di
1842 2598 1881 2621 lui.
1898 2598 1918 2618 la
1935 2598 2003 2624 quale
2019 2603 2059 2623 per
2076 2597 2138 2618 varie

1260 2642 1403 2663 circostanze
1419 2648 1463 2662 non
1479 2641 1501 2663 fu
1517 2642 1628 2663 condotta
1643 2647 1656 2662 a
1673 2642 1775 2662 termine⁴
1801 2642 1902 2667 Eugenio
1927 2642 1963 2668 lv,
1979 2642 2102 2663 terminato
2124 2642 2138 2662 il

1260 2685 1363 2707 Concilio
1379 2686 1518 2711 Florentino,
1543 2686 1630 2711 riprese
1646 2686 1665 2706 le
1681 2686 1784 2711 praticlie
1806 2687 1944 2712 necessarie,
1967 2691 1978 2707 e
2001 2686 2036 2706 nel
2057 2686 2139 2712 giorno

1260 2730 1318 2751 della
1336 2730 1473 2751 Pentecoste
1488 2731 1510 2754 (5
1525 2730 1545 2750 di
1562 2730 1657 2755 uiugno)
1679 2730 1714 2750 dcl
1740 2730 1789 2750 14⁴0
1804 2731 1825 2750 lo
1845 2731 1945 2751 ascrisse
1966 2731 2139 2751 solennementc

1261 2774 1294 2795 fra
1310 2775 1314 2795 i
1331 2774 1403 2795 Santi.
1422 2775 1450 2795 La
1466 2774 1590 2795 dotazione
1614 2774 1672 2795 della
1695 2774 1815 2800 Cappella,
1837 2775 1877 2796 che
1900 2775 1920 2795 in
1943 2780 1986 2795 suo
2009 2780 2079 2795 onore
2101 2779 2139 2795 era

1261 2820 1323 2840 stata
1338 2819 1453 2839 innalzata
1470 2819 1490 2839 in
1506 2818 1528 2840 S.
1545 2818 1664 2844 Mostiola,
1680 2824 1723 2839 con
1739 2820 1799 2840 tutta
1816 2818 1955 2845 probabilitati
1971 2819 2001 2840 fin
2016 2819 2070 2840 dall'
2080 2824 2141 2839 anno

1265 2864 1315 2884 1394
1329 2863 1390 2888 (doc.
1407 2869 1428 2884 n.
1449 2862 1504 2889 CX),
1527 2863 1539 2884 ὲ
1562 2863 1655 2889 dunque
1678 2868 1722 2884 una
1745 2863 1803 2884 delle
1819 2864 1891 2888 prime
1914 2863 2097 2884 manifestazioni
2119 2863 2141 2884 di

1263 2907 1324 2933 pieta
1340 2913 1351 2928 e
1367 2907 1388 2928 di
1404 2907 1475 2931 culto,
1498 2908 1540 2928 elic
1561 2907 1686 2933 scguirono
1708 2908 1751 2928 alla
1774 2901 1868 2928 solenne
1889 2907 2084 2929 canonizzazione
2105 2907 2141 2928 del

1264 2951 1398 2973 Protenore
1413 2952 1474 2972 delle
1489 2952 1568 2973 anime
1580 2952 1701 2977 purganti.

1318 2995 1349 3018 ‹6›
1364 2989 1381 3016 F.
1396 2995 1416 3016 la
1432 2997 1508 3016 stessa
1524 2995 1599 3016 nobile
1614 2995 1715 3021 signora,
1732 2996 1773 3016 che
1789 2995 1818 3016 fin
1836 2996 1873 3016 dal
1897 2996 1946 3018 1437
1968 2995 2028 3020 (doc.
2051 3001 2072 3017 n.
2095 2994 2142 3020 CC)

1265 3039 1391 3065 disponeva
1408 3039 1466 3060 delle
1482 3045 1523 3060 sue
1538 3040 1648 3060 sosianze
1663 3045 1676 3060 a
1691 3039 1770 3060 favore
1786 3040 1807 3060 di
1823 3039 1845 3061 Si
1863 3040 1981 3062 Mostiola.

1314 3084 1344 3108 (7)
1360 3083 1382 3104 Si
1399 3083 1500 3104 ricliiarni
1516 3084 1530 3104 11
1550 3083 1690 3105 documento
1706 3084 1853 3110 dcll'agosto,
1873 3085 1921 3106 1394
1936 3084 1966 3108 (n.
1983 3084 2038 3108 CX).
