2347 3444
323 152 366 183 94

323 285 437 326 papie,
463 288 494 317 et
520 284 654 317 Gracini
681 286 722 317 de
749 285 956 317 pischarollo
982 295 1023 317 ex
1052 285 1220 326 magistris
1261 285 1431 316 ducalium
1469 285 1674 324 intratarum,
1701 289 1763 318 etc.
1790 289 1820 318 et
1847 296 1906 328 pro
1931 287 2135 328 exequtione

322 351 386 379 tam
413 348 629 388 plurimarum
657 348 838 379 litterarum
866 348 1032 389 magnifici
1059 347 1186 378 domini
1214 347 1332 388 Angeli
1367 346 1550 379 Simonette
1587 348 1718 380 ducalis
1755 350 1936 381 consiliarii
1971 352 2002 381 et
2027 358 2136 381 secre-

321 411 404 448 tarii,
430 415 501 445 etc..
527 419 626 450 quam
654 410 886 450 imposicionis
912 412 1070 441 oretenus
1095 409 1181 441 facte
1207 418 1267 450 per
1292 410 1414 450 ipsum,
1439 412 1500 441 ete.
1528 419 1587 451 per
1615 411 1835 443 cancellarios
1860 414 1891 444 et
1917 412 2136 444 rationatores

320 472 398 503 dicti
426 470 590 503 Coniunis
616 470 731 511 Papie,
758 472 813 503 fiat
840 471 964 503 bulleta
990 471 1170 503 solutionis
1197 472 1379 503 venerabili
1407 472 1544 503 domino
1562 471 1651 504 fratri
1670 470 1843 511 Gabrielli,
1861 473 1950 505 fratri
1981 473 2136 506 illustris-

319 534 392 565 simi
412 534 537 564 domini
557 532 691 564 Domini
708 534 811 565 nostri
830 532 891 573 (l),
910 534 951 565 de
970 534 1035 565 illis
1054 534 1191 565 florenis
1209 534 1391 566 ducentum
1410 535 1593 574 assignatis
1612 535 1643 565 in
1660 534 1780 567 Rotulo
1798 536 1875 567 anni
1894 537 2061 576 presentis
2075 536 2136 568 do-

319 597 407 627 mino
434 596 592 636 magistro
618 594 766 627 Steffano
783 596 825 628 de
844 585 960 636 Papia,
979 596 1020 628 de
1037 596 1172 627 florenis
1191 598 1323 628 centum
1343 596 1543 628 mensuatim
1562 597 1767 635 dividendis,
1794 597 1877 629 ultra
1896 598 1971 630 illos
1989 598 2136 630 florenos

318 660 449 689 centum
476 658 517 689 de
544 657 670 698 quibus
696 658 782 689 facta
808 657 868 689 fuit
893 658 1081 699 assignatio
1106 658 1242 689 domino
1269 658 1429 698 magistro
1456 657 1592 690 Iohanni
1619 659 1660 690 de
1687 657 1880 700 Giringelis,
1899 660 1942 692 ita
1971 662 2003 692 et
2028 660 2137 692 taliter

316 720 406 759 quod
435 720 476 751 de
503 720 650 760 presenti
678 720 799 751 habeat
827 720 985 751 bulletam
1013 720 1178 751 mensium
1205 719 1346 751 Ianuarii
1373 723 1404 752 et
1430 720 1601 752 Februarii
1640 722 1793 762 proxime
1830 722 2062 763 preteritorum
2100 725 2132 755 et

316 781 439 813 deinde
466 782 678 819 mensuatim,
704 782 746 813 ad
774 782 884 822 ipsum
911 784 1106 822 computum
1145 781 1348 813 florenorum
1386 785 1518 814 centum
1545 783 1576 814 in
1603 792 1702 822 anno,
1740 786 1838 824 prout
1874 784 1949 816 aliis
1987 784 2133 816 dominis

315 843 514 875 doctoribus
540 844 571 874 in
599 844 752 884 papiensi
780 842 899 875 Studio
926 843 1117 884 legentibus
1135 844 1205 875 fieri
1224 844 1406 885 continget,
1433 847 1644 885 opportunas
1670 846 1855 886 scripturas
1873 846 2014 886 proinde
2033 855 2136 887 quas-

317 905 396 937 libet
422 908 453 937 et
480 906 693 937 necessarias
719 905 885 937 faciendo.

1154 1080 1313 1122 CCLI.

402 1199 452 1226 La
478 1198 664 1227 Comunita
690 1198 724 1226 di
751 1198 786 1227 S.
813 1198 988 1234 Agostino
1014 1198 1059 1226 da
1084 1198 1296 1227 investitura
1320 1203 1487 1236 perpetua
1513 1200 1548 1228 di
1574 1200 1690 1229 alcuni
1715 1200 1794 1229 beni
1819 1201 1875 1229 nel
1902 1201 2131 1231 Siccomario.

947 1319 1102 1352 1453,
1128 1326 1234 1346 lna
1240 1321 1386 1353 ggio,
1411 1321 1502 1347 29.

850 1417 926 1441 (Arcti
944 1417 1024 1438 Notat,
1041 1417 1063 1438 di
1080 1417 1150 1438 Pavia
1166 1429 1191 1431 —
1206 1418 1254 1439 Atti
1271 1418 1292 1439 di
1308 1419 1419 1444 Agostino
1435 1419 1590 1446 Gravanago).

556 1628 579 1654 N
605 1622 763 1664 Capitulo
789 1622 989 1656 Conventus
1015 1627 1046 1656 et
1071 1625 1213 1656 ecclesie
1240 1625 1390 1657 Fratrum
1418 1625 1660 1658 Herernitarum
1687 1627 1793 1659 sancti
1821 1626 2000 1668 Augustini
2027 1627 2132 1669 Papie

548 1680 549 1696 ¹
578 1686 633 1717 ubi
660 1687 758 1718 etiam
785 1696 845 1727 per
870 1695 929 1718 eos
955 1687 1113 1719 dominos
1138 1687 1256 1719 fratres
1282 1688 1316 1719 fit
1341 1688 1497 1720 sacristia
1523 1688 1676 1720 eiusdem
1695 1688 1850 1720 ecclesie.
1870 1688 1986 1729 Ibique
2004 1697 2130 1721 convo-

419 1610 468 1726 ’““
410 1560 545 1563 i

460 1784 523 1786 ἦρ
577 1752 651 1781 cato
677 1752 708 1781 et
734 1752 938 1791 congregato
957 1750 1149 1791 capitulo...
1169 1751 1201 1782 in
1220 1760 1288 1792 quo
1306 1751 1482 1783 fuerunt....
1502 1750 1714 1782 venerabiles
1732 1751 1859 1782 domini
1878 1751 2036 1792 magister
2054 1750 2134 1783 Ber-

310 1813 499 1845 tholameus
524 1812 566 1843 de
592 1812 749 1844 Fazardis
776 1812 870 1844 Prior
895 1813 982 1844 dicte
1019 1813 1160 1845 ecclesie
1186 1815 1217 1845 et
1242 1815 1441 1852 conventus,
1479 1813 1639 1854 magister
1671 1812 1907 1845 Manfredinus
1944 1813 1985 1845 de
2023 1813 2133 1845 Mom-

312 1876 416 1913 breto‚
443 1875 543 1906 frater
569 1874 752 1906 leronimus
778 1875 992 1907 bachalarius
1018 1875 1059 1907 de
1086 1875 1310 1916 Mantegaciis
1336 1875 1377 1907 de
1403 1875 1610 1913 Mediolano,
1636 1874 1735 1906 frater
1753 1874 1921 1907 Martinus
1946 1875 1987 1907 de
2018 1874 2132 1907 Velate

312 1937 426 1975 lector,
463 1936 562 1968 frater
600 1935 720 1968 Petrus
745 1937 787 1968 de
812 1934 980 1969 Cremona
1018 1938 1196 1978 viceprior,
1233 1937 1334 1970 frater
1358 1937 1478 1969 Petrus
1503 1938 1545 1969 de
1571 1936 1696 1976 Durae,
1721 1937 1822 1969 frater
1847 1936 2065 1969 Gualterinus
2090 1938 2132 1970 de

311 1998 425 2037 Curte,
451 1999 551 2030 frater
577 1997 712 2039 Gaspar
736 1999 778 2030 de
804 1998 921 2040 Papia,
947 1999 1046 2031 frater
1071 1999 1264 2032 Bernardus
1290 2000 1331 2032 de
1358 1999 1471 2038 Riciis,
1497 1999 1597 2032 frater
1622 1999 1844 2040 Thomaynus
1870 1999 1911 2031 de
1949 1998 2134 2032 Sanctona-

314 2062 414 2100 zarin,
450 2061 550 2093 frater
587 2061 730 2093 lacobus
756 2061 797 2093 de
824 2060 955 2100 Caxali‚
993 2061 1093 2094 frater
1130 2061 1296 2094 lohannes
1329 2062 1450 2094 Petrus
1475 2062 1516 2094 de
1542 2061 1759 2100 Alexandria,
1785 2062 1886 2094 frater
1911 2061 2065 2094 Andreas
2090 2062 2132 2094 de

312 2127 431 2156 sancto
457 2123 609 2162 Zenesio,
635 2123 735 2155 frater
760 2123 1017 2156 Bertholameus
1042 2124 1083 2156 de
1111 2124 1328 2163 Alexandria,
1353 2124 1454 2156 frater
1479 2124 1632 2165 Baptista
1657 2124 1699 2156 de
1724 2124 1932 2163 Mediolano,
1958 2124 2059 2156 trater
2083 2123 2133 2156 lo-

314 2187 442 2218 hannes
468 2185 636 2217 Antonius
661 2186 702 2217 de
730 2186 938 2224 Mediolano,
976 2186 1076 2218 frater
1102 2186 1333 2219 Bertolarneus
1359 2187 1400 2219 de
1427 2185 1549 2225 Saona,
1586 2187 1686 2219 frater
1717 2185 1885 2219 Antonius
1910 2187 1952 2218 de
1977 2186 2131 2225 Astariis,

370 2360 398 2384 (l)
414 2360 481 2380 Frate
497 2359 604 2380 Gabriele
619 2359 708 2385 stotza,
725 2361 766 2381 che
782 2360 895 2385 raccogtic
911 2360 932 2380 in
949 2361 1046 2386 qualche
1063 2361 1131 2381 modo
1151 2361 1197 2382 l'e-

314 2404 387 2424 redita
403 2404 530 2425 scientifica
546 2404 567 2424 di
584 2404 642 2424 irate
659 2404 754 2425 Stetano
770 2404 798 2424 da
815 2404 884 2425 Pavia
901 2404 1096 2430 nell'Universita,
1108 2405 1120 2425 ὲ
1131 2411 1196 2426 come

315 2448 364 2468 dice
380 2448 393 2468 il
410 2448 559 2473 documento,
575 2448 666 2469 fratello
683 2448 718 2469 del
735 2448 798 2469 Duca
815 2449 836 2469 di
853 2449 949 2473 Milauo,
969 2449 1096 2470 Franeesco
1108 2449 1196 2470 Storza.

315 2492 374 2513 Nato
391 2492 427 2512 dat
444 2492 534 2513 famoso
550 2493 658 2517 capitano
682 2492 807 2513 Attendolu
829 2492 909 2513 Storza
932 2498 944 2513 e
966 2493 994 2513 da
1018 2494 1093 2514 nobile
1116 2493 1194 2514 madre

315 2537 499 2561 prohatiilnicnte
515 2542 605 2561 seriose,
622 2537 688 2557 entro
704 2537 870 2561 giovanissimo
887 2537 1033 2558 nell'Ordiue
1048 2538 1195 2562 auostiriiano

315 2580 411 2600 lacendo
437 2583 502 2606 parte
519 2581 554 2601 del
571 2581 691 2602 Com-ento
708 2581 729 2601 tli
747 2581 850 2602 Lecccto.
868 2582 890 2602 Si
906 2582 1001 2607 scgualii
1024 2582 1102 2602 subito
1119 2588 1158 2607 per
1174 2583 1194 2602 la

315 2625 415 2645 sev-:rita
432 2625 490 2645 «tella
507 2625 562 2649 vita,
580 2631 620 2650 per
636 2625 731 2645 l'amore
747 2626 790 2645 alla
807 2626 940 2650 solitudine,
962 2632 1001 2651 per
1022 2626 1042 2646 la
1065 2626 1127 2646 lorza
1151 2626 1196 2646 del-

316 2669 461 2694 l'eloqucnza
478 2669 595 2694 pastorale
612 2675 623 2689 e
639 2675 679 2694 per
695 2670 715 2690 la
732 2670 817 2695 perizia
841 2670 899 2695 negti
922 2670 992 2690 studii
1016 2670 1130 2691 tilosolici.
1153 2670 1196 2691 Per

315 2713 335 2733 le
351 2715 405 2733 note
421 2713 516 2733 vicende
532 2713 553 2733 ui
570 2719 613 2733 suo
630 2713 720 2733 fratello
737 2714 872 2739 Francesco,
885 2715 926 2735 che
938 2715 1061 2740 raggiunse
1078 2715 1091 2735 il
1107 2720 1197 2735 sommo

316 2759 396 2783 potere
415 2757 449 2777 sul
467 2756 558 2777 Ducato
574 2757 595 2777 di
612 2757 707 2782 lllilauo,
724 2757 782 2778 irate
798 2758 905 2779 Gabriele
920 2759 1036 2779 chiamato
1052 2759 1073 2779 in
1090 2759 1198 2780 Lonibar-

315 2801 360 2827 dia,
377 2801 439 2827 dopo
456 2806 499 2821 una
516 2801 585 2821 breve
601 2801 689 2822 dimora
706 2802 740 2822 nel
757 2802 878 2823 Convento
901 2803 953 2823 dell'
964 2803 1100 2824 incoronata
1116 2803 1137 2824 ‹li
1153 2804 1196 2824 Mi-

315 2847 375 2871 lano¹
393 2846 471 2871 passo,
492 2851 558 2866 come
580 2846 658 2866 vcdesi
675 2846 703 2866 da
720 2848 804 2872 questo
820 2847 969 2872 documento,
991 2848 1011 2868 in
1035 2847 1113 2873 Pavia,
1137 2848 1196 2870 dove

314 2896 412 2910 assuuse
428 2890 620 2915 t'insegnamcnto
637 2890 799 2910 universitario
811 2896 851 2916 per
862 2891 1020 2916 disposizioue
1038 2892 1074 2912 del
1092 2898 1135 2913 suo
1153 2892 1196 2914 fra-

315 2934 370 2955 tello
387 2934 459 2955 Ducti⁴
477 2934 499 2954 ln
515 2940 569 2955 esso
585 2934 641 2960 pero
666 2934 724 2954 duro
741 2935 784 2955 ben
807 2940 874 2960 poco,
896 2936 978 2960 perche
1001 2936 1036 2957 nel
1061 2937 1110 2957 1452
1134 2937 1194 2961 tvedi

315 2978 367 3000 doc.
383 2984 403 2998 n.
424 2984 445 2998 n.
462 2978 560 3001 CCLIX)
584 2978 664 2999 Nicolo
680 2978 697 2999 V
714 2978 735 2999 lo
751 2979 842 2999 innalzo
863 2979 907 2999 alla
931 2979 1041 3000 Cattcdra
1064 2981 1197 3002 Arcivcsco—

317 3023 360 3043 vile
377 3023 397 3042 di
415 3023 509 3043 Milano.
528 3022 556 3043 La
573 3028 615 3043 sua
639 3023 685 3043 vita
702 3022 723 3043 di
740 3022 904 3048 Arciveseovo,
928 3024 1006 3044 lodata
1029 3024 1056 3045 ed
1078 3026 1199 3046 ammirata

1251 2361 1280 2382 da
1296 2361 1360 2387 tutti,
1376 2361 1419 2382 ben
1435 2362 1453 2382 si
1470 2362 1607 2387 compendia
1630 2362 1688 2382 nelle
1710 2362 1815 2387 seguenti
1838 2362 1918 2388 parole
1940 2361 1976 2383 del
1999 2361 2129 2388 Ripamonti

1251 2406 1323 2429 (Med.
1349 2406 1410 2427 Eccl.
1437 2406 1533 2431 Hisrstm

1254 2455 1322 2475 quam
1347 2450 1458 2470 attulerat
1481 2456 1492 2470 c
1517 2451 1640 2475 claustris,
1664 2450 1732 2471 dictis
1756 2450 1870 2476 tactisque
1893 2451 2000 2471 niuuibus
2028 2450 2130 2472 addebat

1559 2414 1569 2422 «
1595 2406 1654 2427 Nota
1681 2406 1799 2427 Pontificis
1823 2406 1929 2432 probitas
1951 2406 2058 2432 famaque
2081 2407 2130 2432 illa,

1249 2494 1422 2519 auctoritatem,
1438 2496 1462 2514 ut
1479 2495 1564 2520 quictis
1580 2496 1601 2515 et
1619 2495 1747 2515 ruodestiae
1763 2501 1846 2515 nomen
1862 2495 1972 2516 haherent
1988 2500 2023 2519 ea,
2039 2500 2099 2520 quae
2110 2495 2128 2516 si

1252 2538 1331 2559 fierent
1347 2539 1377 2559 ab
1391 2539 1444 2563 alio,
1462 2539 1566 2564 proxima
1582 2539 1747 2564 conspirationi
1771 2539 1832 2560 haud
1854 2539 1923 2560 dubie
1948 2540 2088 2560 haberentur
2109 2546 2128 2560 ι».

1250 2583 1468 2603 Sventuratautente
1484 2583 1526 2608 egli
1543 2589 1616 2604 venne
1631 2589 1643 2604 a
1661 2586 1733 2604 morte
1749 2584 1811 2609 dopo
1827 2584 1869 2605 soli
1886 2586 1920 2604 tre
1934 2584 1986 2605 anni
2004 2584 2063 2604 dalla
2087 2589 2130 2605 sua

1251 2627 1384 2647 elevazione
1399 2627 1656 2653 all'Archicpis-copato,
1672 2633 1684 2648 e
1700 2627 1722 2648 fu
1743 2628 1835 2653 sepulto
1859 2628 1916 2648 nella
1940 2627 2022 2648 Chiesa
2044 2627 2131 2653 agosti-

1251 2671 1318 2691 niana
1334 2671 1355 2692 di
1371 2671 1394 2692 S.
1411 2671 1484 2692 Maria
1502 2672 1637 2693 lucoronata
1653 2672 1674 2692 in
1690 2672 1785 2693 Milauo.
1801 2671 1841 2693 Sul
1857 2677 1900 2693 suo
1916 2672 2006 2693 tumulo
2021 2671 2044 2693 tu
2060 2674 2130 2698 posto

1254 2716 1266 2736 il
1283 2718 1395 2741 seguentc
1411 2716 1521 2742 evitatio:
1545 2716 1717 2738 MCCCCLVI!
1730 2717 1768 2737 (tie
1790 2716 1836 2737 XII
1855 2717 2003 2743 septembris.
2022 2716 2087 2738 Obiit
2102 2716 2129 2738 Β.

1253 2760 1326 2781 Pater
1342 2760 1438 2782 Gabriel
1453 2761 1482 2782 dc
1499 2761 1626 2787 colignola
1651 2761 1846 2787 Archiepiscopns
1868 2761 2064 2787 Mediolanensis,
2090 2761 2131 2783 Or·

1251 2805 1315 2825 dinis
1331 2805 1496 2826 observantiae
1512 2806 1620 2826 Fratrum
1636 2805 1794 2826 Eremirarum
1812 2805 1833 2826 S.
1851 2805 1985 2831 Augustini,
2001 2811 2029 2826 ac
2049 2806 2132 2827 Frater

1251 2854 1378 2875 germanus
1394 2849 1556 2870 illustrissimi
1571 2850 1593 2870 d.
1611 2849 1633 2870 11.
1650 2850 1770 2870 francisci
1786 2849 1891 2875 Ssurtiue
1903 2849 1975 2871 Ducis
1991 2850 2129 2871 Mediolani.

1253 2892 1336 2914 l‘resso
1353 2894 1499 2918 POSSlNGER,
1516 2899 1551 2919 op.
1568 2894 1607 2914 cit,
1625 2899 1676 2919 pag.
1693 2894 1739 2918 852,
1756 2894 1774 2914 si
1791 2894 1920 2919 registrano
1936 2894 1957 2914 di
1974 2894 2003 2914 lui
2020 2899 2078 2915 nove
2090 2893 2131 2914 dit-

1251 2937 1331 2958 fcrcnti
1349 2943 1419 2963 opere
1441 2938 1607 2963 grammaticali
1633 2938 1757 2958 rettorichc
1781 2938 1908 2959 tilosotiche
1929 2943 1940 2959 e
1963 2938 2051 2959 morali.
2074 2937 2129 2959 Vedi

1250 2982 1322 3002 anche
1339 2981 1376 3007 piu
1393 2981 1483 3002 innanzi
1499 2981 1532 3002 fra
1548 2982 1553 3002 i
1570 2981 1642 3002 nostri
1659 2981 1800 3002 documenti.
