2347 3444
304 204 364 236 156

386 337 434 369 Ex
461 339 576 370 debito
602 338 703 370 otiicii
731 339 845 375 nostri,
885 339 1005 370 nedum
1045 338 1278 378 spiritualium,
1306 336 1363 367 sed
1391 335 1624 375 temporalium
1659 343 1772 366 curam
1799 337 1830 367 et
1856 335 2024 368 solertiam
2053 336 2111 368 lta-

298 400 376 432 bere
402 401 577 437 debemus,
603 410 671 441 quo
697 401 730 432 fit
757 401 859 440 quod,
885 409 959 431 cum
988 399 1251 431 intellexerimus
1277 396 1489 430 Conventum
1529 399 1677 428 vestram
1719 397 1889 437 quandam
1915 398 2052 429 domum
2080 398 2111 429 in

297 463 429 494 civitate
457 462 570 503 Papia,
598 463 628 494 i..
656 464 728 494 locu,
756 463 809 493 ubi
838 463 957 493 dicitur
984 462 1012 492 in
1042 460 1189 501 Rualega
1207 458 1258 499 (l)
1284 460 1453 497 situatam,
1482 459 1671 500 possidere,
1697 469 1762 500 que
1789 468 1830 491 ex
1857 468 2018 491 annorum
2056 469 2114 491 an-

298 525 450 565 tiquitate
475 525 728 565 quodammodo
754 526 877 564 patitur
903 532 1052 564 ruynani,
1080 531 1138 562 pro
1165 531 1231 562 qua
1257 522 1345 553 soliti
1373 522 1455 553 estis
1481 521 1604 553 habere
1630 530 1690 562 pro
1714 522 1791 553 ficto
1817 522 1986 553 annuatim
2013 524 2044 553 et
2071 522 2111 553 ad

301 588 506 619 novennium
533 587 680 618 florenos
706 588 843 618 decem:
883 586 1030 616 ideirelio
1057 584 1187 615 utilitati
1215 586 1403 615 conventus
1441 582 1632 624 providere}
1657 584 1843 624 cupientes,
1869 584 1990 615 damus
2015 584 2114 615 vobis

299 650 329 680 in
356 650 420 680 liiis
447 650 583 689 scriptis
622 649 759 680 liberam
797 648 1001 683 facultatem,
1038 646 1280 682 auctoritatem,
1315 646 1460 687 bayliam
1487 648 1587 686 atque
1613 648 1826 686 potestatem,
1854 646 1885 677 in
1912 649 2112 686 perpetuum

299 712 482 752 predictam
510 712 645 742 domum
674 710 804 742 locandi
832 710 1034 749 cuicumque
1061 708 1233 749 placuerit.
1262 708 1471 740 Honerantes
1497 717 1600 748 super
1618 708 1778 748 predictis
1797 709 2024 740 conscientias
2043 717 2114 739 om-

302 774 389 805 nium
418 777 602 805 vestrorum
630 772 719 812 quod
758 780 859 811 super
896 773 1006 802 cetera
1044 771 1169 802 utilitas
1206 773 1399 802 conventus
1432 772 1593 802 servetur.
1621 769 1653 801 ln
1680 771 1777 802 cuius
1804 779 1860 811 rey
1885 771 2112 802 testimonium

299 838 473 876 presentes
500 836 565 867 fieri
595 835 756 865 iussimus
782 843 820 865 ac
848 834 950 865 nostri
977 833 1077 865 officii
1105 833 1318 874 generalatus
1344 832 1444 874 sigilli
1472 833 1653 864 munimine
1680 832 1837 864 roborari.
1857 831 1932 864 Dat.
1952 832 2114 870 Bononie,

301 899 354 930 dte
382 897 449 929 xlll
479 898 570 934 lunii,
602 897 693 928 1470.

1069 1053 1350 1094 CCCXLV.

387 1172 569 1200 Adunanze
593 1170 766 1207 capitatur}
784 1171 871 1199 della.
896 1170 1075 1199 Comun‘tt'i
1093 1170 1125 1199 di
1142 1171 1174 1199 S.
1199 1170 1358 1207 ‚ngas-:ino
1376 1179 1434 1207 per
1451 1171 1483 1198 la
1499 1170 1699 1199 investitura
1715 1174 1877 1207 perpetua
1894 1170 1926 1198 dt
1944 1179 2009 1198 una
2025 1179 2113 1199 casa.

918 1293 1068 1323 1471),
1097 1293 1295 1325 ltuglio,
1326 1293 1503 1318 11==30.

867 1383 922 1403 Arclt
948 1382 1027 1403 Nutar.
1044 1382 1065 1402 di
1084 1381 1160 1402 Favi-t.
1178 1393 1201 1395 —
1218 1382 1265 1403 Atti
1282 1381 1303 1402 di
1321 1381 1398 1402 l‘ictro
1414 1382 1547 1403 Mombreto
1564 1399 1568 1402 .

410 1578 452 1693 I
544 1596 566 1621 N
593 1591 794 1621 monasterio
821 1591 927 1621 sancti
955 1589 1146 1630 Augustini,
1174 1590 1329 1621 videlicet
1356 1591 1386 1621 in
1413 1590 1567 1621 sacristia
1593 1590 1744 1622 eiusdem
1764 1591 1969 1629 monasterii,
1995 1591 2060 1622 sito
2087 1592 2116 1622 in

569 1652 667 1683 Porta
696 1652 875 1686 lauriensi,
903 1653 1062 1693 parochie
1081 1654 1197 1684 sancte
1217 1652 1348 1684 Andree
1368 1652 1408 1683 de
1429 1651 1563 1692 Ayratis
1581 1650 1632 1691 (2)
1657 1655 1845 1683 convocato
1863 1655 1893 1683 et
1912 1655 2117 1693 congregato

566 1713 723 1755 Capitulr»
728 1741 778 1745 .....
812 1715 853 1746 de
891 1715 1091 1746 mandata...
1131 1715 1304 1746 reverendi
1343 1715 1447 1755 patris
1481 1723 1576 1746 sacre
1603 1715 1724 1756 pagine
1751 1715 1955 1755 professoris
1992 1716 2117 1746 domini

300 1779 447 1819 magistri
475 1777 701 1809 Bartliolomei
730 1777 770 1808 d:
798 1776 965 1814 Fazardis,
993 1775 1118 1808 Prioris
1144 1776 1223 1808 dicti
1251 1777 1488 1808 monasterii...
1516 1777 1547 1807 in
1573 1785 1639 1817 qua
1666 1777 1801 1817 quidem
1821 1777 2064 1809 convocatione
2089 1779 2119 1809 et

300 1841 560 1882 congregatione
587 1840 734 1870 :ulei-ant,
762 1839 894 1870 inerunt
919 1842 949 1870 et
975 1842 1052 1869 sunt
1078 1838 1228 1879 prefatus
1254 1839 1411 1871 dominus
1437 1838 1695 1871 Bartholomeus
1721 1841 1751 1870 et
1778 1848 1851 1871 cum
1881 1848 1962 1871 ed...
1982 1849 2120 1872 venera<

301 1904 385 1935 biles
412 1904 471 1934 viri
498 1903 623 1933 domini
651 1903 856 1933 reverendus
883 1910 976 1933 sacre
1003 1902 1125 1942 pagine
1152 1901 1326 1942 professor
1351 1902 1509 1933 dominus
1536 1902 1693 1942 magister
1719 1901 1884 1934 lohannes
1911 1901 2052 1934 lacobus
2078 1903 2119 1934 de

301 1964 477 2006 Campixe,
504 1965 662 1995 dominus
690 1964 788 1995 trater
814 1963 1015 1995 Ambrosius·
1032 1964 1073 1995 de
1095 1963 1247 1995 Pusterla
1266 1972 1361 1995 sacre
1381 1964 1502 2004 pagine
1529 1963 1742 1995 baclialarius
1759 1962 1820 2003 (3),
1846 1964 2003 1996 dominus
2022 1965 2120 1997 frater

300 2027 511 2067 Augustinus
538 2028 579 2058 de
606 2026 752 2059 Raneate
791 2026 947 2058 biblicus.
974 2027 1131 2057 dominus
1158 2026 1259 2058 frater
1284 2025 1409 2059 Raftael
1430 2026 1470 2057 de
1486 2025 1626 2066 Rapallo
1653 2026 1809 2063 biblicus,
1836 2027 1994 2058 dominus
2020 2027 2120 2059 trater

302 2090 453 2130 Baptista
480 2090 520 2121 de
548 2088 676 2122 Roxate
715 2089 870 2127 biblicus,
908 2087 1107 2120 Gunitortus
1134 2089 1175 2120 de
1202 2087 1317 2121 Rabiis
1356 2089 1468 2125 lector,
1506 2086 1700 2120 Gualterius
1737 2089 1778 2120 de
1816 2087 1916 2120 Curte
1951 2089 2118 2130 subprior,

301 2151 400 2184 frater
426 2151 615 2192 Apolonius
642 2152 682 2182 de
709 2149 822 2182 Curte.
849 2151 949 2182 frater
974 2149 1089 2183 Simon
1116 2151 1157 2182 de
1184 2150 1347 2182 Vercellis
1373 2151 1532 2191 magister
1557 2151 1781 2188 studencium,
1802 2150 1901 2182 frater
1926 2150 2052 2183 Paulus
2078 2152 2120 2183 de

302 2214 441 2251 Putlieo,
467 2214 568 2245 frater
594 2213 778 2245 leroiiitnus
804 2214 845 2245 de
873 2213 1078 2248 Mediolano,
1104 2213 1204 2245 frater
1230 2212 1387 2244 Didimus
1413 2213 1453 2244 de
1481 2213 1624 2254 Brayda,
1650 2213 1750 2244 frater
1775 2212 1942 2245 Antonius
1975 2214 2016 2245 de
2047 2213 2118 2248 Ast.

301 2277 401 2308 frater
427 2276 684 2308 Bartliolomeus
710 2277 751 2308 de
777 2274 974 2313 Castelati0‚
1000 2275 1100 2307 frater
1137 2275 1302 2307 Erntanus
1335 2276 1376 2307 de
1415 2275 1606 2316 Lamagnia,
1632 2275 1732 2307 frater
1757 2275 1949 2307 Fulclianus
1975 2277 2016 2308 de
2043 2276 2120 2309 Ale—

304 2340 423 2377 mania,
450 2339 550 2371 frater
576 2338 695 2370 Petrus
721 2339 762 2370 de
790 2338 933 2376 Frantia‚
971 2339 1071 2370 frater
1108 2338 1273 2370 loliannes
1299 2339 1340 2369 de
1367 2338 1509 2376 Frantia,
1547 2338 1647 2369 trater
1684 2337 1847 2369 lohannes
1886 2337 2052 2371 Antonius
2078 2340 2119 2371 de

304 2400 419 2442 Papia,
446 2404 544 2433 trater
571 2401 736 2433 lohannes
763 2401 905 2433 lacobus
931 2402 972 2433 de
998 2400 1140 2438 Cerviis,
1166 2401 1266 2432 frater
1292 2400 1459 2432 Eusebius
1485 2400 1526 2432 de
1553 2399 1712 2441 Legieriis
1737 2402 1768 2431 et
1793 2400 1894 2432 frater
1919 2400 2120 2434 Franciscus

303 2464 343 2495 de
370 2462 512 2501 Cerano,
539 2473 656 2495 omnes
682 2464 800 2495 tratres
827 2463 971 2504 professi
998 2464 1076 2495 dicti
1104 2462 1242 2495 Ordinis
1268 2463 1404 2495 fratrum
1432 2462 1675 2494 l-leremitarum
1702 2463 1808 2494 saneti
1837 2462 2028 2503 Augustini,
2062 2465 2118 2505 qui

309 2637 382 2661 pitolo
404 2637 520 2657 celebrato
537 2637 571 2657 nel
590 2638 640 2657 t-tto
655 2638 675 2657 in
693 2638 804 2663 [ζωὴν-1113,
827 2639 870 2658 :illa
893 2638 930 2659 eta
956 2638 977 2659 di
993 2638 1044 2659 anni
1063 2638 1096 2659 36.
1113 2638 1184 2659 Come

309 2681 409 2702 riierisce
425 2682 438 2702 il
455 2681 569 2706 Tonanti,
587 2682 632 2707 Vll,
649 2688 701 2707 pag.
721 2684 763 2704 1⁸3.
780 2688 828 2707 segv
845 2683 888 2706 egli
904 2688 942 2703 era
954 2685 1017 2704 stato
1030 2683 1183 2704 Procuratore

309 2725 419 2747 Geucrate
436 2731 475 2751 per
492 2726 512 2745 lo
528 2726 609 2751 spazio
625 2726 646 2746 di
666 2727 688 2746 13
702 2727 762 2747 anniv
774 2727 837 2747 [mro
853 2728 887 2747 nel
905 2727 1043 2748 Generalato
1053 2732 1093 2753 per
1103 2727 1116 2747 Γ)
1125 2727 1186 2752 anni,

309 2770 358 2791 ciue
375 2770 421 2791 lino
436 2771 456 2790 ai
475 2770 532 2790 isis»,
557 2770 570 2790 ll
594 2772 674 2790 nostro
702 2770 843 2791 duentnento
859 2771 944 2791 risolve
960 2771 980 2791 la
997 2772 1120 2796 questione
1137 2777 1188 2797 pro-

310 2817 378 2840 posta
400 2814 436 2835 dal
460 2814 586 2835 rumesium
609 2815 701 2838 'l‘orcllL
718 2815 767 2835 cio(¹
783 2821 807 2835 se
824 2814 881 2835 irate
902 2815 1013 2835 (jiacomo
1029 2815 1136 2841 d'Aquila
1153 2816 1186 2836 siri

309 2860 372 2879 stato
389 2860 521 2879 veramente
545 2859 616 2879 cletto
641 2859 676 2879 nel
692 2859 784 2883 guiguo,
802 2858 837 2879 dcl
856 2859 913 2883 1470,
930 2859 965 2879 del
981 2860 1022 2879 elie
1038 2859 1080 2885 egli
1097 2859 1186 2883 dubita,

310 2908 396 2923 ovvero
412 2902 449 2928 piis
467 2902 533 2923 tardi*
550 2902 620 2923 Come
636 2903 647 2922 e
663 2903 772 2927 cliiaro,il
784 2904 864 2923 nostro
876 2903 1016 2923 documento
1027 2903 1128 2924 riterisce
1140 2909 1185 2923 uno

310 2947 345 2968 dei
362 2947 427 2973 primi
452 2948 494 2968 atti
520 2947 556 2968 del
581 2947 693 2968 fisnerale
718 2947 776 2968 irate
792 2947 903 2968 (jiaconio
920 2947 1036 2973 tt'Aquila,
1053 2947 1134 2968 datato
1149 2953 1189 2973 ap-

311 2993 384 3017 punto
400 2991 435 3012 nel
451 2991 545 3017 guiguo.

363 3036 392 3058 ‹1›
410 3035 497 3060 Questn
520 3041 583 3060 casa,
608 3036 649 3056 clie
674 3035 709 3056 nel
735 3035 876 3056 documento
900 3035 936 3055 del
952 3035 965 3056 3
980 3041 1058 3056 marzo
1084 3035 1132 3056 1467
1152 3041 1189 3056 vc-

311 3079 402 3100 detnmo
417 3079 518 3100 atiittata
535 3085 575 3105 per
592 3085 620 3100 un
637 3079 759 3102 novennio,
777 3079 796 3100 la
813 3079 927 3100 troviamo
950 3085 989 3099 ora
1012 3081 1149 3100 novamentc
1166 3080 1189 3100 11-

1241 2638 1294 2658 bera
1311 2637 1372 2657 forse
1389 2642 1428 2662 per
1445 2639 1518 2657 morte
1534 2636 1731 2661 dell'atlittuario,
1748 2644 1761 2657 υ
1778 2642 1817 2661 per
1840 2642 1918 2658 essere
1940 2638 1983 2663 egli
2000 2637 2116 2659 decaduto

1239 2682 1292 2702 dall’
1302 2682 1438 2702 investitura
1455 2681 1646 2706 perinsohenza,
1658 2686 1744 2701 ovvero
1760 2687 1800 2706 per
1815 2688 1857 2702 sua
1869 2682 1970 2703 rinnncia
1986 2682 2115 2708 all'atfitto,

1242 2726 1296 2746 data
1313 2726 1332 2746 la
1348 2725 1434 2746 caittiva
1450 2725 1586 2745 condirionc
1602 2724 1763 2750 dell'editicio,
1788 2727 1914 2746 acccnnata
1930 2726 1965 2746 nel
1981 2728 2062 2747 nostro
2077 2726 2117 2747 do-

1243 2772 1360 2791 (ιιιιιοιιῐῡΑ

1295 2815 1324 2839 (2)
1341 2814 1354 2835 11
1371 2815 1450 2835 notaio
1460 2820 1500 2839 per
1511 2814 1680 2835 ‹lisattcnzione
1691 2814 1776 2835 scrisse
1787 2814 1870 2835 Sancti
1878 2814 1969 2836 Amlree
1980 2814 2008 2836 de
2019 2814 2116 2841 Affatis

1243 2859 1321 2880 invece
1337 2859 1358 2879 di
1375 2858 1457 2879 Sancti
1472 2858 1563 2879 ‹trulrt’v
1579 2859 1606 2879 tle
1623 2858 1713 2881 Brolio.
1731 2859 1743 2879 il
1761 2859 1828 2884 quale
1838 2864 1875 2880 era
1885 2861 1990 2885 appunto
2007 2859 2027 2880 in
2046 2859 2116 2881 Porta

1242 2903 1360 2924 Laude-nse
1376 2909 1389 2923 o
1405 2903 1426 2923 di
1442 2902 1464 2923 Sv
1482 2903 1542 2927 Vito,
1560 2905 1647 2923 mentre
1662 2902 1684 2924 S.
1702 2903 1792 2924 Andrea
1808 2903 1867 2929 degli
1883 2904 1954 2925 Airati
1966 2904 2034 2924 emin
2046 2903 2115 2925 Porta

1244 2947 1368 2968 Palacense
1389 2947 1463 2967 vicino
1479 2947 1499 2967 al
1516 2947 1636 2967 Convento
1652 2947 1674 2967 (11
1690 2946 1712 2967 S.
1730 2947 1849 2968 Mostiola.

1293 2991 1325 3013 (3)
1342 2990 1368 3011 Di
1386 2993 1471 3016 questi»
1488 2990 1604 3016 Religioso
1627 2990 1752 3012 riterircnio
1769 2991 1789 3012 la
1805 2991 1883 3012 laurea
1899 2992 1919 3012 in
1935 2997 2001 3013 sacra
2016 2992 2117 3018 tcologia

1244 3035 1278 3055 ncl
1295 3035 1346 3056 doc.
1363 3035 1398 3056 del
1414 3035 1440 3055 26
1455 3035 1525 3060 luglio
1543 3035 1599 3055 1472.
