2347 3444
1942 159 2006 190 249

910 343 1220 385 CDLXXV1
1228 342 1290 381 II.

284 456 525 493 Disposizioni
550 455 815 484 testamentarie
841 454 896 482 del
922 454 1003 482 nob.
1030 453 1142 481 milite
1168 453 1345 481 Galeazzo
1379 452 1573 479 Fiamberti
1599 460 1619 478 a
1643 451 1764 479 favore
1791 451 1825 479 di
1852 452 1886 480 S.
1914 452 2006 487 Ago-

196 511 290 539 stino
314 519 332 538 e
357 510 392 538 di
419 510 453 538 S.
482 510 602 538 Paolo.

777 594 913 618 1482
922 609 935 625 ⁹
969 595 1208 618 xloxverxml
1218 599 1306 624 )ι·ο,
1337 592 1427 617 20-

758 674 835 695 (Arcu.
852 674 873 694 di
890 674 959 694 Statu
975 673 996 693 di
1014 673 1101 693 Milano
1116 684 1141 686 —
1158 672 1262 697 Pernam
1279 672 1300 692 di
1317 671 1339 692 S⁴
1357 671 1446 692 Paoim.

211 865 212 871 1
260 832 381 948 N
442 849 532 875 ELLA
556 854 636 876 casu
661 845 714 876 del
738 847 899 881 testatore,
926 845 957 876 ιή
983 844 1181 876 Parrocclu'cl
1207 844 1242 875 di
1265 843 1298 876 S.
1324 844 1432 875 Μανία
1465 843 1607 876 Secreta.
1646 844 1852 875 Testamento
1878 844 1931 874 dcl
1954 853 2012 875 no-

211 893 212 980 l
464 908 526 939 bile
551 908 651 939 milite
676 917 692 939 e
717 908 826 939 clottor
847 909 878 939 ill
904 908 995 948 leggi
1021 906 1192 940 Galeazzo
1222 906 1409 942 Fiumberti,
1448 907 1500 938 del
1518 906 1559 947 fu
1588 905 1754 938 Glovanm'
1789 906 1924 943 Marco,
1962 906 2013 937 col

211 986 212 1004 ι
462 970 559 1009 ‹Juule
584 970 698 1001 ordina
724 970 813 1010 quod
841 970 1123 1010 quandocumque
1148 970 1319 1009 contingat
1345 969 1445 999 vitain
1473 969 1575 1005 finire,
1601 968 1745 999 cadaver
1781 976 1877 999 suurn
1912 968 2013 998 defie-

196 1033 284 1062 ratur
309 1034 339 1062 et
365 1032 546 1072 sepeliatur
573 1033 602 1062 in
629 1032 769 1063 ccclesia
796 1033 900 1063 sancti
929 1031 1022 1063 l’anli
1050 1033 1080 1062 in
1107 1032 1234 1072 capella
1262 1041 1319 1063 seu
1346 1033 1527 1071 conspectu
1566 1031 1692 1071 capelle
1719 1039 1837 1071 magne
1863 1032 2014 1061 constru-

195 1094 291 1131 ende,
319 1094 373 1124 ubi
400 1094 510 1134 ellegit
536 1096 566 1125 ct
592 1095 695 1135 elligit
733 1095 937 1134 sepulturam
965 1103 1058 1125 suani
1086 1097 1115 1125 et
1143 1095 1185 1125 ibi
1214 1094 1315 1125 vult...
1358 1094 1448 1134 quod
1487 1094 1541 1124 fiat
1579 1093 1767 1133 sepulcrum
1806 1093 2010 1133 condignum

196 1156 448 1187 subterraneum
476 1166 532 1196 per
559 1156 715 1187 dominos
743 1156 887 1187 Priorem
915 1160 945 1187 et
973 1157 1100 1188 Fratre:
1127 1166 1163 1188 ac
1189 1157 1371 1197 capitulum
1399 1156 1483 1186 dicte
1510 1156 1649 1186 ecclesie
1675 1164 1747 1186 cum
1788 1155 1897 1194 lapide
1930 1164 2013 1185 mar-

197 1218 309 1255 moris,
325 1219 355 1249 in
383 1227 450 1258 quo
477 1219 542 1249 sint
568 1219 697 1258 sculpte
725 1219 828 1249 littere
854 1221 1008 1249 notantes
1033 1220 1129 1250 cuius
1148 1219 1188 1250 sit
1208 1218 1396 1258 sepulcrum
1416 1220 1446 1248 et
1464 1226 1583 1254 annus,
1603 1218 1728 1248 mensis
1746 1219 1775 1248 et
1795 1217 1867 1248 dies
1885 1217 2010 1254 obitus,

196 1289 310 1311 eorum
337 1280 530 1321 sumptibus
555 1282 585 1311 et
611 1279 880 1320 expensis...(l).

287 1343 363 1374 ltem
391 1343 481 1374 dedit
507 1345 537 1374 et
564 1343 720 1383 legavit...
746 1344 924 1374 conventui
953 1344 1056 1374 sancti
1085 1343 1262 1383 Augustini
1292 1342 1393 1382 Papie
1423 1342 1569 1373 florenos
1606 1344 1736 1373 centum
1776 1344 1906 1372 monete
1943 1351 2014 1373 cur—

197 1406 299 1437 rentis
324 1408 354 1436 et
381 1406 442 1437 lios
468 1406 720 1446 dispensandos
747 1406 776 1436 in
805 1407 1012 1445 reparatione
1038 1405 1176 1436 ecclesie
1202 1405 1351 1436 eiusdem
1359 1430 1408 1435 .....

287 1468 363 1499 Item
390 1468 481 1499 dedit
506 1470 537 1498 et
563 1468 719 1509 legavit...
746 1468 834 1498 dicto
861 1468 1038 1498 conventui
1067 1468 1171 1498 sancti
1200 1467 1293 1498 Pauli
1331 1467 1477 1498 florenos
1514 1469 1645 1497 centum
1685 1468 1815 1497 monete
1852 1467 2013 1497 currentis

198 1530 449 1570 dispensandos
474 1532 504 1561 et
530 1530 775 1570 expendendos
801 1532 865 1560 tam
892 1530 1070 1561 occasione
1096 1530 1181 1560 dicte
1209 1529 1378 1570 sepulture
1404 1529 1523 1566 fiende,
1550 1537 1649 1568 quam
1676 1529 1936 1560 constructionis
1965 1537 2016 1559 ec—

197 1593 297 1624 clesie
323 1592 473 1623 eiusdem
501 1592 705 1629 monasterii,
724 1592 856 1623 dandos
875 1594 904 1623 et
924 1592 1108 1623 solvendos
1127 1591 1210 1622 intra
1229 1592 1316 1622 duos
1334 1600 1441 1622 annos
1461 1591 1613 1631 proxime
1631 1590 1762 1621 futuros
1782 1593 1858 1630 post
1877 1592 2013 1621 mortem

200 1656 308 1696 ipsius
334 1655 459 1686 domini
486 1655 666 1686 testatoris.

286 1717 350 1749 Nel
374 1726 452 1748 caso
474 1718 534 1757 poi
557 1716 592 1748 cii
615 1718 716 1748 morte
741 1717 792 1748 ἄρ’
816 1718 891 1748 suoi
915 1717 1002 1748 credi
1026 1717 1213 1754 universali,
1240 1717 1355 1748 ordina
1380 1716 1438 1747 elle
1463 1717 1474 1747 i
1497 1716 1573 1747 suoi
1596 1716 1671 1747 beni
1694 1716 1788 1746 siano
1807 1716 1905 1746 divisi
1921 1716 1952 1746 ill
1971 1718 2015 1747 tre

193 1780 290 1821 parli,
317 1779 405 1811 l'unu
431 1779 514 1811 delle
538 1779 631 1819 quali
655 1780 828 1819 pervenire
854 1779 973 1810 debeat
1001 1788 1059 1819 pro
1086 1780 1178 1810 tertia
1207 1782 1298 1819 parte
1325 1779 1432 1819 ipsius
1459 1779 1550 1809 tertie
1581 1779 1685 1818 partis
1711 1779 1741 1808 in
1777 1779 2014 1809 monasterium

198 1842 303 1873 sancti
331 1841 509 1883 Augustini
537 1841 661 1882 Papie:
701 1851 760 1882 pro
786 1841 851 1872 alia
878 1851 956 1872 vero
983 1842 1076 1872 tertia
1103 1844 1194 1882 parte
1228 1842 1320 1872 tertie
1358 1841 1461 1881 partis
1499 1841 1670 1881 perveniat
1709 1841 1738 1871 in
1777 1841 2014 1871 monasterium

199 1905 303 1936 sancti
331 1903 424 1935 Pauli
451 1906 545 1935 extra
570 1906 602 1934 et
627 1913 731 1944 prope
759 1904 865 1934 menia
893 1903 995 1944 Papie
1021 1904 1170 1935 eiusdem
1206 1903 1343 1935 Ordinis
1380 1903 1420 1934 de
1458 1903 1700 1939 observancia;
1739 1911 1798 1942 pro
1835 1902 1899 1933 alia
1937 1911 2015 1933 vero

199 1967 292 1998 tertia
319 1969 410 2007 parte
437 1967 528 1997 tertie
556 1967 669 2006 partis,
698 1966 767 1997 vult
793 1966 883 2006 quod
911 1968 1077 1997 remaneat
1104 1975 1206 2006 penes
1232 1964 1420 2006 Collegium
1449 1966 1651 1996 notariorum
1679 1963 1814 2005 Papie...

289 2029 412 2060 Notaio
434 2035 444 2055 -'
484 2028 570 2061 Gian
599 2027 760 2060 Giacomo
789 2028 960 2060 Canevuri.

950 2175 1279 2216 CDLXXIX.

290 2268 318 2296 11
345 2269 468 2297 Priore
495 2269 537 2297 ed
564 2269 587 2296 il
614 2269 848 2297 Procuratore
875 2268 909 2295 di
936 2268 970 2295 S.
999 2267 1107 2295 Paolo
1133 2267 1300 2295 ricevono
1325 2266 1349 2294 il
1385 2271 1596 2302 pagamento
1633 2266 1667 2294 di
1692 2275 1736 2293 un
1769 2266 1885 2301 legato
1910 2270 2019 2294 testa-

203 2321 377 2350 mentario
403 2321 437 2350 di
465 2322 555 2350 Gian
581 2322 734 2350 Antonio
761 2321 967 2350 Salimbeni.

804 2417 957 2445 1482,
987 2417 1325 2445 11‹›ve111l)r0‚
1355 2414 1444 2439 27.

731 2497 807 2521 (Arelli
825 2497 904 2517 Notasv
931 2497 951 2516 di
970 2496 1039 2516 Pavia
1056 2507 1076 2509 Η
1095 2495 1142 2516 Am
1159 2495 1180 2515 di
1198 2495 1346 2516 Bartoluineo
1362 2494 1491 2517 Gandello).

446 2619 447 2649 l

310 2664 358 2779 Ι
452 2682 476 2708 Ν
501 2678 646 2709 claustro
673 2678 864 2708 monasterii
892 2680 921 2708 et
947 2676 1085 2707 ecclesie
1111 2676 1215 2706 sancti
1244 2674 1349 2713 Pauli,
1375 2675 1440 2706 sito
1467 2684 1570 2715 prope
1589 2676 1619 2705 et
1637 2677 1730 2706 extra
1750 2675 1856 2706 menia
1875 2675 2020 2706 civitatis

476 2739 612 2781 Papie...
640 2740 855 2773 Reverendus
881 2740 911 2770 in
938 2738 1074 2771 Christo
1101 2741 1192 2778 pater
1218 2738 1375 2769 dominus
1401 2736 1499 2768 frater
1526 2736 1696 2777 Remigius
1733 2737 1772 2767 de
1806 2735 2020 2769 Castronovo

394 2824 447 2839 W.
476 2801 579 2840 Prior,
605 2805 636 2834 et
662 2802 863 2834 venerabilis
889 2802 1046 2833 dominus
1072 2800 1170 2832 frater
1196 2800 1360 2831 lohannes
1386 2799 1504 2831 Petrus
1530 2800 1570 2831 de
1597 2798 1700 2840 Papia
1726 2800 1877 2831 sindicus
1898 2802 1928 2830 et
1947 2809 2022 2840 pro-

263 2960 294 2983 (ll
310 2959 374 2980 Nella
390 2960 491 2981 raccolta
507 2961 657 2982 manoscritta
674 2961 732 2981 delle
748 2961 862 2981 iscrizioni
879 2960 958 2986 pavesi
981 2960 1002 2979 di
1021 2958 1090 2980 Ceto<
1145 2960 1230 2984 questo
1246 2957 1484 2983 epitaftio:H1·ciacet
1500 2958 1638 2983 spectabilis
1648 2957 1758 2978 dominus
1772 2957 1859 2977 Galcuz
1871 2957 2018 2977 flambertus

213 3004 273 3024 lanio
296 3004 363 3025 Bossi
386 3004 488 3028 (Bibliot.
513 3005 680 3026 Universitaria
703 3005 724 3025 di
748 3005 828 3029 Pavia)
843 3005 861 3025 si
878 3005 943 3029 leuge
959 3003 1034 3024 ditatti
1051 3003 1091 3024 elic
1148 3003 1230 3023 ‹locror
1246 3004 1267 3023 er
1284 3002 1359 3025 miles,
1376 3002 1415 3028 qui
1430 3002 1488 3023 obiit
1503 3008 1566 3022 anno
1582 3001 1804 3025 MCCCCLXXXII,
1821 3001 1858 3022 ‹lie
1875 3001 1964 3026 XXVI]
1978 3006 2017 3021 nu—

213 3048 248 3069 nel
265 3049 351 3074 templo
367 3049 388 3069 di
405 3048 427 3070 S.
445 3048 531 3075 Paolo,
554 3050 577 3070 1ἠ
590 3050 700 3075 planitie,
723 3051 779 3070 amc
799 3055 865 3070 anim
888 3049 1030 3071 maximam,
1048 3053 1085 3068 cra
1142 3047 1248 3068 vembris.

1991 3099 2019 3119 32
