<?xml version="1.0" encoding="UTF-8"?>
<!DOCTYPE html PUBLIC "-//W3C//DTD XHTML 1.0 Transitional//EN"
    "http://www.w3.org/TR/xhtml1/DTD/xhtml1-transitional.dtd">
<html xmlns="http://www.w3.org/1999/xhtml" xml:lang="en" lang="en">
 <head>
  <title>
</title>
<meta http-equiv="Content-Type" content="text/html;charset=utf-8" />
  <meta name='ocr-system' content='tesseract 3.04.00' />
  <meta name='ocr-capabilities' content='ocr_page ocr_carea ocr_par ocr_line ocrx_word'/>
</head>
<body>
  <div class='ocr_page' id='page_1' title='image "./codexdiplomaticu02maiouoft_0117.png"; bbox 0 0 2347 3444; ppageno 0'>
   <div class='ocr_carea' id='block_1_1' title="bbox 91 221 1910 2999">
    <p class='ocr_par' dir='ltr' id='par_1_1' title="bbox 91 221 1910 2999">
     <span class='ocr_line' id='line_1_1' title="bbox 1860 221 1894 251; baseline 0 0"><span class='ocrx_word' id='word_1_1' title='bbox 1860 221 1894 251; x_wconf 89' lang='lat'>71</span> 
     </span>
     <span class='ocr_line' id='line_1_2' title="bbox 91 347 1900 390; baseline 0 -8"><span class='ocrx_word' id='word_1_2' title='bbox 91 351 181 382; x_wconf 90' lang='lat' dir='ltr'>sterii</span> <span class='ocrx_word' id='word_1_3' title='bbox 208 351 313 382; x_wconf 87' lang='lat' dir='ltr'>sancti</span> <span class='ocrx_word' id='word_1_4' title='bbox 340 349 426 382; x_wconf 85' lang='lat' dir='ltr'>Petri</span> <span class='ocrx_word' id='word_1_5' title='bbox 454 350 484 381; x_wconf 91' lang='lat' dir='ltr'>in</span> <span class='ocrx_word' id='word_1_6' title='bbox 511 349 583 381; x_wconf 89' lang='lat' dir='ltr'>celo</span> <span class='ocrx_word' id='word_1_7' title='bbox 609 358 709 381; x_wconf 85' lang='lat' dir='ltr'>aureo</span> <span class='ocrx_word' id='word_1_8' title='bbox 735 349 851 390; x_wconf 84' lang='lat' dir='ltr'>Papie,</span> <span class='ocrx_word' id='word_1_9' title='bbox 877 349 950 381; x_wconf 91' lang='lat' dir='ltr'>sitis</span> <span class='ocrx_word' id='word_1_10' title='bbox 976 349 1007 379; x_wconf 90' lang='lat' dir='ltr'>in</span> <span class='ocrx_word' id='word_1_11' title='bbox 1034 347 1133 379; x_wconf 81' lang='lat' dir='ltr'>Porta</span> <span class='ocrx_word' id='word_1_12' title='bbox 1160 347 1285 380; x_wconf 81' lang='lat' dir='ltr'>Palacii</span> <span class='ocrx_word' id='word_1_13' title='bbox 1313 349 1343 379; x_wconf 92' lang='lat' dir='ltr'>in</span> <span class='ocrx_word' id='word_1_14' title='bbox 1371 348 1533 381; x_wconf 82' lang='lat' dir='ltr'>Parochia</span> <span class='ocrx_word' id='word_1_15' title='bbox 1568 351 1673 382; x_wconf 86' lang='lat' dir='ltr'>sancti</span> <span class='ocrx_word' id='word_1_16' title='bbox 1712 350 1843 383; x_wconf 80' lang='lat' dir='ltr'>Andrce</span> <span class='ocrx_word' id='word_1_17' title='bbox 1871 353 1900 383; x_wconf 89' lang='lat' dir='ltr'>in</span> 
     </span>
     <span class='ocr_line' id='line_1_3' title="bbox 92 410 1900 453; baseline 0 -9"><span class='ocrx_word' id='word_1_18' title='bbox 92 411 254 445; x_wconf 84' lang='lat' dir='ltr'>Citadela.</span> <span class='ocrx_word' id='word_1_19' title='bbox 281 411 365 445; x_wconf 91' lang='lat' dir='ltr'>Cum</span> <span class='ocrx_word' id='word_1_20' title='bbox 393 422 449 453; x_wconf 90' lang='lat' dir='ltr'>per</span> <span class='ocrx_word' id='word_1_21' title='bbox 475 412 691 444; x_wconf 86' lang='lat' dir='ltr'>reverendum</span> <span class='ocrx_word' id='word_1_22' title='bbox 719 413 749 442; x_wconf 94' lang='lat' dir='ltr'>in</span> <span class='ocrx_word' id='word_1_23' title='bbox 777 410 911 444; x_wconf 88' lang='lat' dir='ltr'>Christo</span> <span class='ocrx_word' id='word_1_24' title='bbox 937 413 1062 451; x_wconf 89' lang='lat' dir='ltr'>patrem</span> <span class='ocrx_word' id='word_1_25' title='bbox 1090 410 1261 441; x_wconf 90' lang='lat' dir='ltr'>dominum</span> <span class='ocrx_word' id='word_1_26' title='bbox 1301 411 1433 442; x_wconf 83' lang='lat' dir='ltr'>fratrem</span> <span class='ocrx_word' id='word_1_27' title='bbox 1462 411 1642 443; x_wconf 90' lang='lat' dir='ltr'>Antonium</span> <span class='ocrx_word' id='word_1_28' title='bbox 1671 414 1711 444; x_wconf 87' lang='lat' dir='ltr'>de</span> <span class='ocrx_word' id='word_1_29' title='bbox 1739 413 1900 445; x_wconf 81' lang='lat' dir='ltr'>Bccharia</span> 
     </span>
     <span class='ocr_line' id='line_1_4' title="bbox 92 473 1904 514; baseline 0 -9"><span class='ocrx_word' id='word_1_30' title='bbox 92 473 152 505; x_wconf 93' lang='lat' dir='ltr'>Dei</span> <span class='ocrx_word' id='word_1_31' title='bbox 180 476 210 506; x_wconf 88' lang='lat' dir='ltr'>et</span> <span class='ocrx_word' id='word_1_32' title='bbox 236 474 431 514; x_wconf 89' lang='lat' dir='ltr'>Apostolice</span> <span class='ocrx_word' id='word_1_33' title='bbox 457 473 554 506; x_wconf 86' lang='lat' dir='ltr'>Sedis</span> <span class='ocrx_word' id='word_1_34' title='bbox 580 474 684 514; x_wconf 88' lang='lat' dir='ltr'>gratia</span> <span class='ocrx_word' id='word_1_35' title='bbox 710 474 866 505; x_wconf 85' lang='lat' dir='ltr'>abbatem</span> <span class='ocrx_word' id='word_1_36' title='bbox 894 482 956 505; x_wconf 88' lang='lat' dir='ltr'>suo</span> <span class='ocrx_word' id='word_1_37' title='bbox 981 474 1012 504; x_wconf 88' lang='lat' dir='ltr'>et</span> <span class='ocrx_word' id='word_1_38' title='bbox 1037 473 1170 504; x_wconf 89' lang='lat' dir='ltr'>nomine</span> <span class='ocrx_word' id='word_1_39' title='bbox 1198 474 1391 504; x_wconf 82' lang='lat' dir='ltr'>monasterii</span> <span class='ocrx_word' id='word_1_40' title='bbox 1418 475 1523 505; x_wconf 87' lang='lat' dir='ltr'>sancti</span> <span class='ocrx_word' id='word_1_41' title='bbox 1552 474 1638 506; x_wconf 82' lang='lat' dir='ltr'>Petri</span> <span class='ocrx_word' id='word_1_42' title='bbox 1659 475 1689 506; x_wconf 94' lang='lat' dir='ltr'>in</span> <span class='ocrx_word' id='word_1_43' title='bbox 1709 475 1780 506; x_wconf 85' lang='lat' dir='ltr'>celo</span> <span class='ocrx_word' id='word_1_44' title='bbox 1802 485 1904 507; x_wconf 75' lang='lat' dir='ltr'>aureo</span> 
     </span>
     <span class='ocr_line' id='line_1_5' title="bbox 91 535 1904 576; baseline 0.001 -9"><span class='ocrx_word' id='word_1_45' title='bbox 91 535 195 576; x_wconf 83' lang='lat' dir='ltr'>Papie</span> <span class='ocrx_word' id='word_1_46' title='bbox 221 545 384 568; x_wconf 89' lang='lat' dir='ltr'>concessa</span> <span class='ocrx_word' id='word_1_47' title='bbox 410 539 441 568; x_wconf 90' lang='lat' dir='ltr'>et</span> <span class='ocrx_word' id='word_1_48' title='bbox 466 537 542 568; x_wconf 86' lang='lat' dir='ltr'>data</span> <span class='ocrx_word' id='word_1_49' title='bbox 570 536 629 567; x_wconf 88' lang='lat' dir='ltr'>fuit</span> <span class='ocrx_word' id='word_1_50' title='bbox 656 536 795 567; x_wconf 80' lang='lat' dir='ltr'>licencia</span> <span class='ocrx_word' id='word_1_51' title='bbox 822 535 1011 576; x_wconf 86' lang='lat' dir='ltr'>spectabilli</span> <span class='ocrx_word' id='word_1_52' title='bbox 1038 537 1069 567; x_wconf 94' lang='lat' dir='ltr'>et</span> <span class='ocrx_word' id='word_1_53' title='bbox 1094 543 1259 575; x_wconf 83' lang='lat' dir='ltr'>generoso</span> <span class='ocrx_word' id='word_1_54' title='bbox 1291 536 1362 566; x_wconf 87' lang='lat' dir='ltr'>viro</span> <span class='ocrx_word' id='word_1_55' title='bbox 1388 536 1525 567; x_wconf 87' lang='lat' dir='ltr'>domino</span> <span class='ocrx_word' id='word_1_56' title='bbox 1564 536 1698 568; x_wconf 81' lang='lat' dir='ltr'>Iohanni</span> <span class='ocrx_word' id='word_1_57' title='bbox 1725 538 1766 568; x_wconf 91' lang='lat' dir='ltr'>dc</span> <span class='ocrx_word' id='word_1_58' title='bbox 1793 536 1904 569; x_wconf 83' lang='lat' dir='ltr'>Crotis</span> 
     </span>
     <span class='ocr_line' id='line_1_6' title="bbox 91 596 1903 639; baseline 0.001 -10"><span class='ocrx_word' id='word_1_59' title='bbox 91 599 269 638; x_wconf 85' lang='lat' dir='ltr'>capitaneo</span> <span class='ocrx_word' id='word_1_60' title='bbox 294 599 439 630; x_wconf 88' lang='lat' dir='ltr'>civitatis</span> <span class='ocrx_word' id='word_1_61' title='bbox 465 600 495 629; x_wconf 91' lang='lat' dir='ltr'>et</span> <span class='ocrx_word' id='word_1_62' title='bbox 520 596 684 629; x_wconf 86' lang='lat' dir='ltr'>Citadelle</span> <span class='ocrx_word' id='word_1_63' title='bbox 711 597 814 638; x_wconf 82' lang='lat' dir='ltr'>Papie</span> <span class='ocrx_word' id='word_1_64' title='bbox 840 598 1001 638; x_wconf 84' lang='lat' dir='ltr'>possendi</span> <span class='ocrx_word' id='word_1_65' title='bbox 1040 597 1149 629; x_wconf 82' lang='lat' dir='ltr'>facere</span> <span class='ocrx_word' id='word_1_66' title='bbox 1176 599 1206 628; x_wconf 86' lang='lat' dir='ltr'>et</span> <span class='ocrx_word' id='word_1_67' title='bbox 1231 597 1298 629; x_wconf 82' lang='lat' dir='ltr'>fieri</span> <span class='ocrx_word' id='word_1_68' title='bbox 1336 597 1444 629; x_wconf 81' lang='lat' dir='ltr'>facere</span> <span class='ocrx_word' id='word_1_69' title='bbox 1482 607 1520 629; x_wconf 89' lang='lat' dir='ltr'>ac</span> <span class='ocrx_word' id='word_1_70' title='bbox 1559 598 1713 630; x_wconf 80' lang='lat' dir='ltr'>fabricari</span> <span class='ocrx_word' id='word_1_71' title='bbox 1740 600 1903 639; x_wconf 86' lang='lat' dir='ltr'>capellam</span> 
     </span>
     <span class='ocr_line' id='line_1_7' title="bbox 93 660 1906 701; baseline 0.002 -11"><span class='ocrx_word' id='word_1_72' title='bbox 93 669 190 691; x_wconf 91' lang='lat' dir='ltr'>unam</span> <span class='ocrx_word' id='word_1_73' title='bbox 218 669 320 700; x_wconf 87' lang='lat' dir='ltr'>super</span> <span class='ocrx_word' id='word_1_74' title='bbox 344 661 506 692; x_wconf 88' lang='lat' dir='ltr'>territorio</span> <span class='ocrx_word' id='word_1_75' title='bbox 532 660 610 691; x_wconf 87' lang='lat' dir='ltr'>dicti</span> <span class='ocrx_word' id='word_1_76' title='bbox 639 661 828 691; x_wconf 83' lang='lat' dir='ltr'>monasterii</span> <span class='ocrx_word' id='word_1_77' title='bbox 856 662 887 692; x_wconf 90' lang='lat' dir='ltr'>et</span> <span class='ocrx_word' id='word_1_78' title='bbox 913 661 943 691; x_wconf 91' lang='lat' dir='ltr'>in</span> <span class='ocrx_word' id='word_1_79' title='bbox 970 660 1132 692; x_wconf 82' lang='lat' dir='ltr'>sedimine</span> <span class='ocrx_word' id='word_1_80' title='bbox 1160 668 1279 691; x_wconf 88' lang='lat' dir='ltr'>versus</span> <span class='ocrx_word' id='word_1_81' title='bbox 1305 662 1336 691; x_wconf 89' lang='lat' dir='ltr'>ct</span> <span class='ocrx_word' id='word_1_82' title='bbox 1362 669 1467 700; x_wconf 89' lang='lat' dir='ltr'>prope</span> <span class='ocrx_word' id='word_1_83' title='bbox 1493 661 1692 698; x_wconf 74' lang='lat' dir='ltr'>sacristiam,</span> <span class='ocrx_word' id='word_1_84' title='bbox 1723 670 1787 701; x_wconf 83' lang='lat' dir='ltr'>quc</span> <span class='ocrx_word' id='word_1_85' title='bbox 1814 664 1906 693; x_wconf 85' lang='lat' dir='ltr'>tenc-</span> 
     </span>
     <span class='ocr_line' id='line_1_8' title="bbox 92 721 1906 763; baseline 0.001 -10"><span class='ocrx_word' id='word_1_86' title='bbox 92 724 142 753; x_wconf 89' lang='lat' dir='ltr'>tur</span> <span class='ocrx_word' id='word_1_87' title='bbox 168 731 227 763; x_wconf 86' lang='lat' dir='ltr'>per</span> <span class='ocrx_word' id='word_1_88' title='bbox 252 723 475 754; x_wconf 85' lang='lat' dir='ltr'>venerabilles</span> <span class='ocrx_word' id='word_1_89' title='bbox 500 722 656 753; x_wconf 87' lang='lat' dir='ltr'>dominos</span> <span class='ocrx_word' id='word_1_90' title='bbox 682 722 799 754; x_wconf 79' lang='lat' dir='ltr'>fratres</span> <span class='ocrx_word' id='word_1_91' title='bbox 827 722 1067 754; x_wconf 82' lang='lat' dir='ltr'>Hcremitarum</span> <span class='ocrx_word' id='word_1_92' title='bbox 1094 723 1200 754; x_wconf 90' lang='lat' dir='ltr'>sancti</span> <span class='ocrx_word' id='word_1_93' title='bbox 1220 721 1411 763; x_wconf 79' lang='lat' dir='ltr'><strong>Augustini,</strong></span> <span class='ocrx_word' id='word_1_94' title='bbox 1432 723 1486 753; x_wconf 87' lang='lat' dir='ltr'>ubi</span> <span class='ocrx_word' id='word_1_95' title='bbox 1507 724 1556 754; x_wconf 84' lang='lat' dir='ltr'>est</span> <span class='ocrx_word' id='word_1_96' title='bbox 1575 722 1683 755; x_wconf 84' lang='lat' dir='ltr'>Archa</span> <span class='ocrx_word' id='word_1_97' title='bbox 1712 733 1906 761; x_wconf 81' lang='lat' dir='ltr'>marmorea,</span> 
     </span>
     <span class='ocr_line' id='line_1_9' title="bbox 95 784 1909 825; baseline 0.001 -10"><span class='ocrx_word' id='word_1_98' title='bbox 95 785 288 825; x_wconf 84' lang='lat' dir='ltr'>incipiendo</span> <span class='ocrx_word' id='word_1_99' title='bbox 314 794 331 816; x_wconf 90' lang='lat' dir='ltr'>a</span> <span class='ocrx_word' id='word_1_100' title='bbox 358 793 455 816; x_wconf 90' lang='lat' dir='ltr'>manu</span> <span class='ocrx_word' id='word_1_101' title='bbox 482 784 617 815; x_wconf 86' lang='lat' dir='ltr'>sinistra</span> <span class='ocrx_word' id='word_1_102' title='bbox 644 793 748 824; x_wconf 80' lang='lat' dir='ltr'>prope</span> <span class='ocrx_word' id='word_1_103' title='bbox 775 785 926 815; x_wconf 73' lang='lat' dir='ltr'>intratam</span> <span class='ocrx_word' id='word_1_104' title='bbox 947 785 1024 815; x_wconf 81' lang='lat' dir='ltr'>dicti</span> <span class='ocrx_word' id='word_1_105' title='bbox 1045 784 1119 822; x_wconf 86' lang='lat' dir='ltr'>loci,</span> <span class='ocrx_word' id='word_1_106' title='bbox 1139 784 1194 815; x_wconf 89' lang='lat' dir='ltr'>ubi</span> <span class='ocrx_word' id='word_1_107' title='bbox 1214 786 1265 816; x_wconf 92' lang='lat' dir='ltr'>est</span> <span class='ocrx_word' id='word_1_108' title='bbox 1284 785 1357 825; x_wconf 86' lang='lat' dir='ltr'>ipsa</span> <span class='ocrx_word' id='word_1_109' title='bbox 1384 784 1503 822; x_wconf 88' lang='lat' dir='ltr'>Archa,</span> <span class='ocrx_word' id='word_1_110' title='bbox 1522 787 1553 816; x_wconf 93' lang='lat' dir='ltr'>et</span> <span class='ocrx_word' id='word_1_111' title='bbox 1571 786 1770 825; x_wconf 81' lang='lat' dir='ltr'>accipiendo</span> <span class='ocrx_word' id='word_1_112' title='bbox 1790 794 1909 817; x_wconf 84' lang='lat' dir='ltr'>versus</span> 
     </span>
     <span class='ocr_line' id='line_1_10' title="bbox 92 845 1905 879; baseline 0.001 -2"><span class='ocrx_word' id='word_1_113' title='bbox 92 847 216 877; x_wconf 88' lang='lat' dir='ltr'>dictum</span> <span class='ocrx_word' id='word_1_114' title='bbox 244 847 481 878; x_wconf 87' lang='lat' dir='ltr'>monasterium</span> <span class='ocrx_word' id='word_1_115' title='bbox 509 846 615 877; x_wconf 89' lang='lat' dir='ltr'>sancti</span> <span class='ocrx_word' id='word_1_116' title='bbox 644 845 730 877; x_wconf 78' lang='lat' dir='ltr'>Petri</span> <span class='ocrx_word' id='word_1_117' title='bbox 759 846 894 877; x_wconf 87' lang='lat' dir='ltr'>brachia</span> <span class='ocrx_word' id='word_1_118' title='bbox 921 847 980 877; x_wconf 90' lang='lat' dir='ltr'>tria</span> <span class='ocrx_word' id='word_1_119' title='bbox 1007 855 1081 878; x_wconf 90' lang='lat' dir='ltr'>eum</span> <span class='ocrx_word' id='word_1_120' title='bbox 1115 846 1254 877; x_wconf 89' lang='lat' dir='ltr'>dimidio</span> <span class='ocrx_word' id='word_1_121' title='bbox 1291 847 1409 877; x_wconf 88' lang='lat' dir='ltr'>terreni</span> <span class='ocrx_word' id='word_1_122' title='bbox 1448 847 1526 877; x_wconf 89' lang='lat' dir='ltr'>dicti</span> <span class='ocrx_word' id='word_1_123' title='bbox 1569 848 1760 878; x_wconf 81' lang='lat' dir='ltr'>monasterii</span> <span class='ocrx_word' id='word_1_124' title='bbox 1800 849 1905 879; x_wconf 85' lang='lat' dir='ltr'>sancti</span> 
     </span>
     <span class='ocr_line' id='line_1_11' title="bbox 92 907 1906 949; baseline 0.001 -10"><span class='ocrx_word' id='word_1_125' title='bbox 92 907 179 939; x_wconf 79' lang='lat' dir='ltr'>Petri</span> <span class='ocrx_word' id='word_1_126' title='bbox 207 909 237 939; x_wconf 89' lang='lat' dir='ltr'>in</span> <span class='ocrx_word' id='word_1_127' title='bbox 265 908 438 939; x_wconf 83' lang='lat' dir='ltr'>latitudine</span> <span class='ocrx_word' id='word_1_128' title='bbox 463 910 492 939; x_wconf 86' lang='lat' dir='ltr'>et</span> <span class='ocrx_word' id='word_1_129' title='bbox 520 908 549 938; x_wconf 92' lang='lat' dir='ltr'>in</span> <span class='ocrx_word' id='word_1_130' title='bbox 578 907 785 947; x_wconf 81' lang='lat' dir='ltr'>longitudine</span> <span class='ocrx_word' id='word_1_131' title='bbox 812 908 1043 948; x_wconf 84' lang='lat' dir='ltr'>protendendo</span> <span class='ocrx_word' id='word_1_132' title='bbox 1070 917 1189 940; x_wconf 89' lang='lat' dir='ltr'>versus</span> <span class='ocrx_word' id='word_1_133' title='bbox 1229 910 1347 945; x_wconf 84' lang='lat' dir='ltr'>ortum,</span> <span class='ocrx_word' id='word_1_134' title='bbox 1374 909 1430 948; x_wconf 79' lang='lat' dir='ltr'>qui</span> <span class='ocrx_word' id='word_1_135' title='bbox 1457 911 1587 940; x_wconf 83' lang='lat' dir='ltr'>tenetur</span> <span class='ocrx_word' id='word_1_136' title='bbox 1624 918 1681 949; x_wconf 85' lang='lat' dir='ltr'>per</span> <span class='ocrx_word' id='word_1_137' title='bbox 1706 912 1906 940; x_wconf 82' lang='lat' dir='ltr'>conventum</span> 
     </span>
     <span class='ocr_line' id='line_1_12' title="bbox 91 969 1910 1011; baseline 0.001 -10"><span class='ocrx_word' id='word_1_138' title='bbox 91 970 197 1001; x_wconf 89' lang='lat' dir='ltr'>sancti</span> <span class='ocrx_word' id='word_1_139' title='bbox 225 969 403 1010; x_wconf 81' lang='lat' dir='ltr'>Augustini</span> <span class='ocrx_word' id='word_1_140' title='bbox 430 971 556 1001; x_wconf 91' lang='lat' dir='ltr'>tantum</span> <span class='ocrx_word' id='word_1_141' title='bbox 584 971 744 1009; x_wconf 86' lang='lat' dir='ltr'>quantum</span> <span class='ocrx_word' id='word_1_142' title='bbox 771 970 867 1001; x_wconf 89' lang='lat' dir='ltr'>durat</span> <span class='ocrx_word' id='word_1_143' title='bbox 894 970 982 1001; x_wconf 86' lang='lat' dir='ltr'>volta</span> <span class='ocrx_word' id='word_1_144' title='bbox 1010 971 1114 1010; x_wconf 86' lang='lat' dir='ltr'>prima</span> <span class='ocrx_word' id='word_1_145' title='bbox 1141 970 1227 1002; x_wconf 91' lang='lat' dir='ltr'>dicte</span> <span class='ocrx_word' id='word_1_146' title='bbox 1253 971 1416 1008; x_wconf 85' lang='lat' dir='ltr'>sacristie,</span> <span class='ocrx_word' id='word_1_147' title='bbox 1443 979 1507 1010; x_wconf 86' lang='lat' dir='ltr'>que</span> <span class='ocrx_word' id='word_1_148' title='bbox 1524 971 1640 1011; x_wconf 86' lang='lat' dir='ltr'>incipit</span> <span class='ocrx_word' id='word_1_149' title='bbox 1665 971 1705 1002; x_wconf 87' lang='lat' dir='ltr'>ad</span> <span class='ocrx_word' id='word_1_150' title='bbox 1734 972 1840 1011; x_wconf 86' lang='lat' dir='ltr'>ipsam</span> <span class='ocrx_word' id='word_1_151' title='bbox 1862 972 1910 1002; x_wconf 84' lang='lat' dir='ltr'>in-</span> 
     </span>
     <span class='ocr_line' id='line_1_13' title="bbox 91 1032 1908 1073; baseline 0.001 -10"><span class='ocrx_word' id='word_1_152' title='bbox 91 1033 207 1063; x_wconf 87' lang='lat' dir='ltr'>tratam</span> <span class='ocrx_word' id='word_1_153' title='bbox 234 1034 264 1063; x_wconf 91' lang='lat' dir='ltr'>et</span> <span class='ocrx_word' id='word_1_154' title='bbox 291 1032 367 1072; x_wconf 89' lang='lat' dir='ltr'>plus</span> <span class='ocrx_word' id='word_1_155' title='bbox 393 1034 423 1063; x_wconf 92' lang='lat' dir='ltr'>et</span> <span class='ocrx_word' id='word_1_156' title='bbox 449 1032 559 1063; x_wconf 87' lang='lat' dir='ltr'>minus</span> <span class='ocrx_word' id='word_1_157' title='bbox 585 1034 683 1072; x_wconf 86' lang='lat' dir='ltr'>prout</span> <span class='ocrx_word' id='word_1_158' title='bbox 708 1032 920 1072; x_wconf 80' lang='lat' dir='ltr'>dessignaret</span> <span class='ocrx_word' id='word_1_159' title='bbox 946 1033 1104 1063; x_wconf 91' lang='lat' dir='ltr'>dominus</span> <span class='ocrx_word' id='word_1_160' title='bbox 1142 1032 1352 1073; x_wconf 81' lang='lat' dir='ltr'>Augustinus</span> <span class='ocrx_word' id='word_1_161' title='bbox 1378 1033 1418 1064; x_wconf 87' lang='lat' dir='ltr'>de</span> <span class='ocrx_word' id='word_1_162' title='bbox 1446 1032 1624 1064; x_wconf 72' lang='lat' dir='ltr'>Bassachis</span> <span class='ocrx_word' id='word_1_163' title='bbox 1650 1034 1801 1065; x_wconf 80' lang='lat' dir='ltr'>sindicus</span> <span class='ocrx_word' id='word_1_164' title='bbox 1828 1034 1908 1065; x_wconf 93' lang='lat' dir='ltr'>dicti</span> 
     </span>
     <span class='ocr_line' id='line_1_14' title="bbox 92 1094 1905 1135; baseline 0.002 -11"><span class='ocrx_word' id='word_1_165' title='bbox 92 1094 284 1125; x_wconf 89' lang='lat' dir='ltr'>monasterii</span> <span class='ocrx_word' id='word_1_166' title='bbox 311 1103 410 1134; x_wconf 87' lang='lat' dir='ltr'>quem</span> <span class='ocrx_word' id='word_1_167' title='bbox 436 1094 477 1125; x_wconf 87' lang='lat' dir='ltr'>ad</span> <span class='ocrx_word' id='word_1_168' title='bbox 505 1094 567 1125; x_wconf 85' lang='lat' dir='ltr'>hoc</span> <span class='ocrx_word' id='word_1_169' title='bbox 603 1094 726 1134; x_wconf 81' lang='lat' dir='ltr'>ellegit‚</span> <span class='ocrx_word' id='word_1_170' title='bbox 752 1096 783 1125; x_wconf 84' lang='lat' dir='ltr'>et</span> <span class='ocrx_word' id='word_1_171' title='bbox 808 1103 873 1134; x_wconf 78' lang='lat' dir='ltr'>que</span> <span class='ocrx_word' id='word_1_172' title='bbox 911 1094 1039 1134; x_wconf 88' lang='lat' dir='ltr'>capella</span> <span class='ocrx_word' id='word_1_173' title='bbox 1066 1095 1107 1125; x_wconf 88' lang='lat' dir='ltr'>sit</span> <span class='ocrx_word' id='word_1_174' title='bbox 1133 1096 1163 1126; x_wconf 91' lang='lat' dir='ltr'>et</span> <span class='ocrx_word' id='word_1_175' title='bbox 1189 1095 1365 1135; x_wconf 87' lang='lat' dir='ltr'>appeletur</span> <span class='ocrx_word' id='word_1_176' title='bbox 1401 1095 1530 1135; x_wconf 89' lang='lat' dir='ltr'>capella</span> <span class='ocrx_word' id='word_1_177' title='bbox 1568 1096 1759 1127; x_wconf 85' lang='lat' dir='ltr'>monasterii</span> <span class='ocrx_word' id='word_1_178' title='bbox 1799 1096 1905 1127; x_wconf 88' lang='lat' dir='ltr'>sancti</span> 
     </span>
     <span class='ocr_line' id='line_1_15' title="bbox 92 1155 1908 1197; baseline 0 -9"><span class='ocrx_word' id='word_1_179' title='bbox 92 1156 179 1189; x_wconf 83' lang='lat' dir='ltr'>Petri</span> <span class='ocrx_word' id='word_1_180' title='bbox 207 1157 238 1187; x_wconf 90' lang='lat' dir='ltr'>in</span> <span class='ocrx_word' id='word_1_181' title='bbox 264 1155 337 1187; x_wconf 94' lang='lat' dir='ltr'>celo</span> <span class='ocrx_word' id='word_1_182' title='bbox 363 1164 476 1193; x_wconf 87' lang='lat' dir='ltr'>aureo,</span> <span class='ocrx_word' id='word_1_183' title='bbox 503 1155 657 1186; x_wconf 89' lang='lat' dir='ltr'>intrando</span> <span class='ocrx_word' id='word_1_184' title='bbox 683 1156 790 1196; x_wconf 92' lang='lat' dir='ltr'>ipsam</span> <span class='ocrx_word' id='word_1_185' title='bbox 818 1156 981 1196; x_wconf 87' lang='lat' dir='ltr'>capellam</span> <span class='ocrx_word' id='word_1_186' title='bbox 1007 1156 1172 1187; x_wconf 87' lang='lat' dir='ltr'>dcversus</span> <span class='ocrx_word' id='word_1_187' title='bbox 1190 1156 1313 1188; x_wconf 91' lang='lat' dir='ltr'>dictam</span> <span class='ocrx_word' id='word_1_188' title='bbox 1333 1157 1530 1195; x_wconf 77' lang='lat' dir='ltr'>sacristiam,</span> <span class='ocrx_word' id='word_1_189' title='bbox 1550 1157 1726 1197; x_wconf 75' lang='lat' dir='ltr'>ipsamque</span> <span class='ocrx_word' id='word_1_190' title='bbox 1744 1157 1908 1197; x_wconf 89' lang='lat' dir='ltr'>capellam</span> 
     </span>
     <span class='ocr_line' id='line_1_16' title="bbox 92 1217 1909 1258; baseline 0 -7"><span class='ocrx_word' id='word_1_191' title='bbox 92 1218 297 1251; x_wconf 82' lang='lat' dir='ltr'>concesserit</span> <span class='ocrx_word' id='word_1_192' title='bbox 324 1218 354 1249; x_wconf 90' lang='lat' dir='ltr'>in</span> <span class='ocrx_word' id='word_1_193' title='bbox 381 1220 543 1258; x_wconf 76' lang='lat' dir='ltr'>quantum</span> <span class='ocrx_word' id='word_1_194' title='bbox 570 1218 783 1249; x_wconf 82' lang='lat' dir='ltr'>confirmetur</span> <span class='ocrx_word' id='word_1_195' title='bbox 808 1227 866 1258; x_wconf 81' lang='lat' dir='ltr'>per</span> <span class='ocrx_word' id='word_1_196' title='bbox 892 1217 1007 1249; x_wconf 85' lang='lat' dir='ltr'>Bullas</span> <span class='ocrx_word' id='word_1_197' title='bbox 1045 1217 1261 1258; x_wconf 88' lang='lat' dir='ltr'>Apostolicas</span> <span class='ocrx_word' id='word_1_198' title='bbox 1298 1220 1355 1250; x_wconf 86' lang='lat' dir='ltr'>aut</span> <span class='ocrx_word' id='word_1_199' title='bbox 1390 1219 1662 1251; x_wconf 84' lang='lat' dir='ltr'>reverendissimi</span> <span class='ocrx_word' id='word_1_200' title='bbox 1701 1220 1732 1250; x_wconf 84' lang='lat' dir='ltr'>iri</span> <span class='ocrx_word' id='word_1_201' title='bbox 1773 1218 1909 1251; x_wconf 90' lang='lat' dir='ltr'>Christo</span> 
     </span>
     <span class='ocr_line' id='line_1_17' title="bbox 93 1278 1907 1322; baseline 0 -9"><span class='ocrx_word' id='word_1_202' title='bbox 93 1282 197 1322; x_wconf 86' lang='lat' dir='ltr'>patris</span> <span class='ocrx_word' id='word_1_203' title='bbox 233 1283 264 1312; x_wconf 91' lang='lat' dir='ltr'>et</span> <span class='ocrx_word' id='word_1_204' title='bbox 300 1280 425 1311; x_wconf 86' lang='lat' dir='ltr'>domini</span> <span class='ocrx_word' id='word_1_205' title='bbox 464 1280 589 1311; x_wconf 93' lang='lat' dir='ltr'>domini</span> <span class='ocrx_word' id='word_1_206' title='bbox 628 1278 768 1311; x_wconf 83' lang='lat' dir='ltr'>Gerardi</span> <span class='ocrx_word' id='word_1_207' title='bbox 807 1280 1026 1311; x_wconf 79' lang='lat' dir='ltr'>miseracione</span> <span class='ocrx_word' id='word_1_208' title='bbox 1063 1281 1178 1312; x_wconf 87' lang='lat' dir='ltr'>divina</span> <span class='ocrx_word' id='word_1_209' title='bbox 1204 1280 1287 1311; x_wconf 91' lang='lat' dir='ltr'>tituli</span> <span class='ocrx_word' id='word_1_210' title='bbox 1329 1283 1445 1312; x_wconf 90' lang='lat' dir='ltr'>sancte</span> <span class='ocrx_word' id='word_1_211' title='bbox 1473 1281 1579 1313; x_wconf 86' lang='lat' dir='ltr'>Marie</span> <span class='ocrx_word' id='word_1_212' title='bbox 1606 1282 1637 1312; x_wconf 91' lang='lat' dir='ltr'>in</span> <span class='ocrx_word' id='word_1_213' title='bbox 1664 1281 1907 1313; x_wconf 89' lang='lat' dir='ltr'>Transtiberim</span> 
     </span>
     <span class='ocr_line' id='line_1_18' title="bbox 93 1340 1907 1383; baseline 0 -8"><span class='ocrx_word' id='word_1_214' title='bbox 93 1346 207 1375; x_wconf 90' lang='lat' dir='ltr'>sancte</span> <span class='ocrx_word' id='word_1_215' title='bbox 234 1351 369 1374; x_wconf 88' lang='lat' dir='ltr'>romane</span> <span class='ocrx_word' id='word_1_216' title='bbox 395 1342 536 1373; x_wconf 85' lang='lat' dir='ltr'>ecclesie</span> <span class='ocrx_word' id='word_1_217' title='bbox 563 1342 738 1382; x_wconf 83' lang='lat' dir='ltr'>presbiteri</span> <span class='ocrx_word' id='word_1_218' title='bbox 766 1342 958 1373; x_wconf 77' lang='lat' dir='ltr'>cardinaliis</span> <span class='ocrx_word' id='word_1_219' title='bbox 985 1340 1163 1374; x_wconf 88' lang='lat' dir='ltr'>Comensis</span> <span class='ocrx_word' id='word_1_220' title='bbox 1190 1344 1384 1383; x_wconf 84' lang='lat' dir='ltr'>nuncupati,</span> <span class='ocrx_word' id='word_1_221' title='bbox 1412 1344 1442 1374; x_wconf 93' lang='lat' dir='ltr'>in</span> <span class='ocrx_word' id='word_1_222' title='bbox 1470 1345 1539 1375; x_wconf 88' lang='lat' dir='ltr'>toto</span> <span class='ocrx_word' id='word_1_223' title='bbox 1580 1344 1729 1375; x_wconf 88' lang='lat' dir='ltr'>dominio</span> <span class='ocrx_word' id='word_1_224' title='bbox 1768 1344 1907 1375; x_wconf 89' lang='lat' dir='ltr'>illustris</span> 
     </span>
     <span class='ocr_line' id='line_1_19' title="bbox 93 1402 1909 1446; baseline 0.001 -10"><span class='ocrx_word' id='word_1_225' title='bbox 93 1405 218 1437; x_wconf 90' lang='lat' dir='ltr'>domini</span> <span class='ocrx_word' id='word_1_226' title='bbox 246 1403 351 1436; x_wconf 91' lang='lat' dir='ltr'>Ducis</span> <span class='ocrx_word' id='word_1_227' title='bbox 378 1404 560 1436; x_wconf 78' lang='lat' dir='ltr'>Mediolani</span> <span class='ocrx_word' id='word_1_228' title='bbox 589 1403 784 1444; x_wconf 87' lang='lat' dir='ltr'>Apostolice</span> <span class='ocrx_word' id='word_1_229' title='bbox 811 1403 909 1436; x_wconf 87' lang='lat' dir='ltr'>Sedis</span> <span class='ocrx_word' id='word_1_230' title='bbox 936 1405 1033 1445; x_wconf 89' lang='lat' dir='ltr'>legati</span> <span class='ocrx_word' id='word_1_231' title='bbox 1059 1402 1119 1444; x_wconf 84' lang='lat'>(1),</span> <span class='ocrx_word' id='word_1_232' title='bbox 1147 1405 1196 1436; x_wconf 89' lang='lat' dir='ltr'>vel</span> <span class='ocrx_word' id='word_1_233' title='bbox 1224 1405 1360 1437; x_wconf 88' lang='lat' dir='ltr'>alterius</span> <span class='ocrx_word' id='word_1_234' title='bbox 1379 1406 1420 1436; x_wconf 91' lang='lat' dir='ltr'>ad</span> <span class='ocrx_word' id='word_1_235' title='bbox 1441 1406 1503 1437; x_wconf 95' lang='lat' dir='ltr'>hoc</span> <span class='ocrx_word' id='word_1_236' title='bbox 1523 1408 1722 1446; x_wconf 89' lang='lat' dir='ltr'>potestatem</span> <span class='ocrx_word' id='word_1_237' title='bbox 1744 1407 1909 1444; x_wconf 89' lang='lat' dir='ltr'>habentis,</span> 
     </span>
     <span class='ocr_line' id='line_1_20' title="bbox 94 1466 1908 1508; baseline 0.001 -10"><span class='ocrx_word' id='word_1_238' title='bbox 94 1469 191 1508; x_wconf 88' lang='lat' dir='ltr'>prout</span> <span class='ocrx_word' id='word_1_239' title='bbox 217 1468 348 1498; x_wconf 92' lang='lat' dir='ltr'>constat</span> <span class='ocrx_word' id='word_1_240' title='bbox 375 1466 481 1497; x_wconf 91' lang='lat' dir='ltr'>lacius</span> <span class='ocrx_word' id='word_1_241' title='bbox 507 1467 537 1497; x_wconf 93' lang='lat' dir='ltr'>in</span> <span class='ocrx_word' id='word_1_242' title='bbox 565 1467 784 1497; x_wconf 85' lang='lat' dir='ltr'>instrumento</span> <span class='ocrx_word' id='word_1_243' title='bbox 812 1466 949 1506; x_wconf 90' lang='lat' dir='ltr'>publico</span> <span class='ocrx_word' id='word_1_244' title='bbox 975 1469 1091 1507; x_wconf 87' lang='lat' dir='ltr'>rogato</span> <span class='ocrx_word' id='word_1_245' title='bbox 1117 1476 1204 1498; x_wconf 91' lang='lat' dir='ltr'>anno</span> <span class='ocrx_word' id='word_1_246' title='bbox 1230 1469 1261 1498; x_wconf 92' lang='lat' dir='ltr'>et</span> <span class='ocrx_word' id='word_1_247' title='bbox 1287 1467 1455 1499; x_wconf 84' lang='lat' dir='ltr'>indicione</span> <span class='ocrx_word' id='word_1_248' title='bbox 1492 1468 1719 1508; x_wconf 84' lang='lat' dir='ltr'>presentibus,</span> <span class='ocrx_word' id='word_1_249' title='bbox 1757 1469 1810 1500; x_wconf 89' lang='lat' dir='ltr'>die</span> <span class='ocrx_word' id='word_1_250' title='bbox 1837 1468 1908 1500; x_wconf 89' lang='lat' dir='ltr'>XVl</span> 
     </span>
     <span class='ocr_line' id='line_1_21' title="bbox 93 1528 1910 1570; baseline 0.001 -9"><span class='ocrx_word' id='word_1_251' title='bbox 93 1529 222 1570; x_wconf 89' lang='lat' dir='ltr'>aprillis</span> <span class='ocrx_word' id='word_1_252' title='bbox 247 1529 383 1560; x_wconf 89' lang='lat' dir='ltr'>domino</span> <span class='ocrx_word' id='word_1_253' title='bbox 409 1528 548 1559; x_wconf 84' lang='lat' dir='ltr'>Nicolao</span> <span class='ocrx_word' id='word_1_254' title='bbox 574 1538 614 1559; x_wconf 86' lang='lat' dir='ltr'>ex</span> <span class='ocrx_word' id='word_1_255' title='bbox 641 1529 814 1568; x_wconf 84' lang='lat' dir='ltr'>captaneis</span> <span class='ocrx_word' id='word_1_256' title='bbox 841 1528 1055 1560; x_wconf 85' lang='lat' dir='ltr'>Villelanterii</span> <span class='ocrx_word' id='word_1_257' title='bbox 1083 1530 1212 1561; x_wconf 88' lang='lat' dir='ltr'>notario</span> <span class='ocrx_word' id='word_1_258' title='bbox 1239 1530 1375 1570; x_wconf 87' lang='lat' dir='ltr'>publico</span> <span class='ocrx_word' id='word_1_259' title='bbox 1413 1531 1586 1570; x_wconf 87' lang='lat' dir='ltr'>papiensi;</span> <span class='ocrx_word' id='word_1_260' title='bbox 1613 1533 1644 1562; x_wconf 92' lang='lat' dir='ltr'>et</span> <span class='ocrx_word' id='word_1_261' title='bbox 1670 1531 1770 1562; x_wconf 91' lang='lat' dir='ltr'>modo</span> <span class='ocrx_word' id='word_1_262' title='bbox 1808 1540 1910 1562; x_wconf 91' lang='lat' dir='ltr'>vene-</span> 
     </span>
     <span class='ocr_line' id='line_1_22' title="bbox 95 1590 1909 1632; baseline 0.001 -10"><span class='ocrx_word' id='word_1_263' title='bbox 95 1591 230 1623; x_wconf 86' lang='lat' dir='ltr'>rabillcs</span> <span class='ocrx_word' id='word_1_264' title='bbox 255 1591 380 1622; x_wconf 89' lang='lat' dir='ltr'>domini</span> <span class='ocrx_word' id='word_1_265' title='bbox 408 1591 507 1622; x_wconf 86' lang='lat' dir='ltr'>frater</span> <span class='ocrx_word' id='word_1_266' title='bbox 533 1590 698 1622; x_wconf 79' lang='lat' dir='ltr'>lohannes</span> <span class='ocrx_word' id='word_1_267' title='bbox 724 1591 764 1622; x_wconf 89' lang='lat' dir='ltr'>de</span> <span class='ocrx_word' id='word_1_268' title='bbox 792 1590 927 1623; x_wconf 73' lang='lat' dir='ltr'>Ranciis</span> <span class='ocrx_word' id='word_1_269' title='bbox 953 1593 983 1622; x_wconf 91' lang='lat' dir='ltr'>et</span> <span class='ocrx_word' id='word_1_270' title='bbox 1008 1591 1109 1623; x_wconf 81' lang='lat' dir='ltr'>frater</span> <span class='ocrx_word' id='word_1_271' title='bbox 1138 1591 1349 1632; x_wconf 77' lang='lat' dir='ltr'>Augustinus</span> <span class='ocrx_word' id='word_1_272' title='bbox 1386 1592 1427 1623; x_wconf 89' lang='lat' dir='ltr'>de</span> <span class='ocrx_word' id='word_1_273' title='bbox 1465 1592 1593 1624; x_wconf 85' lang='lat' dir='ltr'>Nlerate</span> <span class='ocrx_word' id='word_1_274' title='bbox 1631 1593 1782 1624; x_wconf 88' lang='lat' dir='ltr'>canonici</span> <span class='ocrx_word' id='word_1_275' title='bbox 1821 1593 1909 1625; x_wconf 88' lang='lat' dir='ltr'>dicte</span> 
     </span>
     <span class='ocr_line' id='line_1_23' title="bbox 95 1652 1909 1695; baseline 0.001 -10"><span class='ocrx_word' id='word_1_276' title='bbox 95 1654 236 1685; x_wconf 83' lang='lat' dir='ltr'>ecclesie</span> <span class='ocrx_word' id='word_1_277' title='bbox 262 1653 367 1684; x_wconf 86' lang='lat' dir='ltr'>sancti</span> <span class='ocrx_word' id='word_1_278' title='bbox 395 1652 481 1684; x_wconf 80' lang='lat' dir='ltr'>Petri</span> <span class='ocrx_word' id='word_1_279' title='bbox 509 1653 539 1683; x_wconf 92' lang='lat' dir='ltr'>in</span> <span class='ocrx_word' id='word_1_280' title='bbox 566 1653 637 1683; x_wconf 88' lang='lat' dir='ltr'>celo</span> <span class='ocrx_word' id='word_1_281' title='bbox 663 1662 764 1683; x_wconf 80' lang='lat' dir='ltr'>aureo</span> <span class='ocrx_word' id='word_1_282' title='bbox 790 1654 964 1693; x_wconf 81' lang='lat' dir='ltr'>papiensis</span> <span class='ocrx_word' id='word_1_283' title='bbox 990 1655 1021 1684; x_wconf 92' lang='lat' dir='ltr'>et</span> <span class='ocrx_word' id='word_1_284' title='bbox 1046 1655 1299 1695; x_wconf 88' lang='lat' dir='ltr'>suprascriptus</span> <span class='ocrx_word' id='word_1_285' title='bbox 1325 1655 1482 1685; x_wconf 89' lang='lat' dir='ltr'>dominus</span> <span class='ocrx_word' id='word_1_286' title='bbox 1509 1654 1720 1695; x_wconf 78' lang='lat' dir='ltr'>Augustinus</span> <span class='ocrx_word' id='word_1_287' title='bbox 1758 1656 1909 1687; x_wconf 88' lang='lat' dir='ltr'>sindicus</span> 
     </span>
     <span class='ocr_line' id='line_1_24' title="bbox 95 1714 1910 1757; baseline 0.001 -10"><span class='ocrx_word' id='word_1_288' title='bbox 95 1719 125 1747; x_wconf 86' lang='lat' dir='ltr'>ct</span> <span class='ocrx_word' id='word_1_289' title='bbox 151 1716 283 1746; x_wconf 85' lang='lat' dir='ltr'>nomine</span> <span class='ocrx_word' id='word_1_290' title='bbox 309 1715 500 1746; x_wconf 86' lang='lat' dir='ltr'>monasterii</span> <span class='ocrx_word' id='word_1_291' title='bbox 528 1714 644 1755; x_wconf 84' lang='lat' dir='ltr'>prefati</span> <span class='ocrx_word' id='word_1_292' title='bbox 673 1714 815 1746; x_wconf 86' lang='lat' dir='ltr'>Abbatis</span> <span class='ocrx_word' id='word_1_293' title='bbox 841 1715 881 1746; x_wconf 90' lang='lat' dir='ltr'>ad</span> <span class='ocrx_word' id='word_1_294' title='bbox 910 1716 1167 1755; x_wconf 86' lang='lat' dir='ltr'>requisicionem</span> <span class='ocrx_word' id='word_1_295' title='bbox 1193 1718 1224 1748; x_wconf 87' lang='lat' dir='ltr'>et</span> <span class='ocrx_word' id='word_1_296' title='bbox 1251 1716 1441 1748; x_wconf 87' lang='lat' dir='ltr'>instantiam</span> <span class='ocrx_word' id='word_1_297' title='bbox 1480 1717 1765 1757; x_wconf 85' lang='lat' dir='ltr'>infrascriptorum</span> <span class='ocrx_word' id='word_1_298' title='bbox 1803 1718 1910 1748; x_wconf 90' lang='lat' dir='ltr'>domi-</span> 
     </span>
     <span class='ocr_line' id='line_1_25' title="bbox 95 1775 1907 1820; baseline 0.002 -12"><span class='ocrx_word' id='word_1_299' title='bbox 95 1787 210 1808; x_wconf 90' lang='lat' dir='ltr'>norum</span> <span class='ocrx_word' id='word_1_300' title='bbox 236 1776 362 1808; x_wconf 84' lang='lat' dir='ltr'>Prioris</span> <span class='ocrx_word' id='word_1_301' title='bbox 388 1779 418 1808; x_wconf 92' lang='lat' dir='ltr'>et</span> <span class='ocrx_word' id='word_1_302' title='bbox 444 1775 638 1817; x_wconf 86' lang='lat' dir='ltr'>Subprioris</span> <span class='ocrx_word' id='word_1_303' title='bbox 664 1779 695 1808; x_wconf 90' lang='lat' dir='ltr'>et</span> <span class='ocrx_word' id='word_1_304' title='bbox 720 1777 866 1814; x_wconf 82' lang='lat' dir='ltr'>fratrum,</span> <span class='ocrx_word' id='word_1_305' title='bbox 893 1778 1147 1809; x_wconf 85' lang='lat' dir='ltr'>considerantes</span> <span class='ocrx_word' id='word_1_306' title='bbox 1166 1778 1374 1810; x_wconf 88' lang='lat' dir='ltr'>latitudinem</span> <span class='ocrx_word' id='word_1_307' title='bbox 1401 1781 1431 1810; x_wconf 89' lang='lat' dir='ltr'>et</span> <span class='ocrx_word' id='word_1_308' title='bbox 1459 1779 1700 1820; x_wconf 82' lang='lat' dir='ltr'>longitudinem</span> <span class='ocrx_word' id='word_1_309' title='bbox 1728 1780 1806 1810; x_wconf 92' lang='lat' dir='ltr'>dicti</span> <span class='ocrx_word' id='word_1_310' title='bbox 1834 1780 1907 1817; x_wconf 87' lang='lat' dir='ltr'>loci,</span> 
     </span>
     <span class='ocr_line' id='line_1_26' title="bbox 94 1839 1910 1881; baseline 0.001 -10"><span class='ocrx_word' id='word_1_311' title='bbox 94 1840 149 1871; x_wconf 89' lang='lat' dir='ltr'>ubi</span> <span class='ocrx_word' id='word_1_312' title='bbox 175 1841 207 1870; x_wconf 85' lang='lat' dir='ltr'>ct</span> <span class='ocrx_word' id='word_1_313' title='bbox 232 1840 263 1869; x_wconf 96' lang='lat' dir='ltr'>in</span> <span class='ocrx_word' id='word_1_314' title='bbox 290 1848 357 1879; x_wconf 88' lang='lat' dir='ltr'>quo</span> <span class='ocrx_word' id='word_1_315' title='bbox 383 1839 451 1870; x_wconf 81' lang='lat' dir='ltr'>fieri</span> <span class='ocrx_word' id='word_1_316' title='bbox 479 1839 578 1870; x_wconf 89' lang='lat' dir='ltr'>debet</span> <span class='ocrx_word' id='word_1_317' title='bbox 603 1839 692 1870; x_wconf 86' lang='lat' dir='ltr'>dicta</span> <span class='ocrx_word' id='word_1_318' title='bbox 719 1839 858 1879; x_wconf 82' lang='lat' dir='ltr'>capella,</span> <span class='ocrx_word' id='word_1_319' title='bbox 886 1848 951 1869; x_wconf 88' lang='lat' dir='ltr'>non</span> <span class='ocrx_word' id='word_1_320' title='bbox 977 1848 1053 1871; x_wconf 89' lang='lat' dir='ltr'>esse</span> <span class='ocrx_word' id='word_1_321' title='bbox 1078 1849 1222 1880; x_wconf 90' lang='lat' dir='ltr'>capaces</span> <span class='ocrx_word' id='word_1_322' title='bbox 1248 1849 1308 1880; x_wconf 89' lang='lat' dir='ltr'>pro</span> <span class='ocrx_word' id='word_1_323' title='bbox 1334 1841 1407 1881; x_wconf 90' lang='lat' dir='ltr'>ipsa</span> <span class='ocrx_word' id='word_1_324' title='bbox 1434 1841 1564 1881; x_wconf 87' lang='lat' dir='ltr'>capella</span> <span class='ocrx_word' id='word_1_325' title='bbox 1589 1842 1711 1879; x_wconf 85' lang='lat' dir='ltr'>fienda,</span> <span class='ocrx_word' id='word_1_326' title='bbox 1749 1842 1811 1873; x_wconf 89' lang='lat' dir='ltr'>nisi</span> <span class='ocrx_word' id='word_1_327' title='bbox 1851 1851 1910 1873; x_wconf 88' lang='lat' dir='ltr'>au-</span> 
     </span>
     <span class='ocr_line' id='line_1_27' title="bbox 92 1900 1907 1943; baseline 0.001 -10"><span class='ocrx_word' id='word_1_328' title='bbox 92 1904 208 1942; x_wconf 85' lang='lat' dir='ltr'>geatur</span> <span class='ocrx_word' id='word_1_329' title='bbox 233 1901 264 1931; x_wconf 92' lang='lat' dir='ltr'>in</span> <span class='ocrx_word' id='word_1_330' title='bbox 292 1900 465 1932; x_wconf 86' lang='lat' dir='ltr'>latitudine</span> <span class='ocrx_word' id='word_1_331' title='bbox 491 1901 641 1940; x_wconf 90' lang='lat' dir='ltr'>predicta</span> <span class='ocrx_word' id='word_1_332' title='bbox 668 1903 795 1932; x_wconf 87' lang='lat' dir='ltr'>tantum</span> <span class='ocrx_word' id='word_1_333' title='bbox 822 1904 982 1941; x_wconf 86' lang='lat' dir='ltr'>quantum</span> <span class='ocrx_word' id='word_1_334' title='bbox 1008 1902 1105 1933; x_wconf 88' lang='lat' dir='ltr'>durat</span> <span class='ocrx_word' id='word_1_335' title='bbox 1131 1902 1306 1943; x_wconf 87' lang='lat' dir='ltr'>longitudo</span> <span class='ocrx_word' id='word_1_336' title='bbox 1345 1903 1444 1934; x_wconf 88' lang='lat' dir='ltr'>unius</span> <span class='ocrx_word' id='word_1_337' title='bbox 1482 1903 1605 1943; x_wconf 89' lang='lat' dir='ltr'>lapidis</span> <span class='ocrx_word' id='word_1_338' title='bbox 1642 1904 1738 1941; x_wconf 86' lang='lat' dir='ltr'>cocti,</span> <span class='ocrx_word' id='word_1_339' title='bbox 1775 1906 1807 1935; x_wconf 93' lang='lat' dir='ltr'>et</span> <span class='ocrx_word' id='word_1_340' title='bbox 1844 1905 1907 1936; x_wconf 90' lang='lat' dir='ltr'>nisi</span> 
     </span>
     <span class='ocr_line' id='line_1_28' title="bbox 94 1963 1906 2006; baseline 0.002 -13"><span class='ocrx_word' id='word_1_341' title='bbox 94 1963 268 2003; x_wconf 82' lang='lat' dir='ltr'>longitudo</span> <span class='ocrx_word' id='word_1_342' title='bbox 294 1963 389 1994; x_wconf 93' lang='lat' dir='ltr'>duret</span> <span class='ocrx_word' id='word_1_343' title='bbox 415 1964 446 1993; x_wconf 88' lang='lat' dir='ltr'>et</span> <span class='ocrx_word' id='word_1_344' title='bbox 471 1963 620 1994; x_wconf 86' lang='lat' dir='ltr'>trahatur</span> <span class='ocrx_word' id='word_1_345' title='bbox 635 1971 742 2003; x_wconf 82' lang='lat' dir='ltr'>usque</span> <span class='ocrx_word' id='word_1_346' title='bbox 768 1963 810 1994; x_wconf 89' lang='lat' dir='ltr'>ad</span> <span class='ocrx_word' id='word_1_347' title='bbox 838 1972 966 1994; x_wconf 90' lang='lat' dir='ltr'>murum</span> <span class='ocrx_word' id='word_1_348' title='bbox 993 1964 1071 1995; x_wconf 89' lang='lat' dir='ltr'>dicti</span> <span class='ocrx_word' id='word_1_349' title='bbox 1099 1965 1291 1995; x_wconf 90' lang='lat' dir='ltr'>monasterii</span> <span class='ocrx_word' id='word_1_350' title='bbox 1311 1965 1564 1996; x_wconf 88' lang='lat' dir='ltr'>intermediante</span> <span class='ocrx_word' id='word_1_351' title='bbox 1584 1966 1767 2006; x_wconf 88' lang='lat' dir='ltr'>predictum</span> <span class='ocrx_word' id='word_1_352' title='bbox 1787 1968 1906 2003; x_wconf 88' lang='lat' dir='ltr'>ortum,</span> 
     </span>
     <span class='ocr_line' id='line_1_29' title="bbox 92 2025 1906 2066; baseline 0.002 -10"><span class='ocrx_word' id='word_1_353' title='bbox 92 2026 149 2066; x_wconf 77' lang='lat' dir='ltr'>qui</span> <span class='ocrx_word' id='word_1_354' title='bbox 174 2027 303 2057; x_wconf 84' lang='lat' dir='ltr'>tenetur</span> <span class='ocrx_word' id='word_1_355' title='bbox 328 2034 388 2065; x_wconf 89' lang='lat' dir='ltr'>per</span> <span class='ocrx_word' id='word_1_356' title='bbox 411 2025 522 2056; x_wconf 91' lang='lat' dir='ltr'>dictos</span> <span class='ocrx_word' id='word_1_357' title='bbox 547 2025 702 2056; x_wconf 90' lang='lat' dir='ltr'>dominos</span> <span class='ocrx_word' id='word_1_358' title='bbox 727 2025 855 2063; x_wconf 83' lang='lat' dir='ltr'>fratres,</span> <span class='ocrx_word' id='word_1_359' title='bbox 881 2028 911 2057; x_wconf 88' lang='lat' dir='ltr'>et</span> <span class='ocrx_word' id='word_1_360' title='bbox 938 2027 1088 2058; x_wconf 88' lang='lat' dir='ltr'>sedimen</span> <span class='ocrx_word' id='word_1_361' title='bbox 1114 2027 1193 2058; x_wconf 89' lang='lat' dir='ltr'>dicti</span> <span class='ocrx_word' id='word_1_362' title='bbox 1229 2028 1432 2065; x_wconf 86' lang='lat' dir='ltr'>monasterii,</span> <span class='ocrx_word' id='word_1_363' title='bbox 1459 2030 1489 2059; x_wconf 92' lang='lat' dir='ltr'>et</span> <span class='ocrx_word' id='word_1_364' title='bbox 1515 2029 1605 2059; x_wconf 93' lang='lat' dir='ltr'>omni</span> <span class='ocrx_word' id='word_1_365' title='bbox 1643 2028 1708 2059; x_wconf 91' lang='lat' dir='ltr'>alio</span> <span class='ocrx_word' id='word_1_366' title='bbox 1735 2029 1814 2065; x_wconf 84' lang='lat' dir='ltr'>iure,</span> <span class='ocrx_word' id='word_1_367' title='bbox 1842 2029 1906 2066; x_wconf 82' lang='lat' dir='ltr'>via,</span> 
     </span>
     <span class='ocr_line' id='line_1_30' title="bbox 93 2087 1905 2130; baseline 0.002 -12"><span class='ocrx_word' id='word_1_368' title='bbox 93 2087 203 2125; x_wconf 87' lang='lat' dir='ltr'>modo,</span> <span class='ocrx_word' id='word_1_369' title='bbox 229 2096 333 2119; x_wconf 88' lang='lat' dir='ltr'>causa</span> <span class='ocrx_word' id='word_1_370' title='bbox 358 2089 389 2118; x_wconf 94' lang='lat' dir='ltr'>et</span> <span class='ocrx_word' id='word_1_371' title='bbox 411 2087 531 2125; x_wconf 82' lang='lat' dir='ltr'>forma,</span> <span class='ocrx_word' id='word_1_372' title='bbox 557 2087 685 2127; x_wconf 83' lang='lat' dir='ltr'>quibus</span> <span class='ocrx_word' id='word_1_373' title='bbox 713 2088 831 2119; x_wconf 90' lang='lat' dir='ltr'>melius</span> <span class='ocrx_word' id='word_1_374' title='bbox 857 2090 889 2119; x_wconf 90' lang='lat' dir='ltr'>et</span> <span class='ocrx_word' id='word_1_375' title='bbox 915 2089 1060 2119; x_wconf 86' lang='lat' dir='ltr'>validius</span> <span class='ocrx_word' id='word_1_376' title='bbox 1098 2091 1277 2129; x_wconf 89' lang='lat' dir='ltr'>potuerunt</span> <span class='ocrx_word' id='word_1_377' title='bbox 1302 2091 1333 2121; x_wconf 94' lang='lat' dir='ltr'>et</span> <span class='ocrx_word' id='word_1_378' title='bbox 1359 2092 1503 2130; x_wconf 89' lang='lat' dir='ltr'>possunt</span> <span class='ocrx_word' id='word_1_379' title='bbox 1532 2090 1572 2121; x_wconf 91' lang='lat' dir='ltr'>ad</span> <span class='ocrx_word' id='word_1_380' title='bbox 1611 2091 1905 2122; x_wconf 82' lang='lat' dir='ltr'>confirmacionem</span> 
     </span>
     <span class='ocr_line' id='line_1_31' title="bbox 92 2149 1906 2191; baseline 0.002 -10"><span class='ocrx_word' id='word_1_381' title='bbox 92 2150 178 2181; x_wconf 87' lang='lat' dir='ltr'>dicte</span> <span class='ocrx_word' id='word_1_382' title='bbox 204 2149 287 2181; x_wconf 89' lang='lat' dir='ltr'>alias</span> <span class='ocrx_word' id='word_1_383' title='bbox 312 2149 389 2180; x_wconf 88' lang='lat' dir='ltr'>date</span> <span class='ocrx_word' id='word_1_384' title='bbox 415 2149 563 2186; x_wconf 84' lang='lat' dir='ltr'>licencie,</span> <span class='ocrx_word' id='word_1_385' title='bbox 589 2149 699 2180; x_wconf 85' lang='lat' dir='ltr'>adhuc</span> <span class='ocrx_word' id='word_1_386' title='bbox 724 2150 887 2181; x_wconf 87' lang='lat' dir='ltr'>dederunt</span> <span class='ocrx_word' id='word_1_387' title='bbox 913 2153 946 2181; x_wconf 90' lang='lat' dir='ltr'>et</span> <span class='ocrx_word' id='word_1_388' title='bbox 969 2150 1049 2182; x_wconf 85' lang='lat' dir='ltr'>dant</span> <span class='ocrx_word' id='word_1_389' title='bbox 1075 2151 1224 2191; x_wconf 84' lang='lat' dir='ltr'>prefacto</span> <span class='ocrx_word' id='word_1_390' title='bbox 1250 2151 1386 2182; x_wconf 86' lang='lat' dir='ltr'>domino</span> <span class='ocrx_word' id='word_1_391' title='bbox 1421 2151 1567 2189; x_wconf 87' lang='lat' dir='ltr'>lohanni,</span> <span class='ocrx_word' id='word_1_392' title='bbox 1606 2152 1681 2184; x_wconf 89' lang='lat' dir='ltr'>licet</span> <span class='ocrx_word' id='word_1_393' title='bbox 1706 2153 1849 2189; x_wconf 90' lang='lat' dir='ltr'>absenti,</span> <span class='ocrx_word' id='word_1_394' title='bbox 1875 2156 1906 2184; x_wconf 87' lang='lat' dir='ltr'>et</span> 
     </span>
     <span class='ocr_line' id='line_1_32' title="bbox 93 2211 1904 2255; baseline 0.002 -13"><span class='ocrx_word' id='word_1_395' title='bbox 93 2212 191 2243; x_wconf 90' lang='lat' dir='ltr'>michi</span> <span class='ocrx_word' id='word_1_396' title='bbox 218 2212 346 2243; x_wconf 89' lang='lat' dir='ltr'>notario</span> <span class='ocrx_word' id='word_1_397' title='bbox 372 2212 445 2243; x_wconf 90' lang='lat' dir='ltr'>eius</span> <span class='ocrx_word' id='word_1_398' title='bbox 471 2212 604 2242; x_wconf 90' lang='lat' dir='ltr'>nomine</span> <span class='ocrx_word' id='word_1_399' title='bbox 631 2211 803 2252; x_wconf 83' lang='lat' dir='ltr'>stipulanti</span> <span class='ocrx_word' id='word_1_400' title='bbox 832 2212 969 2243; x_wconf 86' lang='lat' dir='ltr'>liberam</span> <span class='ocrx_word' id='word_1_401' title='bbox 997 2212 1170 2244; x_wconf 90' lang='lat' dir='ltr'>licenciam</span> <span class='ocrx_word' id='word_1_402' title='bbox 1196 2213 1386 2253; x_wconf 86' lang='lat' dir='ltr'>accipiendi</span> <span class='ocrx_word' id='word_1_403' title='bbox 1411 2216 1444 2245; x_wconf 87' lang='lat' dir='ltr'>et</span> <span class='ocrx_word' id='word_1_404' title='bbox 1468 2215 1620 2254; x_wconf 87' lang='lat' dir='ltr'>accipere</span> <span class='ocrx_word' id='word_1_405' title='bbox 1639 2215 1800 2255; x_wconf 87' lang='lat' dir='ltr'>possendi</span> <span class='ocrx_word' id='word_1_406' title='bbox 1821 2215 1904 2246; x_wconf 88' lang='lat' dir='ltr'>ultra</span> 
     </span>
     <span class='ocr_line' id='line_1_33' title="bbox 93 2273 1906 2317; baseline 0.002 -13"><span class='ocrx_word' id='word_1_407' title='bbox 93 2273 181 2305; x_wconf 89' lang='lat' dir='ltr'>dicta</span> <span class='ocrx_word' id='word_1_408' title='bbox 207 2273 343 2305; x_wconf 87' lang='lat' dir='ltr'>brachia</span> <span class='ocrx_word' id='word_1_409' title='bbox 368 2274 428 2305; x_wconf 89' lang='lat' dir='ltr'>tria</span> <span class='ocrx_word' id='word_1_410' title='bbox 454 2282 527 2305; x_wconf 90' lang='lat' dir='ltr'>cum</span> <span class='ocrx_word' id='word_1_411' title='bbox 554 2274 693 2305; x_wconf 89' lang='lat' dir='ltr'>dimidio</span> <span class='ocrx_word' id='word_1_412' title='bbox 720 2274 750 2305; x_wconf 91' lang='lat' dir='ltr'>in</span> <span class='ocrx_word' id='word_1_413' title='bbox 778 2274 951 2305; x_wconf 90' lang='lat' dir='ltr'>latitudine</span> <span class='ocrx_word' id='word_1_414' title='bbox 976 2276 1102 2306; x_wconf 89' lang='lat' dir='ltr'>tantum</span> <span class='ocrx_word' id='word_1_415' title='bbox 1129 2275 1170 2306; x_wconf 87' lang='lat' dir='ltr'>de</span> <span class='ocrx_word' id='word_1_416' title='bbox 1195 2275 1286 2306; x_wconf 90' lang='lat' dir='ltr'>dicto</span> <span class='ocrx_word' id='word_1_417' title='bbox 1312 2276 1486 2313; x_wconf 85' lang='lat' dir='ltr'>sedimine,</span> <span class='ocrx_word' id='word_1_418' title='bbox 1512 2278 1673 2316; x_wconf 86' lang='lat' dir='ltr'>quantum</span> <span class='ocrx_word' id='word_1_419' title='bbox 1711 2278 1761 2308; x_wconf 88' lang='lat' dir='ltr'>est</span> <span class='ocrx_word' id='word_1_420' title='bbox 1800 2277 1906 2317; x_wconf 86' lang='lat' dir='ltr'>longi-</span> 
     </span>
     <span class='ocr_line' id='line_1_34' title="bbox 93 2335 1904 2379; baseline 0.002 -13"><span class='ocrx_word' id='word_1_421' title='bbox 93 2335 173 2366; x_wconf 89' lang='lat' dir='ltr'>tudo</span> <span class='ocrx_word' id='word_1_422' title='bbox 200 2335 298 2366; x_wconf 89' lang='lat' dir='ltr'>unius</span> <span class='ocrx_word' id='word_1_423' title='bbox 323 2335 456 2366; x_wconf 92' lang='lat' dir='ltr'>madoni</span> <span class='ocrx_word' id='word_1_424' title='bbox 483 2344 541 2367; x_wconf 89' lang='lat' dir='ltr'>seu</span> <span class='ocrx_word' id='word_1_425' title='bbox 569 2335 692 2376; x_wconf 88' lang='lat' dir='ltr'>lapidis</span> <span class='ocrx_word' id='word_1_426' title='bbox 718 2336 813 2373; x_wconf 89' lang='lat' dir='ltr'>cocti,</span> <span class='ocrx_word' id='word_1_427' title='bbox 840 2339 871 2367; x_wconf 94' lang='lat' dir='ltr'>et</span> <span class='ocrx_word' id='word_1_428' title='bbox 897 2336 927 2367; x_wconf 91' lang='lat' dir='ltr'>in</span> <span class='ocrx_word' id='word_1_429' title='bbox 954 2337 1043 2368; x_wconf 89' lang='lat' dir='ltr'>dicta</span> <span class='ocrx_word' id='word_1_430' title='bbox 1070 2336 1277 2377; x_wconf 85' lang='lat' dir='ltr'>longitudine</span> <span class='ocrx_word' id='word_1_431' title='bbox 1304 2337 1392 2369; x_wconf 91' lang='lat' dir='ltr'>dicte</span> <span class='ocrx_word' id='word_1_432' title='bbox 1418 2338 1527 2369; x_wconf 86' lang='lat' dir='ltr'>fiende</span> <span class='ocrx_word' id='word_1_433' title='bbox 1554 2338 1680 2378; x_wconf 87' lang='lat' dir='ltr'>capelle</span> <span class='ocrx_word' id='word_1_434' title='bbox 1718 2347 1825 2379; x_wconf 79' lang='lat' dir='ltr'>usque</span> <span class='ocrx_word' id='word_1_435' title='bbox 1862 2339 1904 2370; x_wconf 89' lang='lat' dir='ltr'>ad</span> 
     </span>
     <span class='ocr_line' id='line_1_35' title="bbox 94 2396 1904 2441; baseline 0.002 -13"><span class='ocrx_word' id='word_1_436' title='bbox 94 2396 218 2428; x_wconf 90' lang='lat' dir='ltr'>dictum</span> <span class='ocrx_word' id='word_1_437' title='bbox 245 2406 373 2428; x_wconf 91' lang='lat' dir='ltr'>murum</span> <span class='ocrx_word' id='word_1_438' title='bbox 400 2398 654 2429; x_wconf 89' lang='lat' dir='ltr'>intermediante</span> <span class='ocrx_word' id='word_1_439' title='bbox 680 2398 804 2429; x_wconf 90' lang='lat' dir='ltr'>dictum</span> <span class='ocrx_word' id='word_1_440' title='bbox 831 2400 938 2429; x_wconf 92' lang='lat' dir='ltr'>ortum</span> <span class='ocrx_word' id='word_1_441' title='bbox 965 2401 996 2430; x_wconf 90' lang='lat' dir='ltr'>et</span> <span class='ocrx_word' id='word_1_442' title='bbox 1022 2399 1147 2430; x_wconf 88' lang='lat' dir='ltr'>dictum</span> <span class='ocrx_word' id='word_1_443' title='bbox 1173 2399 1324 2430; x_wconf 87' lang='lat' dir='ltr'>sedimen</span> <span class='ocrx_word' id='word_1_444' title='bbox 1353 2409 1412 2439; x_wconf 87' lang='lat' dir='ltr'>pro</span> <span class='ocrx_word' id='word_1_445' title='bbox 1439 2400 1512 2440; x_wconf 90' lang='lat' dir='ltr'>ipsa</span> <span class='ocrx_word' id='word_1_446' title='bbox 1538 2400 1648 2432; x_wconf 82' lang='lat' dir='ltr'>fienda</span> <span class='ocrx_word' id='word_1_447' title='bbox 1682 2401 1810 2441; x_wconf 90' lang='lat' dir='ltr'>capella</span> <span class='ocrx_word' id='word_1_448' title='bbox 1846 2402 1904 2432; x_wconf 91' lang='lat' dir='ltr'>ho-</span> 
     </span>
     <span class='ocr_line' id='line_1_36' title="bbox 98 2459 1904 2501; baseline 0.003 -12"><span class='ocrx_word' id='word_1_449' title='bbox 98 2459 244 2496; x_wconf 84' lang='lat' dir='ltr'>norifice,</span> <span class='ocrx_word' id='word_1_450' title='bbox 271 2459 370 2490; x_wconf 92' lang='lat' dir='ltr'>modo</span> <span class='ocrx_word' id='word_1_451' title='bbox 396 2461 427 2491; x_wconf 91' lang='lat' dir='ltr'>et</span> <span class='ocrx_word' id='word_1_452' title='bbox 452 2459 558 2491; x_wconf 88' lang='lat' dir='ltr'>forma</span> <span class='ocrx_word' id='word_1_453' title='bbox 584 2469 622 2491; x_wconf 91' lang='lat' dir='ltr'>ac</span> <span class='ocrx_word' id='word_1_454' title='bbox 649 2460 920 2497; x_wconf 89' lang='lat' dir='ltr'>condicionibus,</span> <span class='ocrx_word' id='word_1_455' title='bbox 938 2461 1063 2500; x_wconf 80' lang='lat' dir='ltr'>quibus</span> <span class='ocrx_word' id='word_1_456' title='bbox 1090 2461 1120 2491; x_wconf 93' lang='lat' dir='ltr'>in</span> <span class='ocrx_word' id='word_1_457' title='bbox 1148 2461 1221 2501; x_wconf 88' lang='lat' dir='ltr'>ipsa</span> <span class='ocrx_word' id='word_1_458' title='bbox 1247 2461 1353 2501; x_wconf 87' lang='lat' dir='ltr'>prima</span> <span class='ocrx_word' id='word_1_459' title='bbox 1373 2461 1511 2493; x_wconf 89' lang='lat' dir='ltr'>licencia</span> <span class='ocrx_word' id='word_1_460' title='bbox 1537 2463 1571 2493; x_wconf 87' lang='lat' dir='ltr'>fit</span> <span class='ocrx_word' id='word_1_461' title='bbox 1598 2463 1738 2494; x_wconf 87' lang='lat' dir='ltr'>mencio.</span> <span class='ocrx_word' id='word_1_462' title='bbox 1766 2462 1804 2494; x_wconf 83' lang='lat' dir='ltr'>Et</span> <span class='ocrx_word' id='word_1_463' title='bbox 1831 2463 1904 2500; x_wconf 89' lang='lat' dir='ltr'>hoc,</span> 
     </span>
     <span class='ocr_line' id='line_1_37' title="bbox 94 2516 1905 2564; baseline 0.003 -13"><span class='ocrx_word' id='word_1_464' title='bbox 94 2521 120 2551; x_wconf 89' lang='lat' dir='ltr'>si</span> <span class='ocrx_word' id='word_1_465' title='bbox 147 2523 177 2551; x_wconf 92' lang='lat' dir='ltr'>et</span> <span class='ocrx_word' id='word_1_466' title='bbox 203 2521 385 2552; x_wconf 91' lang='lat' dir='ltr'>dummodo</span> <span class='ocrx_word' id='word_1_467' title='bbox 410 2522 503 2562; x_wconf 90' lang='lat' dir='ltr'>prius</span> <span class='ocrx_word' id='word_1_468' title='bbox 529 2522 616 2553; x_wconf 89' lang='lat' dir='ltr'>dicta</span> <span class='ocrx_word' id='word_1_469' title='bbox 643 2522 780 2554; x_wconf 88' lang='lat' dir='ltr'>licencia</span> <span class='ocrx_word' id='word_1_470' title='bbox 807 2523 996 2554; x_wconf 88' lang='lat' dir='ltr'>obtineatur</span> <span class='ocrx_word' id='word_1_471' title='bbox 1021 2516 1052 2554; x_wconf 82' lang='lat' dir='ltr'>et</span> <span class='ocrx_word' id='word_1_472' title='bbox 1078 2524 1213 2555; x_wconf 88' lang='lat' dir='ltr'>obtenta</span> <span class='ocrx_word' id='word_1_473' title='bbox 1240 2524 1458 2564; x_wconf 85' lang='lat' dir='ltr'>consignetur</span> <span class='ocrx_word' id='word_1_474' title='bbox 1494 2525 1584 2556; x_wconf 91' lang='lat' dir='ltr'>dicto</span> <span class='ocrx_word' id='word_1_475' title='bbox 1621 2525 1836 2563; x_wconf 83' lang='lat' dir='ltr'>monasterio,</span> <span class='ocrx_word' id='word_1_476' title='bbox 1873 2527 1905 2557; x_wconf 93' lang='lat' dir='ltr'>et</span> 
     </span>
     <span class='ocr_line' id='line_1_38' title="bbox 94 2582 1905 2623; baseline 0.003 -10"><span class='ocrx_word' id='word_1_477' title='bbox 94 2582 196 2619; x_wconf 82' lang='lat' dir='ltr'>aliter,</span> <span class='ocrx_word' id='word_1_478' title='bbox 223 2585 256 2614; x_wconf 87' lang='lat' dir='ltr'>ut</span> <span class='ocrx_word' id='word_1_479' title='bbox 282 2586 516 2623; x_wconf 86' lang='lat' dir='ltr'>protestantur,</span> <span class='ocrx_word' id='word_1_480' title='bbox 543 2585 683 2616; x_wconf 86' lang='lat' dir='ltr'>eandem</span> <span class='ocrx_word' id='word_1_481' title='bbox 711 2585 883 2616; x_wconf 89' lang='lat' dir='ltr'>licenciam</span> <span class='ocrx_word' id='word_1_482' title='bbox 919 2585 1035 2616; x_wconf 89' lang='lat' dir='ltr'>facturi</span> <span class='ocrx_word' id='word_1_483' title='bbox 1064 2594 1128 2616; x_wconf 86' lang='lat' dir='ltr'>non</span> <span class='ocrx_word' id='word_1_484' title='bbox 1155 2585 1308 2617; x_wconf 85' lang='lat' dir='ltr'>fuissent.</span> <span class='ocrx_word' id='word_1_485' title='bbox 1336 2585 1374 2618; x_wconf 83' lang='lat' dir='ltr'>Et</span> <span class='ocrx_word' id='word_1_486' title='bbox 1400 2587 1426 2617; x_wconf 91' lang='lat' dir='ltr'>si</span> <span class='ocrx_word' id='word_1_487' title='bbox 1454 2589 1484 2617; x_wconf 86' lang='lat' dir='ltr'>et</span> <span class='ocrx_word' id='word_1_488' title='bbox 1509 2587 1693 2618; x_wconf 92' lang='lat' dir='ltr'>dummodo</span> <span class='ocrx_word' id='word_1_489' title='bbox 1729 2587 1905 2619; x_wconf 87' lang='lat' dir='ltr'>claudatur</span> 
     </span>
     <span class='ocr_line' id='line_1_39' title="bbox 93 2644 1901 2690; baseline 0.003 -15"><span class='ocrx_word' id='word_1_490' title='bbox 93 2644 133 2675; x_wconf 89' lang='lat' dir='ltr'>de</span> <span class='ocrx_word' id='word_1_491' title='bbox 160 2645 256 2675; x_wconf 90' lang='lat' dir='ltr'>bonis</span> <span class='ocrx_word' id='word_1_492' title='bbox 283 2645 451 2685; x_wconf 89' lang='lat' dir='ltr'>lapidibus</span> <span class='ocrx_word' id='word_1_493' title='bbox 477 2647 582 2678; x_wconf 92' lang='lat' dir='ltr'>coctis</span> <span class='ocrx_word' id='word_1_494' title='bbox 608 2648 639 2678; x_wconf 94' lang='lat' dir='ltr'>et</span> <span class='ocrx_word' id='word_1_495' title='bbox 665 2647 754 2678; x_wconf 90' lang='lat' dir='ltr'>calce</span> <span class='ocrx_word' id='word_1_496' title='bbox 780 2647 928 2678; x_wconf 85' lang='lat' dir='ltr'>foramen</span> <span class='ocrx_word' id='word_1_497' title='bbox 954 2647 1077 2678; x_wconf 87' lang='lat' dir='ltr'>factum</span> <span class='ocrx_word' id='word_1_498' title='bbox 1106 2648 1136 2678; x_wconf 91' lang='lat' dir='ltr'>in</span> <span class='ocrx_word' id='word_1_499' title='bbox 1163 2648 1253 2679; x_wconf 92' lang='lat' dir='ltr'>dicto</span> <span class='ocrx_word' id='word_1_500' title='bbox 1295 2657 1388 2679; x_wconf 89' lang='lat' dir='ltr'>muro</span> <span class='ocrx_word' id='word_1_501' title='bbox 1426 2649 1678 2681; x_wconf 86' lang='lat' dir='ltr'>intermediante</span> <span class='ocrx_word' id='word_1_502' title='bbox 1718 2652 1750 2680; x_wconf 89' lang='lat' dir='ltr'>ut</span> <span class='ocrx_word' id='word_1_503' title='bbox 1788 2658 1901 2690; x_wconf 87' lang='lat' dir='ltr'>supra,</span> 
     </span>
     <span class='ocr_line' id='line_1_40' title="bbox 95 2707 1900 2751; baseline 0.003 -14"><span class='ocrx_word' id='word_1_504' title='bbox 95 2707 251 2738; x_wconf 87' lang='lat' dir='ltr'>mandato</span> <span class='ocrx_word' id='word_1_505' title='bbox 277 2707 476 2748; x_wconf 86' lang='lat' dir='ltr'>infrascripti</span> <span class='ocrx_word' id='word_1_506' title='bbox 503 2709 628 2740; x_wconf 90' lang='lat' dir='ltr'>domini</span> <span class='ocrx_word' id='word_1_507' title='bbox 656 2708 791 2747; x_wconf 84' lang='lat' dir='ltr'>Prioris,</span> <span class='ocrx_word' id='word_1_508' title='bbox 817 2710 1009 2749; x_wconf 84' lang='lat' dir='ltr'>sumptibus</span> <span class='ocrx_word' id='word_1_509' title='bbox 1035 2712 1065 2741; x_wconf 90' lang='lat' dir='ltr'>et</span> <span class='ocrx_word' id='word_1_510' title='bbox 1091 2710 1253 2750; x_wconf 87' lang='lat' dir='ltr'>expensis</span> <span class='ocrx_word' id='word_1_511' title='bbox 1280 2711 1387 2751; x_wconf 89' lang='lat' dir='ltr'>ipsius</span> <span class='ocrx_word' id='word_1_512' title='bbox 1413 2711 1539 2742; x_wconf 86' lang='lat' dir='ltr'>domini</span> <span class='ocrx_word' id='word_1_513' title='bbox 1578 2711 1733 2743; x_wconf 92' lang='lat' dir='ltr'>lohannis</span> <span class='ocrx_word' id='word_1_514' title='bbox 1760 2714 1791 2743; x_wconf 92' lang='lat' dir='ltr'>et</span> <span class='ocrx_word' id='word_1_515' title='bbox 1822 2713 1900 2743; x_wconf 91' lang='lat' dir='ltr'>dicti</span> 
     </span>
     <span class='ocr_line' id='line_1_41' title="bbox 94 2767 1901 2812; baseline 0.003 -13"><span class='ocrx_word' id='word_1_516' title='bbox 94 2768 218 2799; x_wconf 86' lang='lat' dir='ltr'>domini</span> <span class='ocrx_word' id='word_1_517' title='bbox 245 2767 378 2801; x_wconf 73' lang='lat' dir='ltr'>prioris.</span> <span class='ocrx_word' id='word_1_518' title='bbox 405 2769 443 2801; x_wconf 86' lang='lat' dir='ltr'>Et</span> <span class='ocrx_word' id='word_1_519' title='bbox 469 2771 529 2802; x_wconf 93' lang='lat' dir='ltr'>hec</span> <span class='ocrx_word' id='word_1_520' title='bbox 555 2772 666 2803; x_wconf 93' lang='lat' dir='ltr'>omnia</span> <span class='ocrx_word' id='word_1_521' title='bbox 692 2772 917 2811; x_wconf 84' lang='lat' dir='ltr'>presentibus,</span> <span class='ocrx_word' id='word_1_522' title='bbox 955 2772 1159 2803; x_wconf 86' lang='lat' dir='ltr'>instantibus</span> <span class='ocrx_word' id='word_1_523' title='bbox 1185 2774 1215 2803; x_wconf 91' lang='lat' dir='ltr'>et</span> <span class='ocrx_word' id='word_1_524' title='bbox 1241 2773 1488 2812; x_wconf 87' lang='lat' dir='ltr'>requirentibus</span> <span class='ocrx_word' id='word_1_525' title='bbox 1526 2774 1718 2805; x_wconf 89' lang='lat' dir='ltr'>reverendis</span> <span class='ocrx_word' id='word_1_526' title='bbox 1755 2774 1901 2805; x_wconf 80' lang='lat' dir='ltr'>dominis</span> 
     </span>
     <span class='ocr_line' id='line_1_42' title="bbox 95 2830 1900 2876; baseline 0.004 -16"><span class='ocrx_word' id='word_1_527' title='bbox 95 2830 253 2870; x_wconf 88' lang='lat' dir='ltr'>magistro</span> <span class='ocrx_word' id='word_1_528' title='bbox 293 2830 505 2863; x_wconf 85' lang='lat' dir='ltr'>Manfredino</span> <span class='ocrx_word' id='word_1_529' title='bbox 530 2833 572 2864; x_wconf 92' lang='lat' dir='ltr'>de</span> <span class='ocrx_word' id='word_1_530' title='bbox 598 2833 791 2865; x_wconf 87' lang='lat' dir='ltr'>Mombreto</span> <span class='ocrx_word' id='word_1_531' title='bbox 828 2832 941 2865; x_wconf 86' lang='lat' dir='ltr'>Priore</span> <span class='ocrx_word' id='word_1_532' title='bbox 967 2836 997 2865; x_wconf 90' lang='lat' dir='ltr'>et</span> <span class='ocrx_word' id='word_1_533' title='bbox 1024 2834 1183 2874; x_wconf 83' lang='lat' dir='ltr'>magistro</span> <span class='ocrx_word' id='word_1_534' title='bbox 1220 2832 1392 2874; x_wconf 88' lang='lat' dir='ltr'>Stephano</span> <span class='ocrx_word' id='word_1_535' title='bbox 1417 2835 1458 2866; x_wconf 91' lang='lat' dir='ltr'>de</span> <span class='ocrx_word' id='word_1_536' title='bbox 1484 2835 1625 2866; x_wconf 80' lang='lat' dir='ltr'>Masinis</span> <span class='ocrx_word' id='word_1_537' title='bbox 1664 2836 1832 2876; x_wconf 85' lang='lat' dir='ltr'>magistris</span> <span class='ocrx_word' id='word_1_538' title='bbox 1870 2836 1900 2866; x_wconf 94' lang='lat' dir='ltr'>in</span> 
     </span>
     <span class='ocr_line' id='line_1_43' title="bbox 94 2893 1902 2936; baseline 0.004 -14"><span class='ocrx_word' id='word_1_539' title='bbox 94 2899 188 2923; x_wconf 89' lang='lat' dir='ltr'>sacra</span> <span class='ocrx_word' id='word_1_540' title='bbox 214 2893 335 2933; x_wconf 88' lang='lat' dir='ltr'>pagina</span> <span class='ocrx_word' id='word_1_541' title='bbox 361 2896 545 2926; x_wconf 90' lang='lat' dir='ltr'>conventus</span> <span class='ocrx_word' id='word_1_542' title='bbox 571 2896 678 2927; x_wconf 89' lang='lat' dir='ltr'>sancti</span> <span class='ocrx_word' id='word_1_543' title='bbox 705 2895 883 2936; x_wconf 88' lang='lat' dir='ltr'>Augustini</span> <span class='ocrx_word' id='word_1_544' title='bbox 911 2895 1014 2936; x_wconf 78' lang='lat' dir='ltr'>Papie</span> <span class='ocrx_word' id='word_1_545' title='bbox 1032 2898 1063 2927; x_wconf 90' lang='lat' dir='ltr'>et</span> <span class='ocrx_word' id='word_1_546' title='bbox 1082 2896 1346 2928; x_wconf 86' lang='lat' dir='ltr'>venerabillibus</span> <span class='ocrx_word' id='word_1_547' title='bbox 1372 2897 1517 2929; x_wconf 90' lang='lat' dir='ltr'>dominis</span> <span class='ocrx_word' id='word_1_548' title='bbox 1544 2897 1642 2929; x_wconf 83' lang='lat' dir='ltr'>fratre</span> <span class='ocrx_word' id='word_1_549' title='bbox 1662 2898 1802 2929; x_wconf 82' lang='lat' dir='ltr'>Marcho</span> <span class='ocrx_word' id='word_1_550' title='bbox 1821 2899 1902 2929; x_wconf 91' lang='lat' dir='ltr'>sub-</span> 
     </span>
     <span class='ocr_line' id='line_1_44' title="bbox 94 2953 1899 2999; baseline 0.004 -16"><span class='ocrx_word' id='word_1_551' title='bbox 94 2953 213 2992; x_wconf 87' lang='lat' dir='ltr'>priore,</span> <span class='ocrx_word' id='word_1_552' title='bbox 239 2953 336 2986; x_wconf 84' lang='lat' dir='ltr'>fratre</span> <span class='ocrx_word' id='word_1_553' title='bbox 361 2953 495 2987; x_wconf 88' lang='lat' dir='ltr'>Simone</span> <span class='ocrx_word' id='word_1_554' title='bbox 521 2955 733 2995; x_wconf 74' lang='lat' dir='ltr'>Trovamata,</span> <span class='ocrx_word' id='word_1_555' title='bbox 759 2957 857 2989; x_wconf 86' lang='lat' dir='ltr'>fratre</span> <span class='ocrx_word' id='word_1_556' title='bbox 896 2957 1066 2997; x_wconf 79' lang='lat' dir='ltr'>Raphaele</span> <span class='ocrx_word' id='word_1_557' title='bbox 1091 2957 1132 2989; x_wconf 91' lang='lat' dir='ltr'>de</span> <span class='ocrx_word' id='word_1_558' title='bbox 1159 2957 1297 2998; x_wconf 78' lang='lat' dir='ltr'>Rapalo,</span> <span class='ocrx_word' id='word_1_559' title='bbox 1335 2958 1433 2990; x_wconf 86' lang='lat' dir='ltr'>fratre</span> <span class='ocrx_word' id='word_1_560' title='bbox 1471 2958 1651 2990; x_wconf 88' lang='lat' dir='ltr'>Ambrosio</span> <span class='ocrx_word' id='word_1_561' title='bbox 1688 2960 1729 2990; x_wconf 89' lang='lat' dir='ltr'>de</span> <span class='ocrx_word' id='word_1_562' title='bbox 1767 2958 1899 2999; x_wconf 87' lang='lat' dir='ltr'>Scopis,</span> 
     </span>
    </p>
   </div>
   <div class='ocr_carea' id='block_1_2' title="bbox 150 3095 1786 3134">
    <p class='ocr_par' dir='ltr' id='par_1_2' title="bbox 150 3095 1786 3134">
     <span class='ocr_line' id='line_1_45' title="bbox 150 3095 1786 3134; baseline 0.002 -10"><span class='ocrx_word' id='word_1_563' title='bbox 150 3100 179 3124; x_wconf 85' lang='lat'>(1)</span> <span class='ocrx_word' id='word_1_564' title='bbox 195 3095 211 3122; x_wconf 73' lang='grc' dir='ltr'>ἰΞ</span> <span class='ocrx_word' id='word_1_565' title='bbox 227 3101 240 3122; x_wconf 86' lang='lat' dir='ltr'>il</span> <span class='ocrx_word' id='word_1_566' title='bbox 256 3101 376 3124; x_wconf 82' lang='lat' dir='ltr'>Cardinale</span> <span class='ocrx_word' id='word_1_567' title='bbox 392 3103 494 3125; x_wconf 83' lang='lat' dir='ltr'>Gerardo</span> <span class='ocrx_word' id='word_1_568' title='bbox 511 3105 639 3131; x_wconf 80' lang='lat' dir='ltr'>Landriani,</span> <span class='ocrx_word' id='word_1_569' title='bbox 657 3107 731 3127; x_wconf 80' lang='lat' dir='ltr'>morto</span> <span class='ocrx_word' id='word_1_570' title='bbox 752 3106 787 3127; x_wconf 79' lang='lat' dir='ltr'>nel</span> <span class='ocrx_word' id='word_1_571' title='bbox 813 3107 869 3131; x_wconf 70' lang='lat'>1445,</span> <span class='ocrx_word' id='word_1_572' title='bbox 892 3106 913 3126; x_wconf 85' lang='lat' dir='ltr'>di</span> <span class='ocrx_word' id='word_1_573' title='bbox 936 3106 971 3126; x_wconf 87' lang='lat' dir='ltr'>cui</span> <span class='ocrx_word' id='word_1_574' title='bbox 1028 3106 1078 3126; x_wconf 83' lang='lat' dir='ltr'>vedi</span> <span class='ocrx_word' id='word_1_575' title='bbox 1096 3106 1118 3126; x_wconf 74' lang='grc' dir='ltr'>Ι..</span> <span class='ocrx_word' id='word_1_576' title='bbox 1136 3105 1243 3131; x_wconf 70' lang='lat' dir='ltr'>PASTOR.</span> <span class='ocrx_word' id='word_1_577' title='bbox 1261 3106 1342 3128; x_wconf 73' lang='lat' dir='ltr'>Storia</span> <span class='ocrx_word' id='word_1_578' title='bbox 1358 3107 1396 3128; x_wconf 80' lang='lat' dir='ltr'>dei</span> <span class='ocrx_word' id='word_1_579' title='bbox 1412 3107 1478 3133; x_wconf 74' lang='lat' dir='ltr'>Papi,</span> <span class='ocrx_word' id='word_1_580' title='bbox 1495 3108 1539 3128; x_wconf 69' lang='lat' dir='ltr'>vol,</span> <span class='ocrx_word' id='word_1_581' title='bbox 1559 3108 1573 3133; x_wconf 74' lang='lat'>1,</span> <span class='ocrx_word' id='word_1_582' title='bbox 1591 3113 1643 3134; x_wconf 69' lang='lat' dir='ltr'>pag,</span> <span class='ocrx_word' id='word_1_583' title='bbox 1660 3108 1699 3128; x_wconf 80' lang='grc'>226</span> <span class='ocrx_word' id='word_1_584' title='bbox 1714 3113 1725 3128; x_wconf 87' lang='lat' dir='ltr'>e</span> <span class='ocrx_word' id='word_1_585' title='bbox 1741 3108 1786 3128; x_wconf 62' lang='lat'>235,</span> 
     </span>
    </p>
   </div>
  </div>
 </body>
</html>
