2347 3444
305 178 367 211 136

300 313 380 344 dicti
406 311 544 344 Ordinis
570 313 786 345 observantie
813 313 975 353 regularis
1002 313 1032 343 in
1059 320 1180 352 genere
1206 311 1380 342 concessis
1407 310 1451 341 uti
1480 310 1611 341 valeant
1629 313 1660 342 et
1678 310 1836 351 gaudere,
1855 310 1971 342 eadem
1998 313 2114 343 aucto-

301 375 394 406 ritate
421 375 640 406 concedimus
666 384 723 415 per
749 377 936 415 presentes
963 375 1032 405 iure
1059 376 1168 404 tamen
1197 372 1401 412 parochialis
1438 372 1594 410 ecclesie,
1633 371 1716 403 intra
1753 372 1851 403 cuius
1877 372 1998 404 limites
2023 373 2111 404 dicta

300 437 459 477 erigenda
484 437 606 468 domus
631 437 794 473 consistit,
820 439 851 468 et
877 436 1057 467 cuiuslibet
1083 435 1220 466 alterius
1247 435 1278 465 in
1304 434 1462 465 omnibus
1488 442 1622 474 semper
1647 434 1754 465 salvo.
1781 432 1855 466 Dat.
1882 433 1996 472 Rome,
2022 434 2112 474 apud

300 501 452 530 sanctum
491 498 655 535 Marcum,
692 507 780 529 anno
821 497 1063 529 incarnationis
1101 495 1277 527 Dominicc
1314 495 1492 527 millesimo
1528 496 1864 537 quadringentesimo
1897 497 2114 537 sexagesimo

300 561 427 601 quinto,
453 564 552 592 sexto
578 560 741 592 kalendas
767 559 968 596 decembris,
996 558 1217 589 Pontificatus
1243 558 1346 589 nostri
1373 567 1462 589 anno
1488 558 1650 589 secundo.

387 623 413 654 A
441 625 555 662 tergo:
581 622 678 653 Anno
703 623 745 653 ab
773 621 898 652 incarn.
933 620 994 651 Do.
1030 618 1278 652 MCCCCLXV
1303 620 1357 652 die
1385 620 1452 652 Vlll
1483 620 1652 652 decembr.
1680 621 1916 661 retroscriptus
1949 621 2115 661 presbiter

301 683 340 716 D.
360 684 525 716 lohannes
551 682 745 724 Stephanus
771 683 942 714 consensit
970 682 1186 723 resignationi
1213 685 1244 714 et
1271 683 1328 714 litt.
1355 682 1564 723 expeditioni
1592 685 1622 714 et
1649 683 1780 714 iuravit.

1075 856 1338 897 CCCXIII.

387 976 605 1004 Esecuzione
631 975 725 1003 della
750 974 847 1003 bolla
872 974 907 1003 di
933 975 1045 1003 Paolo
1069 975 1100 1002 11
1123 983 1185 1011 per
1211 975 1244 1002 la
1271 974 1392 1003 chiesa
1419 974 1454 1003 di
1480 974 1515 1003 S.
1543 975 1667 1003 Paolo.

1043 1088 1183 1113 1466
1203 1108 1318 1114 .....
1338 1088 1364 1118 (l

862 1177 939 1198 (Arcu.
957 1177 978 1197 di
994 1176 1062 1198 Stato
1078 1177 1099 1197 di
1116 1177 1211 1198 Milano.
1228 1188 1252 1191 —
1268 1177 1332 1198 Bolle
1347 1183 1359 1198 e
1375 1177 1441 1198 Brevi
1459 1176 1554 1203 Papali).

316 1402 317 1426 ἢ
365 1363 489 1479 U
546 1379 709 1407 NlVERSIS
733 1378 764 1406 et
790 1374 934 1415 singulis
961 1376 1135 1414 presentes
1162 1374 1288 1405 litteras
1314 1382 1373 1405 seu
1400 1382 1541 1414 presens
1579 1374 1751 1415 publicum
1786 1375 2042 1406 instrumentum
2069 1375 2118 1406 in-

568 1438 746 1479 specturis,
773 1438 908 1475 visuris,
935 1437 1071 1469 lecturis
1098 1438 1221 1478 pariter
1246 1440 1277 1468 et
1303 1437 1468 1468 audituris
1487 1446 1525 1469 ac
1544 1446 1686 1477 quorum
1706 1437 1842 1469 interest
1867 1446 1926 1469 seu
1954 1438 2116 1470 interesse

326 1536 356 1537 ᾗ
382 1536 417 1537 j
569 1502 698 1541 poterit,
725 1510 880 1542 quosque
907 1501 1157 1541 infrascriptum
1176 1501 1281 1542 tangit
1300 1501 1471 1541 negotium
1489 1509 1548 1531 seu
1568 1502 1704 1540 tangere
1723 1499 1843 1540 poterit
1861 1500 2115 1540 quomodolibet

301 1564 331 1594 in
359 1564 515 1601 futurum,
542 1565 763 1595 communiter
789 1564 840 1595 vel
867 1563 1512 1604 divisim,quibuscumquenominibus
1530 1564 1731 1594 censeantur
1756 1564 1786 1593 et
1815 1571 2028 1603 quacumque
2043 1571 2117 1603 pre-

299 1626 448 1666 fulgeant
474 1626 647 1666 dignitate,
685 1625 886 1657 Dominicus
911 1626 952 1657 de
979 1624 1083 1658 Costa
1109 1626 1369 1666 archipresbiter
1406 1625 1555 1657 Ecclesie
1592 1624 1784 1665 Papiensis,
1817 1625 1930 1663 iudex,
1956 1625 2115 1656 commis-

299 1689 409 1720 sarius
435 1698 472 1720 ac
500 1691 662 1720 executor
688 1689 809 1720 unicus
835 1689 876 1720 ad
904 1688 1116 1729 infrascripta
1143 1698 1161 1720 a
1187 1687 1273 1720 Sede
1300 1687 1497 1728 Apostolica
1522 1688 1715 1728 specialiter
1751 1687 1944 1727 deputatus,
1971 1687 2113 1719 salutem

299 1751 330 1782 in
357 1750 502 1783 Domino
528 1753 559 1783 et
585 1752 709 1783 nostris
713 1777 798 1783 ........
824 1752 961 1783 firmiter
975 1751 1112 1783 obedire
1127 1751 1305 1782 mandatis.
1332 1750 1473 1782 Litteras
1497 1750 1702 1782 sanctissimi
1729 1751 1760 1781 in
1787 1748 1923 1782 Christo
1948 1749 2057 1781 Patris
2083 1752 2114 1782 et

298 1814 424 1845 domini
462 1814 588 1845 domini
628 1813 722 1845 Pauli
761 1814 875 1845 divina
913 1813 1131 1845 Providentia
1168 1812 1260 1854 Pape
1297 1813 1448 1851 secundi,
1486 1822 1561 1844 cum
1587 1813 1725 1844 cordula
1751 1813 1891 1853 canapis
1918 1821 1995 1844 vera
2022 1812 2113 1844 bulla

299 1876 458 1916 plumbea
485 1877 593 1917 ipsius
619 1877 745 1908 domini
752 1898 883 1908 ............
911 1876 1078 1917 pendente
1119 1876 1275 1914 bullatas,
1313 1884 1415 1907 sanas
1452 1876 1619 1916 siquidem
1646 1877 1677 1907 et
1703 1876 1859 1917 integras,
1886 1885 1951 1907 non
1977 1875 2111 1907 vitiatas

300 1947 365 1969 non
391 1939 605 1973 cancellatas,
633 1948 693 1970 nec
721 1940 751 1969 in
778 1939 891 1978 aliqua
918 1939 969 1970 sui
996 1941 1089 1979 parte
1126 1940 1317 1978 suspectas,
1355 1938 1414 1970 sed
1453 1938 1542 1969 omni
1581 1947 1720 1979 prorsus
1746 1938 1834 1969 vicio
1860 1947 1898 1969 ac
1925 1938 2115 1978 suspitione

300 2003 452 2032 carentes
457 2027 698 2032 ......................
735 2000 873 2032 Ordinis
912 2001 1154 2032 Heremitarum
1192 2001 1298 2032 sancti
1325 2000 1504 2041 Augustini
1531 2001 1754 2032 observancie
1788 2001 1950 2041 regularis
1975 2002 2040 2032 tam
2067 2000 2117 2041 ip-

299 2072 412 2095 sorum
438 2072 538 2103 quam
565 2063 706 2095 aliorum
732 2063 870 2094 fratrum
896 2063 1048 2095 eiusdem
1075 2062 1214 2095 Ordinis
1240 2063 1430 2094 absentium
1458 2063 1696 2094 nominibus...
1723 2063 1850 2094 eisdem
1889 2063 2005 2094 litteris
2030 2071 2113 2103 apo-

300 2126 429 2157 stolicis
456 2126 685 2166 principaliter
711 2126 901 2163 nominatis,
941 2135 1052 2157 coram
1091 2126 1219 2157 notario
1246 2126 1383 2166 publico
1409 2127 1439 2157 et
1465 2125 1609 2157 testibus
1643 2125 1865 2166 infrascriptis
1891 2126 2112 2166 presentatas,

302 2196 362 2219 nos
389 2197 463 2219 cum
490 2196 527 2219 ea
554 2197 620 2228 qua
645 2188 757 2219 decuit
783 2188 968 2219 reverentia
995 2188 1157 2219 noveritis
1184 2188 1366 2228 recepisse,
1404 2196 1544 2228 quarum
1571 2187 1706 2227 quidem
1741 2187 1922 2219 litterarum
1956 2187 2120 2228 apostoli-

303 2258 414 2281 carum
441 2252 535 2281 tenor
560 2250 600 2281 de
627 2250 731 2281 verbo
756 2250 797 2281 ad
825 2250 965 2282 verbum
992 2250 1143 2290 sequitur
1169 2252 1200 2282 et
1226 2252 1277 2281 est
1302 2250 1402 2281 talis:

393 2312 519 2344 Paulus
547 2312 740 2353 Episcopus
767 2321 899 2351 servus,
925 2315 986 2344 etc.
1012 2310 1131 2353 (segue
1156 2313 1189 2344 la
1214 2312 1303 2344 bolla
1328 2312 1381 2344 del
1402 2312 1449 2344 26
1471 2312 1643 2344 novembre
1671 2310 1782 2352 1465).

393 2374 473 2406 Post
499 2384 639 2414 quarum
666 2375 802 2415 quidem
830 2375 1011 2407 litterarum
1038 2375 1300 2415 apostolicarum
1339 2375 1622 2415 presentationem
1649 2377 1679 2406 et
1704 2375 1985 2406 auscultationem
2019 2375 2117 2406 nobis

305 2440 334 2467 et
361 2445 420 2476 per
445 2446 506 2468 nos
533 2441 565 2468 nt
592 2438 792 2477 premittitur
817 2437 934 2475 factas,
972 2438 1013 2468 de
1050 2438 1217 2468 contentis
1254 2439 1286 2469 et
1323 2437 1464 2468 narratis
1491 2437 1521 2468 in
1556 2437 1751 2477 preinsertis
1778 2437 1895 2468 litteris
1920 2437 2118 2478 apostolicis

307 2499 404 2529 nobis
442 2500 644 2535 commissis,
682 2502 779 2539 prout
817 2500 915 2531 nobis
953 2500 1185 2537 mandabatur,
1213 2499 1452 2539 inquisivimus
1478 2503 1508 2531 et
1542 2508 1604 2531 nos
1641 2499 1896 2531 informavimus
1931 2499 2116 2540 diligenter.

306 2560 453 2591 Tandem
481 2561 642 2591 scivimus
669 2570 727 2601 per
753 2561 902 2601 prefatos
940 2561 1108 2593 Vicarium
1135 2564 1166 2593 et
1193 2561 1322 2599 fratres,
1361 2570 1470 2592 coram
1498 2562 1596 2593 nobis
1635 2563 1771 2602 propter
1808 2562 1869 2593 lioc
1896 2561 2116 2602 personaliter

305 2622 506 2653 constitutos
531 2624 698 2662 quatenus
723 2623 764 2654 ad
792 2624 1027 2655 executionem
1066 2623 1229 2655 dictarum
1268 2623 1451 2655 litterarum
1485 2623 1748 2664 apostolicarum
1774 2625 1804 2654 et
1830 2625 2060 2654 contentorum
2087 2623 2118 2654 in

307 2684 434 2715 eisdem
461 2684 643 2724 procedere
681 2685 895 2725 dignaremur
933 2686 1025 2717 iuxta
1063 2687 1111 2717 tra
1115 2711 1166 2717 .....
1204 2686 1363 2717 directam
1402 2694 1460 2726 per
1496 2694 1556 2717 eos
1581 2694 1599 2716 a
1625 2684 1712 2717 Sede
1746 2685 1944 2726 Apostoliea
1970 2686 2120 2726 predicta

309 2745 407 2777 nobis
432 2745 582 2777 formam.
609 2746 680 2777 Nos
707 2747 806 2787 igitur
833 2746 1032 2779 Dominicus
1057 2748 1329 2788 archipresbiter,
1356 2748 1469 2786 iudex,
1507 2747 1761 2779 commissarius
1787 2756 1825 2779 ac
1851 2749 2012 2779 executor
2048 2756 2123 2788 pre-

311 2807 410 2846 fatus,
435 2808 648 2840 attendentes
686 2809 940 2849 requisitionem
978 2810 1173 2841 huiusmodi
1212 2809 1282 2841 tore
1309 2810 1430 2841 iustam
1456 2811 1487 2841 et
1513 2818 1696 2841 consonam
1735 2811 1864 2849 rationi,
1901 2811 2122 2851 volentesque

370 2966 400 2990 (l)
417 2965 446 2987 La
463 2971 600 2992 pergamena
617 2966 628 2987 e
644 2967 665 2987 in
688 2967 817 2988 condizioni
840 2968 868 2989 da
891 2974 935 2989 non
958 2971 1097 2994 permettere
1115 2970 1135 2990 la
1151 2970 1192 2990 let·
1246 2969 1294 2990 cisa
1309 2969 1430 2995 dell'atto,
1447 2974 1458 2990 e
1474 2969 1525 2990 solo
1540 2969 1560 2989 la
1575 2968 1696 2994 arguiamo
1712 2968 1733 2989 in
1749 2970 1815 2994 parte
1831 2968 1890 2989 dalla
1907 2968 1967 2989 bolla
1976 2968 2122 2994 precedente.

318 3012 370 3031 tura
386 3010 523 3032 dell'intero
539 3012 608 3032 testo.
625 3010 710 3036 Quindi
726 3017 771 3032 non
787 3012 838 3033 solo
853 3012 962 3033 abbiamo
985 3014 1066 3034 lacune
1082 3014 1139 3034 nella
1155 3019 1194 3034 no·
1249 3013 1321 3039 Quasi
1337 3014 1395 3035 sulla
1411 3013 1456 3035 tine
1472 3013 1508 3034 del
1524 3015 1586 3034 testo
1603 3014 1639 3039 poi
1656 3013 1670 3034 il
1686 3014 1777 3040 copista
1799 3013 1934 3039 inter-ruppe
1949 3013 1963 3033 il
1978 3018 2022 3034 suo
2041 3013 2122 3034 lavoro

319 3057 366 3075 stra
383 3055 568 3081 pubblicazione,
585 3060 620 3076 ma
636 3061 681 3076 non
697 3055 816 3081 possiamo
838 3056 893 3077 dare
917 3062 1021 3082 neppure
1037 3057 1056 3078 la
1073 3057 1127 3078 data
1143 3063 1193 3083 pre·
1247 3058 1269 3078 di
1285 3058 1443 3080 trascrizione.
