2347 3444
351 209 416 241 280

349 345 447 373 cantu
473 345 503 373 et
528 342 603 373 aliis
630 343 742 374 missis
769 344 799 374 in
827 352 908 374 voce
936 343 1047 374 bassis
1065 343 1213 373 omnium
1235 341 1381 372 Fratrum
1402 342 1510 381 ipsius
1527 344 1714 372 conventus
1729 340 1862 381 singulo
1877 349 1976 377 anno,
1991 342 2163 380 perpetu0‚

350 414 407 445 per
433 405 506 436 dies
532 409 676 445 quatuor
701 414 759 437 seu
787 410 852 436 tres
878 409 952 436 ante
979 406 1065 436 diem
1093 404 1212 435 festum
1240 403 1397 435 Omnium
1425 402 1622 435 Sanctorum
1648 403 1826 434 cuiuslibet
1851 404 1940 434 anni.
1959 402 1997 434 Et
2016 403 2078 433 lioc
2104 410 2164 442 pro

348 468 458 498 anima
484 472 514 498 et
541 468 572 498 in
600 468 830 499 remissionem
859 472 1069 507 peccatorum
1098 467 1205 506 ipsius
1231 466 1357 496 domini
1374 466 1553 503 testatoris,
1568 474 1605 496 ae
1623 466 1734 503 etiam,
1753 465 1836 496 ultra
1862 465 1984 496 dictum
2004 464 2163 500 officium,

349 530 391 561 ad
417 530 654 561 celebrandum
681 530 815 570 singulo
841 539 940 565 aimo,
971 532 1143 569 perpetuo,
1172 529 1201 559 in
1229 529 1282 559 die
1309 528 1421 569 vigilie
1458 527 1533 559 festi
1575 526 1732 560 Omnium
1763 526 1960 559 Sanctorum
1986 527 2165 558 cuiuslibet

348 593 437 629 anni,
465 593 601 623 missam
630 601 727 623 unam
756 593 786 622 in
812 595 909 622 cantu
938 592 968 621 in
994 591 1134 621 ecclesia
1162 591 1266 621 sancti
1283 589 1462 631 Augustini
1490 589 1592 630 Papie
1618 593 1649 621 et
1673 590 1715 621 ad
1741 590 1843 621 altare
1862 590 1966 621 sancti
1986 588 2164 630 Augustini

350 655 500 695 predicti,
528 655 626 686 situm
655 655 685 684 in
712 653 906 684 confessore
925 653 1087 687 eiusdem,
1113 652 1154 683 ad
1183 653 1341 683 honorem
1361 655 1391 683 et
1409 653 1549 693 gloriam
1569 653 1674 684 sancti
1691 651 1868 693 Augustini
1889 652 2038 692 predicti,
2058 652 2166 692 ipsius

349 717 475 748 domini
503 717 673 747 testatoris
700 716 811 746 devoti
839 718 869 746 et
895 714 1050 745 advocati
1078 722 1115 745 ac
1143 714 1374 745 intercessoris
1392 712 1453 754 (l).

1115 888 1387 928 DXXVII.

435 999 449 1026 1
475 998 640 1034 Deputati
667 998 760 1026 della
787 998 962 1026 Fabbrica
989 998 1022 1026 di
1049 998 1084 1026 S.
1112 997 1286 1034 Agostino
1311 998 1478 1026 ricevono
1505 998 1528 1025 il
1553 1002 1765 1034 pagamento
1791 998 1825 1026 di
1850 1007 1895 1026 un
1920 997 2049 1034 legato.

982 1102 1143 1134 1488,
1173 1103 1448 1133 gerllxoio,
1475 1103 1524 1127 9.

898 1191 975 1211 «ΑιίἸι4
993 1191 1073 1211 Notar.
1091 1191 1112 1211 di
1130 1191 1208 1212 Paria.
1225 1202 1249 1204 —
1266 1191 1313 1212 Atti
1330 1191 1351 1211 di
1368 1191 1495 1212 Domenico
1511 1191 1597 1212 Mede«.

452 1376 497 1490 I
594 1393 616 1419 Ν
641 1388 711 1420 sala
738 1389 902 1429 superiori
930 1387 1072 1429 Collegii
1101 1388 1325 1420 Mercatorum
1353 1387 1500 1429 Papio...
1529 1389 1559 1419 in
1588 1387 1750 1420 Parocliia
1784 1392 1898 1420 sancte
1924 1388 2071 1429 Tegle....
2098 1388 2166 1419 No-

615 1452 712 1483 billes
738 1452 863 1482 domini
892 1451 1057 1483 lohannes
1084 1451 1251 1483 Antonius
1277 1452 1317 1483 de
1344 1451 1489 1483 Berretis
1514 1454 1544 1482 et
1572 1450 1767 1492 Raynaldus
1786 1451 1826 1482 de
1845 1450 1964 1488 Strata,
1990 1451 2083 1482 cives
2109 1459 2166 1491 pa-

518 1550 575 1551 j
615 1514 760 1554 pienses,
787 1514 936 1554 deputati
964 1522 1064 1554 super
1090 1513 1216 1545 fabrica
1242 1514 1382 1545 ecclesie
1409 1514 1601 1545 monasterii
1621 1514 1725 1544 sancti
1746 1513 1924 1554 Augustini
1953 1512 2099 1553 Papie....
2125 1513 2167 1544 ri—

346 1586 468 1608 cevono
493 1577 537 1608 <la
562 1576 774 1608 Bm'tolomeo
814 1575 914 1611 Com,
954 1576 1012 1607 che
1034 1585 1127 1617 paga
1164 1576 1267 1608 anche
1299 1585 1361 1617 per
1389 1585 1449 1607 suo
1479 1576 1614 1616 fratello
1655 1575 1845 1611 Cum-nesio,
1873 1576 1928 1607 lire
1952 1576 2006 1613 40,
2032 1584 2092 1616 pro
2118 1584 2166 1607 re-

347 1641 491 1671 stanti....
518 1640 730 1671 solutione...
757 1640 865 1670 tocius
891 1640 964 1670 eius
990 1639 1081 1679 quod
1109 1640 1172 1679 ipsi
1200 1642 1339 1680 agentes
1366 1639 1512 1679 predicte
1529 1638 1664 1669 Fabrice
1681 1639 1802 1670 habere
1821 1638 1988 1669 debebant
2006 1641 2036 1669 et
2055 1640 2165 1679 petere

347 1706 530 1743 possent...
558 1703 588 1733 in
609 1702 708 1733 bonis
723 1704 753 1733 et
769 1702 951 1733 hereditate
977 1711 1063 1733 nunc
1090 1702 1261 1742 quondam
1289 1702 1437 1742 magistri
1465 1701 1600 1732 Tibaldi
1619 1701 1697 1732 olim
1716 1701 1827 1732 fratris
1853 1702 2002 1741 ipsorum
2029 1700 2164 1732 fratrum

347 1765 386 1796 de
413 1763 552 1797 Cova....
579 1765 699 1795 virtute
724 1764 900 1795 cuiusdam
928 1765 1166 1804 promissionis
1193 1773 1251 1795 seu
1278 1764 1510 1795 fideiussionis
1535 1764 1619 1795 alias
1646 1773 1703 1804 per
1728 1764 1852 1794 dictum
1891 1764 2084 1803 magistrum
2111 1762 2168 1794 Ti-

347 1827 483 1858 baldum
510 1826 638 1858 facte...
666 1835 785 1857 versus
811 1827 906 1867 ipsos
931 1830 1070 1867 agentes
1096 1826 1242 1867 predicte
1270 1826 1406 1857 Fabrice
1432 1828 1463 1857 ct
1488 1826 1672 1857 occaxione
1699 1826 1785 1857 dicte
1810 1825 1934 1857 fabrice
1951 1823 2012 1865 (2).

1104 2001 1403 2040 DXXVIII.

441 2110 725 2139 L'Arcidiacono
752 2111 786 2138 di
812 2111 924 2139 Pavia
962 2110 1137 2139 Giovanni
1163 2111 1298 2139 Matteo
1325 2111 1458 2139 Privoli
1487 2111 1520 2139 fa
1546 2120 1614 2139 una
1647 2111 1842 2139 donazione
1868 2110 1900 2138 al
1927 2110 2105 2138 Convento
2130 2110 2165 2138 di

353 2164 388 2192 S.
417 2164 537 2192 Paolo.

1017 2242 1176 2273 1485),
1208 2249 1428 2273 111a11·zo‚
1456 2245 1514 2268 11.

914 2331 991 2353 (Aren.
1009 2331 1089 2351 Notar.
1107 2330 1128 2351 di
1146 2330 1225 2351 i’avia.
1242 2342 1266 2344 —
1283 2331 1330 2352 Atti
1347 2331 1369 2351 di
1386 2330 1512 2351 Domenico
1528 2330 1614 2351 Mede.

458 2515 506 2630 I
601 2534 622 2559 Ν
649 2529 789 2560 ecclesia
816 2529 931 2560 maiori
960 2528 1074 2569 Papie,
1101 2529 1193 2560 iuxta
1219 2529 1320 2560 altare
1348 2529 1455 2560 maius
1492 2531 1605 2560 sancte
1644 2528 1748 2560 Marie
1754 2554 1803 2560 .....
1831 2529 2040 2560 Venerabilis
2064 2531 2095 2560 et
2120 2537 2173 2560 sa-

624 2591 720 2630 piens
746 2591 953 2622 decretorum
980 2591 1097 2622 doctor
1122 2591 1280 2622 dominus
1307 2591 1471 2622 lohannes
1498 2590 1656 2622 Matheus
1674 2591 1714 2621 de
1734 2589 1878 2622 Privolis
1914 2591 2172 2622 archidiaconus

543 2688 551 2689 ἶ
624 2653 763 2684 ecclesie
791 2654 927 2684 maioris
954 2654 1138 2694 papiensis,
1166 2654 1262 2684 lieres
1288 2654 1489 2685 universalis
1527 2653 1697 2693 quondam
1725 2653 1850 2684 domini
1878 2653 2036 2685 lobannis
2062 2653 2171 2685 lacobi

355 2716 433 2746 olim
460 2716 532 2746 eius
558 2715 711 2746 fratris...
738 2716 832 2746 titulo
859 2725 955 2753 mere,
982 2725 1062 2756 pure
1088 2719 1118 2747 et
1145 2716 1375 2747 irrevocabilis
1401 2716 1593 2747 donationis
1620 2716 1701 2746 inter
1727 2716 1825 2747 vivos
1851 2716 1990 2747 donavit
2015 2718 2045 2747 et
2070 2716 2172 2747 donat

357 2778 455 2808 miclti
483 2778 612 2808 notario
650 2777 861 2817 infrascripto
899 2778 1070 2818 stipulanti
1098 2781 1128 2809 et
1154 2779 1369 2819 recipienti....
1403 2779 1536 2809 nomine
1561 2781 1592 2808 et
1618 2778 1689 2809 vice
1714 2781 1744 2809 et
1769 2778 1811 2809 ad
1839 2779 2011 2809 utilitatem
2038 2786 2174 2809 venera—

358 2840 472 2870 bilium
500 2839 710 2870 dominorum
739 2838 863 2870 Prioris
889 2842 919 2870 et
946 2839 1093 2871 Fratrum
1132 2841 1323 2871 monasterii
1362 2841 1466 2872 sancti
1506 2839 1611 2877 Pauli,
1637 2839 1775 2872 Ordinis
1801 2840 2040 2872 l-leremitarum
2067 2840 2172 2872 sancti

359 2902 537 2943 Augustini
564 2901 604 2932 de
630 2900 899 2933 observantia...
928 2902 1002 2933 illas
1029 2903 1131 2933 libras
1158 2903 1340 2944 nonaginta
1367 2903 1566 2943 imperiales,
1605 2911 1690 2943 quas
1717 2904 1789 2944 ipse
1815 2903 1973 2935 dominus
2009 2903 2174 2935 lohannes

417 3058 447 3083 (l)
463 3058 477 3079 ll
494 3061 636 3079 testamento
652 3057 674 3078 iu
691 3058 729 3084 poi
747 3057 895 3082 modificato,
918 3063 983 3078 come
999 3058 1108 3079 vedremo
1124 3058 1159 3079 nel
1175 3058 1245 3079 docu-
1352 3058 1382 3084 (2)
1397 3058 1453 3080 Vedi
1469 3058 1483 3079 il
1499 3058 1639 3080 documento
1655 3060 1690 3081 del
1709 3061 1731 3081 14
1747 3062 1872 3083 novembre
1889 3062 1946 3083 1487.

368 3105 446 3124 mento
463 3103 498 3123 del
514 3102 540 3123 22
555 3102 654 3128 germaio
672 3102 728 3123 1499.
