2347 3444
1889 193 1950 225 175

141 330 266 361 domini
293 329 442 370 magistri
467 327 649 361 Gabriellis
674 328 715 360 de
741 326 989 369 Carmagnolla‚
1014 335 1107 359 sacre
1132 326 1300 367 theologie
1326 326 1541 367 professoris,
1560 325 1685 358 Prioris
1703 327 1790 358 dicte
1809 327 1952 358 ecclesie

143 394 173 424 et
199 392 278 423 dicti
304 393 502 429 conventus,
539 399 624 422 sono
662 390 870 431 campanelle
896 390 1064 430 premisso
1090 390 1188 430 prout
1215 389 1317 420 moris
1342 388 1467 426 existit,
1494 389 1524 419 in
1552 398 1619 428 quo
1644 389 1778 428 quidem
1806 389 1954 429 capitulo

143 454 321 486 adfuerunt
346 454 378 485 et
402 453 525 485 adsunt
561 452 711 493 prefatus
748 452 906 483 dominus
943 451 1037 483 Prior
1062 453 1092 483 et
1118 460 1192 482 cum
1218 460 1258 482 eo
1284 453 1314 482 et
1340 459 1449 490 penex
1487 459 1561 481 euin
1589 450 1802 481 venerabiles
1827 451 1952 481 domini

145 517 304 558 magister
328 515 562 547 Bertolomeus
587 515 629 546 de
655 514 824 552 Fazardis,
861 515 1021 554 magister
1058 513 1200 545 lacobus
1225 513 1267 544 de
1293 511 1471 553 Campixe,
1509 521 1602 543 sacre
1630 512 1798 552 theologie
1825 512 1955 552 profes-

144 587 250 616 sores,
276 579 433 609 dominus
458 577 558 609 frater
583 576 736 617 Baptista
762 577 803 608 de
830 576 956 609 Rubeis
982 575 1206 613 bachalarius‚
1232 575 1390 606 dominus
1428 574 1527 605 frater
1564 573 1776 614 Augustinus
1802 574 1843 605 de
1870 573 1957 606 Ran—

145 642 240 672 cliate
267 640 491 677 bachalarius,
517 640 674 671 dominus
699 639 799 670 frater
824 638 976 679 Baptista
1002 638 1043 669 de
1069 637 1197 671 Roxate
1218 636 1739 675 baclialarius,d01ninusfrater
1757 635 1957 667 Gunifortns

145 703 186 734 de
214 702 329 735 Rabiis
356 703 511 739 biblicus,
537 702 695 733 dominus
720 701 821 733 frater
846 700 959 734 Ratael
986 701 1027 732 de
1053 700 1193 741 Rapallo
1219 700 1375 737 biblicus,
1401 700 1559 730 dominus
1585 699 1685 730 frater
1722 697 1892 739 Georgius
1918 699 1958 730 de

147 764 310 805 Pergamo
336 764 449 801 lector,
475 765 632 795 dominus
658 763 756 795 frater
782 763 1015 795 Bertolomeus
1041 763 1082 794 de
1108 760 1299 794 Castelacio
1325 762 1438 799 lector,
1464 762 1621 793 dominus
1648 760 1748 793 frater
1773 761 1893 792 Petrus
1919 761 1960 792 de

148 826 308 858 Vercellis
334 826 445 863 lector,
471 827 629 857 dominus
656 826 756 858 frater
781 824 975 858 Gualterius
1001 825 1042 856 de
1069 823 1170 857 Curte
1196 825 1364 865 subprior,
1391 824 1549 855 dominus
1567 824 1666 856 frater
1684 823 1810 857 Raffael
1826 824 1867 854 de
1887 823 1959 854 Me-

147 889 284 919 diolano
311 889 469 928 magister
494 888 720 925 studendum,
746 888 904 919 dominus
930 887 1029 919 frater
1056 887 1221 919 lohannes
1247 886 1413 918 Antonius
1439 886 1480 917 de
1508 886 1622 918 Laude
1649 895 1775 923 cursor,
1802 886 1959 916 dominus

147 950 248 981 trater
273 949 439 980 Antonius
465 950 505 980 dc
533 949 678 980 Forlivio
705 959 831 985 cursor,
857 950 1015 981 dominus
1040 949 1139 980 frater
1165 948 1371 980 lberonirnus
1396 949 1437 980 de
1464 948 1671 986 Mediolam),
1690 948 1847 979 dominus
1865 947 1964 979 trater

150 1012 349 1053 Vulgandns
374 1012 415 1042 (16
442 1010 575 1047 Svevia‚
601 1012 759 1043 dominus
786 1012 886 1043 frater
912 1011 1068 1043 Didiinus
1093 1012 1134 1042 de
1160 1010 1303 1052 Brayda,
1340 1011 1498 1042 dominus
1535 1010 1634 1042 frater
1667 1010 1895 1042 Bernardinus
1921 1010 1962 1041 (16

150 1073 256 1109 Senis,
284 1073 441 1104 dominns
467 1073 566 1104 frater
592 1073 757 1104 lohannes
795 1073 933 1113 Anglior
957 1074 998 1105 de
1025 1073 1174 1110 Francia,
1212 1073 1369 1104 dominns
1406 1072 1505 1104 trater
1542 1072 1709 1103 Antonius
1742 1072 1782 1103 de
1810 1071 1880 1107 Ast,
1906 1072 1966 1102 do-

151 1137 260 1168 minus
285 1135 386 1166 frater
411 1134 524 1166 Guido
550 1136 590 1166 de
618 1134 736 1175 Rippis
762 1137 803 1167 (16
830 1136 992 1172 Marclna,
1029 1136 1187 1167 dominus
1223 1135 1323 1166 frater
1360 1135 1524 1166 Iohannes
1550 1135 1591 1166 de
1617 1134 1771 1172 Baffaria,
1809 1134 1967 1165 dominus

150 1199 249 1230 frater
274 1197 467 1229 Bcrnardns
494 1197 534 1228 de
561 1196 751 1233 Provincia,
777 1198 935 1229 dominns
960 1197 1060 1229 frater
1086 1197 1205 1229 Petrus
1231 1198 1272 1228 dc
1299 1197 1442 1235 Toloxa,
1469 1197 1627 1228 dominus
1654 1197 1753 1228 frater
1779 1196 1898 1228 Petrus
1924 1196 1965 1227 de

151 1260 319 1297 Nerbona,
346 1260 504 1290 dominus
530 1259 629 1290 frater
655 1259 848 1291 Alexander
873 1260 914 1291 de
940 1259 1055 1299 Papia,
1082 1260 1239 1291 dominus
1266 1259 1366 1290 frater
1398 1258 1627 1290 Bernardinus
1653 1259 1693 1290 de
1720 1258 1825 1299 Papia
1852 1261 1882 1290 et
1908 1259 1968 1289 do-

152 1323 262 1353 minus
288 1321 388 1353 trater
414 1320 581 1352 Antonius
607 1322 648 1352 de
675 1321 847 1359 Vercellis,
873 1331 990 1353 omnes
1018 1322 1135 1353 tratres
1170 1321 1313 1362 professi
1352 1322 1439 1352 dicte
1477 1321 1619 1352 ecclesie
1646 1322 1676 1352 et
1702 1320 1840 1352 Ordinis
1867 1320 1969 1352 llere-

153 1385 305 1416 rnitaruin
332 1384 438 1414 sancti
466 1382 645 1423 Augustini
684 1384 868 1423 papiensis,
907 1384 1068 1415 facientes
1095 1386 1125 1415 et
1150 1385 1421 1424 representantes
1426 1409 1476 1415 .....
1514 1383 1590 1424 plns
1627 1392 1727 1423 quani
1761 1385 1828 1414 tres
1855 1384 1967 1423 partes

152 1456 194 1478 ex
221 1448 365 1486 quatuor
390 1446 542 1486 partibus
568 1446 676 1476 tocius
702 1444 861 1486 Capituli,
887 1446 972 1486 dopo
998 1446 1010 1477 ι’
1032 1448 1076 1477 tre
1101 1446 1191 1477 sollti
1213 1446 1338 1477 trattati
1354 1447 1456 1477 tennti
1478 1446 1509 1477 in
1535 1444 1756 1476 antecedenza
1775 1442 1834 1482 (1),
1860 1444 1969 1475 dzinno

153 1509 342 1540 investitura
363 1510 521 1549 perpetua
547 1517 566 1538 ιι
595 1507 761 1540 Gz'ovanni
785 1508 892 1539 Maria
927 1507 1095 1540 Carlevari
1119 1508 1153 1539 αι’
1176 1510 1254 1539 tutte
1279 1508 1307 1539 le
1333 1509 1411 1538 terre
1436 1517 1452 1538 e
1473 1507 1639 1548 proprie’tci
1664 1507 1718 1538 del
1743 1506 1909 1539 Convento
1936 1507 1967 1538 i'n

155 1570 345 1602 Parasacco
370 1570 405 1602 cii
429 1570 616 1605 Lomellina,
640 1579 701 1610 per
723 1570 865 1601 I'annno
892 1579 1016 1601 canone
1041 1570 1076 1601 cti
1099 1570 1155 1601 ltre
1179 1572 1333 1601 sessanta
1358 1569 1525 1610 imperiali,
1553 1570 1596 1601 (ta
1617 1570 1758 1610 pagarsi
1781 1570 1861 1609 ogni
1878 1568 1970 1609 festa

156 1633 191 1664 di
215 1632 246 1665 S.
274 1633 426 1664 Martino.

899 1779 1230 1821 CCCLXXII.

243 1898 348 1926 Frate
374 1897 572 1926 Cherubino
598 1898 642 1926 da
670 1897 829 1931 Brescia,
857 1898 979 1926 Priore
1009 1897 1043 1926 di
1074 1898 1109 1926 S.
1133 1898 1256 1931 Paolo,
1284 1897 1400 1925 riceve
1426 1897 1450 1925 il
1475 1901 1686 1933 pagamento
1712 1897 1746 1925 di
1772 1906 1816 1925 un
1842 1897 1967 1925 affitto.

768 2010 921 2042 1472,
952 2012 1278 2035 110ven1lvre
1307 2010 1360 2035 6.

677 2108 754 2132 (Arch.
772 2108 851 2129 Notat,
868 2108 889 2128 di
908 2108 977 2128 Pavia
996 2118 1019 2121 —
1036 2108 1082 2128 Atti
1100 2108 1121 2128 di
1138 2108 1265 2128 Francesco
1281 2107 1456 2133 Strazzapatti).

174 2318 175 2355 ἶ
262 2301 310 2416 Ι
404 2320 428 2346 N
454 2315 657 2347 monasterio
695 2315 801 2346 sancti
840 2314 945 2351 Pauli,
983 2314 1141 2345 videlicet
1177 2314 1241 2345 sub
1279 2314 1432 2354 porticho
1458 2313 1627 2345 inclaustri
1662 2313 1739 2345 dicti
1767 2313 1972 2351 monasterii,

174 2371 175 2431 l
397 2361 398 2427 }
426 2378 491 2409 sito
517 2386 622 2418 prope
648 2379 679 2409 et
705 2379 798 2409 extra
825 2377 994 2408 civitatem
1021 2376 1124 2416 Papie
1128 2401 1178 2407 .....
1206 2375 1429 2407 Venerabillis
1455 2376 1505 2407 vir
1529 2376 1687 2407 dominus
1719 2375 1818 2407 trater
1844 2373 1974 2407 Cheru-

397 2440 527 2472 *binus
552 2440 593 2472 de
624 2439 749 2477 Brixia,
787 2439 881 2471 Prior
918 2440 997 2470 dicti
1036 2439 1228 2470 monasterii
1255 2440 1285 2470 et
1311 2437 1509 2470 Conventus
1547 2438 1651 2469 sancti
1689 2437 1796 2475 Pauli,
1834 2436 1972 2469 Ordinis

159 2503 265 2534 sancti
292 2502 469 2543 Augustini
496 2502 537 2534 de
563 2503 798 2539 observancia,
834 2502 937 2533 riceve
961 2501 1004 2532 da
1029 2501 1190 2541 Agostitzo
1227 2500 1400 2531 Zavattari
1433 2500 1520 2531 soldi
1543 2502 1609 2531 otto
1630 2508 1692 2540 per
1713 2499 1820 2540 affitto
1854 2499 1888 2531 di
1911 2500 1973 2531 due

158 2565 238 2596 anni
260 2565 294 2597 di
317 2573 382 2596 una
409 2565 508 2605 vigna
534 2565 568 2596 di
591 2573 674 2596 nove
694 2564 838 2605 pertIclze
859 2572 974 2604 presso
1000 2563 1023 2595 il
1047 2564 1231 2594 monastero
1259 2562 1342 2594 ultra
1369 2562 1593 2594 Vernabulam
1621 2563 1693 2594 sive
1719 2562 1760 2593 ad
1788 2561 1933 2595 Roxum.

214 2730 243 2754 tl)
259 2731 265 2751 l
282 2732 316 2751 tre
331 2731 430 2756 trattati,
446 2731 467 2751 in
483 2731 518 2752 cni
534 2731 552 2751 si
569 2730 674 2752 discusse
694 2731 886 2756 capitolarmente
908 2730 967 2750 sulla
983 2734 1036 2749 con-
1091 2729 1110 2753 5,
1126 2729 1137 2748 7
1153 2728 1189 2748 del
1205 2730 1310 2749 currente
1333 2728 1468 2754 settembre,
1484 2734 1496 2749 e
1511 2728 1516 2748 i
1533 2728 1619 2749 verbali
1642 2728 1664 2748 di
1688 2729 1771 2754 queste
1793 2729 1827 2748 tre
1848 2728 1969 2748 adunanze

163 2775 273 2796 venienza
289 2775 348 2796 della
363 2775 501 2796 investitura
517 2775 545 2796 da
561 2775 704 2800 concedersi,
720 2776 738 2796 si
755 2777 850 2796 tenuero
873 2774 907 2795 nei
931 2773 1002 2799 giomi
1021 2775 1038 2797 1,
1094 2772 1214 2798 capitulari
1231 2772 1248 2793 si
1265 2777 1409 2793 conservano
1424 2772 1457 2792 tra
1473 2772 1492 2792 le
1509 2772 1595 2793 minute
1612 2771 1671 2797 degli
1687 2772 1729 2792 atti
1745 2771 1781 2792 del
1798 2772 1876 2792 notaio
1892 2771 1955 2792 Sistit
