2347 3444
1915 179 1957 211 99

234 305 296 338 Die
322 307 564 348 suprascripto.
591 305 758 348 Scriptum
785 307 923 339 domino
948 305 1094 339 Gracino
1120 307 1161 338 de
1188 306 1361 338 Piscarolo
1388 307 1627 341 Referendario
1653 309 1756 350 Papie
1782 313 1873 351 quod
1899 313 1957 344 de-

145 368 221 400 beat
246 368 354 401 facere
379 369 539 410 allogiare
565 370 831 410 suprascriptum
857 369 989 401 fratrem
1015 367 1222 401 Simonetum
1249 369 1280 400 in
1307 368 1431 402 Sancto
1450 370 1640 411 Augustino
1658 370 1718 412 (l),
1745 374 1956 413 providendo

143 430 207 461 sibi
227 431 268 461 de
293 431 456 471 expensis
482 440 542 471 pro
568 432 656 463 victu
682 440 745 463 suo
770 440 949 472 quousque
976 431 1122 462 manebit
1148 430 1225 469 illic,
1251 433 1281 462 et
1307 440 1381 463 eum
1409 434 1601 464 venerando
1629 435 1673 465 uti
1693 443 1870 474 personam
1899 446 1957 466 no-

142 494 244 523 stram
271 493 451 533 propriam,
478 495 576 533 prout
601 493 708 525 lacius
733 494 797 526 sibi
824 494 911 525 dicet
936 493 1189 534 suprascriptus
1226 492 1327 525 frater
1352 493 1484 526 Luchas
1522 496 1719 536 capellanus
1757 500 1879 529 noster.
1906 496 1957 529 Si-

142 555 231 594 gnat.
269 554 421 587 lacobus.

915 677 1180 718 CCLVIII.

230 791 335 820 Frate
360 792 516 822 Eusebio
542 793 584 821 de
609 794 783 830 Legieriis
809 795 853 823 da
879 795 1089 823 investitura
1114 795 1150 824 di
1176 795 1290 824 alcuni
1316 795 1395 824 beni
1421 796 1476 824 nel
1502 796 1681 825 territorio
1707 796 1741 824 di
1761 797 1951 826 Stradella.

792 916 941 949 1454,
970 917 1201 948 git1g11o,
1232 917 1305 943 12.

627 1011 703 1035 (Arcli⁴
722 1012 800 1033 Notat.
818 1013 839 1033 di
857 1012 926 1034 Pavia
943 1024 966 1027 -—
982 1014 1029 1034 Atti
1046 1013 1067 1034 di
1084 1013 1140 1034 Gian
1158 1014 1274 1035 Lodovico
1290 1013 1464 1040 Strazzapatti)v

202 1194 325 1310 N
380 1213 471 1239 ELLA
495 1217 576 1240 casa
600 1209 654 1240 del
676 1210 788 1241 notaio
813 1210 845 1241 in
870 1209 971 1241 Porta
996 1210 1176 1242 Laudetzse.
1203 1211 1300 1242 Frate
1325 1211 1469 1243 Eusebio
1495 1212 1534 1243 de
1556 1212 1713 1252 Legieriis
1740 1216 1952 1253 procuratore

401 1270 455 1302 del
478 1273 635 1302 convento
661 1271 695 1302 cli
719 1270 752 1303 S.
778 1271 950 1311 Agostino,
977 1272 1020 1303 αἰὶ
1046 1273 1235 1304 ιἠνεείίΐιιηι
1259 1273 1441 1305 novennale
1459 1283 1479 1305 a
1507 1273 1668 1306 Giacomo
1686 1274 1788 1308 Rossi'
1804 1275 1838 1306 di
1862 1275 1953 1308 Stra—

151 1316 153 1369 :
373 1308 374 1339 ¹
401 1332 497 1368 della,
525 1332 566 1364 de
592 1333 702 1364 cassis
727 1333 863 1364 duobus
890 1334 988 1365 unius
1014 1335 1170 1375 torgiarie
1196 1335 1274 1366 dicti
1316 1338 1506 1367 conventus
1532 1337 1638 1368 sancti
1666 1336 1858 1377 Augustini,
1888 1338 1950 1369 site

133 1402 239 1434 prope
265 1396 295 1425 et
320 1396 415 1425 extra
441 1393 574 1426 Portam
601 1393 829 1426 placentinam
855 1395 943 1426 dicte
968 1397 1052 1427 terre
1079 1394 1242 1428 Stradelle
1268 1406 1343 1428 cum
1371 1407 1436 1428 uno
1463 1398 1596 1430 modico
1614 1399 1674 1430 orti
1695 1399 1739 1429 ibi
1766 1399 1947 1440 contigui...

131 1455 344 1496 coll'obbligo
369 1456 404 1487 di
422 1464 551 1496 pagare
575 1457 656 1496 ogni
679 1465 765 1488 anno
790 1457 877 1488 nella
894 1457 987 1498 festa
1011 1458 1046 1489 di
1070 1457 1102 1490 S.
1129 1458 1281 1495 Mamilio,
1300 1458 1416 1499 fiorini
1439 1460 1501 1491 due
1526 1460 1560 1491 al
1584 1463 1750 1492 convento.

931 1632 1143 1673 CCLIX.

221 1739 249 1767 11
275 1739 453 1768 Pontefice
479 1739 608 1768 Nicolo
634 1740 666 1768 V
690 1740 872 1776 partecipa
898 1740 931 1768 ai
956 1740 1123 1769 Milanesi
1149 1741 1182 1769 la
1208 1741 1366 1769 elezione
1392 1741 1427 1770 di
1454 1742 1542 1770 frate
1569 1742 1735 1771 Gabriele
1754 1743 1879 1772 Sforza
1906 1744 1949 1772 ad

131 1791 376 1821 Arcivescovo
401 1792 436 1820 di
461 1792 607 1821 Milano.

788 1888 943 1919 1454,
971 1888 1203 1920 git1g11o‚
1224 1889 1302 1914 21.

695 1985 771 2008 (Areli.
789 1985 810 2005 di
826 1984 893 2006 Stato
909 1985 930 2005 di
947 1985 1042 2006 Milano.
1059 1996 1083 1999 —
1100 1985 1163 2006 Bone
1179 1991 1191 2006 e
1205 1985 1272 2006 Brevi
1292 1985 1388 2012 Papali).

147 2144 148 2166 l

146 2203 148 2238 ᾖ
199 2180 322 2296 N
369 2197 535 2242 ilCOLAUS
559 2193 745 2232 episcopus
771 2200 891 2223 servus
917 2201 1090 2223 servorum
1109 2191 1181 2229 Dei,
1200 2192 1332 2224 dilectis
1350 2192 1427 2224 filiis
1446 2193 1614 2225 universis
1640 2194 1779 2225 vasallis
1804 2194 1948 2226 ecclesie

145 2249 148 2297 l
399 2255 664 2287 mediolanensis
689 2255 831 2286 salutem
858 2257 888 2286 et
914 2255 1136 2295 apostolicam
1164 2255 1445 2286 benedictionem.
1473 2255 1580 2286 Hodie
1618 2256 1761 2287 ecclesie
1788 2256 1949 2288 mediola-

146 2299 147 2314 ἵ
317 2353 361 2354 j
399 2319 505 2356 nensi,
532 2327 590 2358 per
615 2318 742 2349 obitum
763 2318 849 2349 bone
869 2318 1026 2349 memorie
1045 2317 1174 2349 Nicolai
1201 2317 1449 2357 archiepiscopi
1477 2317 1750 2355 mediolanensis,
1770 2320 1864 2349 extra
1884 2317 1948 2350 Ro-

130 2388 261 2411 manam
288 2378 424 2412 Curiam
450 2379 610 2417 defuncti,
637 2380 781 2417 vacanti,
807 2380 848 2411 de
876 2388 1020 2419 persona
1057 2379 1166 2411 dilecti
1205 2379 1261 2410 filii
1300 2377 1411 2411 Caroli
1449 2377 1571 2410 Sfortia
1589 2378 1641 2418 (2)
1666 2380 1751 2411 alias
1776 2378 1946 2411 Gabrielis

129 2440 261 2480 Sfortia,
287 2442 382 2474 electi
409 2442 683 2480 mediolanensis,
710 2441 848 2473 Ordinis
873 2442 1009 2473 fratrum
1038 2441 1279 2473 Heremitarun
1319 2442 1425 2472 sancti
1453 2440 1631 2481 Augustini
1659 2442 1874 2482 professoris,
1907 2443 1947 2473 de

128 2503 265 2535 fratrum
292 2506 481 2535 nostrorum
508 2504 650 2535 consilio
676 2504 898 2544 providimus,
925 2504 1104 2543 ipsumque
1131 2503 1175 2534 illi
1202 2503 1406 2543 prefecimus
1433 2503 1463 2533 in
1491 2502 1792 2544 Ascliiepiscopum
1831 2506 1861 2535 et
1889 2513 1947 2544 pa-

128 2567 264 2603 storem,
290 2575 403 2597 curam
428 2568 459 2597 et
483 2566 806 2597 administrationem
834 2566 943 2605 ipsius
969 2565 1112 2596 ecclesie
1129 2565 1192 2596 sibi
1210 2565 1240 2595 in
1257 2564 1491 2605 spiritualibus
1506 2566 1537 2595 et
1556 2565 1800 2605 temporalibus
1815 2565 1947 2606 plenius

128 2628 379 2666 committendo,
406 2630 503 2668 prout
530 2628 561 2658 in
587 2628 711 2660 nostris
737 2628 813 2659 inde
840 2627 1002 2659 confectis
1029 2627 1144 2658 litteris
1171 2627 1304 2667 plenius
1330 2627 1528 2658 continetur.
1548 2625 1715 2663 Quocirca
1735 2628 1943 2659 universitati

132 2784 254 2810 splendido
270 2790 282 2805 e
298 2784 428 2810 magnifico,
444 2784 593 2810 rispondente
609 2790 653 2805 non
669 2784 705 2810 gia
721 2784 764 2805 alla
786 2784 865 2805 umilta
888 2784 1009 2809 personali:
1065 2784 1099 2804 cui
1117 2784 1129 2804 il
1147 2783 1224 2804 Priore
1241 2784 1352 2805 Generale
1377 2784 1484 2805 Giuliano
1500 2784 1528 2804 da
1544 2784 1627 2804 Salerni
1645 2789 1718 2804 avevn
1741 2789 1853 2804 concesso
1869 2784 1890 2804 di
1907 2790 1943 2804 eii-

132 2829 169 2849 del
185 2828 308 2855 Religioso,
325 2834 360 2849 ma
375 2829 396 2850 ai
412 2829 534 2855 proposito
550 2829 585 2849 del
601 2829 665 2850 Duca
681 2829 702 2849 di
719 2834 816 2849 onorare
828 2834 857 2849 un
873 2834 950 2852 nomo,
966 2829 1007 2849 che
1063 2829 1124 2848 trare
1139 2827 1159 2847 ai
1176 2828 1267 2848 servizii
1284 2827 1342 2848 della
1358 2829 1422 2849 corte
1438 2828 1520 2848 ducale
1535 2828 1556 2848 di
1573 2827 1668 2848 Milano.
1685 2827 1741 2848 Vedi
1758 2827 1873 2852 TORELM,
1897 2829 1941 2848 viil.

132 2873 151 2894 si
167 2879 205 2894 era
221 2879 273 2894 reso
288 2873 478 2894 inimensamente
494 2873 636 2894 benemerito
652 2873 712 2894 dello
727 2873 802 2894 Stato.
1065 2871 1111 2897 Vll,
1128 2877 1179 2897 pag.
1199 2873 1228 2892 ll.

185 2918 215 2941 (l)
230 2917 256 2938 Ιη
272 2919 355 2939 sancto
371 2918 503 2943 Augustino
519 2918 557 2943 qui
576 2923 620 2939 non
642 2917 747 2943 significa
769 2918 804 2938 nel
827 2917 956 2942 Conventoy
973 2922 1008 2937 nia
1117 2916 1147 2939 (2)
1163 2915 1230 2936 Cario
1246 2921 1284 2936 era
1300 2915 1313 2936 il
1329 2921 1396 2936 nome
1412 2915 1433 2936 di
1450 2916 1538 2937 nascita
1554 2915 1688 2941 impostogli
1705 2915 1741 2936 dal
1759 2915 1829 2941 padre
1852 2921 1893 2940 per
1916 2916 1942 2934 ii-

133 2967 214 2987 presso
230 2962 251 2982 la
266 2962 343 2983 chiesa
359 2962 380 2982 di
396 2961 418 2983 S.
435 2962 557 2988 Agostino,
573 2967 584 2982 e
600 2962 649 2983 cioe
665 2962 700 2982 nel
723 2963 856 2982 monastero
876 2961 911 2981 dei
935 2960 1008 2982 Cano-
1063 2965 1207 2981 conosccnza
1223 2965 1291 2981 verso
1307 2960 1320 2980 il
1336 2966 1379 2981 suo
1394 2960 1471 2981 antico
1487 2960 1579 2986 signore
1591 2960 1658 2981 Carlf)
1670 2960 1691 2980 di
1704 2960 1819 2981 Durazzo.
1836 2959 1941 2981 Gabriele

132 3006 174 3027 nici
198 3005 310 3032 Regoiari
327 3006 349 3027 Si
365 3006 413 3027 noti
429 3006 468 3032 qui
490 3007 532 3027 che
547 3006 561 3027 ii
577 3006 720 3032 Cappellano
742 3006 822 3027 ducale
845 3005 961 3026 ricordsito
987 3005 1007 3025 in
1064 3004 1140 3030 quello
1156 3004 1178 3024 di
1195 3004 1319 3029 Religione.
1336 3004 1391 3025 Vedi
1408 3004 1524 3030 TORELU,
1541 3005 1585 3025 vol.
1602 3005 1648 3030 Vll,
1666 3010 1717 3030 pag.
1734 3005 1767 3024 41.

131 3051 214 3076 queste
230 3050 323 3071 missive
339 3050 480 3076 sforzesche,
496 3050 508 3071 ὲ
523 3051 667 3072 l'eremitano
689 3050 748 3072 frate
771 3051 830 3071 Luca
847 3050 868 3070 di
886 3049 975 3075 Riinini,
997 3054 1010 3069 a
