2347 3444
338 210 401 242 150

334 354 408 377 cere
434 348 464 377 et
489 345 672 386 adimplere
696 354 734 377 ea
759 345 801 376 ad
827 353 892 385 que
918 345 959 376 de
987 345 1055 375 iure
1081 346 1209 375 tenetur
1234 346 1264 374 et
1290 343 1460 383 obligatus
1486 344 1536 373 est
1562 351 1603 374 ex
1631 344 1745 373 tenore
1770 343 1889 374 asserti
1917 342 2016 384 legati
2043 344 2074 374 et
2092 350 2146 374 as-

333 409 496 439 sertorum
522 407 752 438 codicillorum
779 407 820 438 de
846 407 971 446 quibus
997 414 1110 446 supra,
1136 406 1304 445 quatenus
1329 405 1370 435 de
1397 404 1462 435 illis
1488 404 1634 444 legitime
1661 404 1724 435 sibi
1751 406 1891 441 constet,
1908 406 1939 435 et
1956 404 1983 436 si
2003 404 2144 436 etdum-

333 469 434 500 modo
459 469 537 500 dicti
564 469 690 500 domini
718 468 821 505 Prior,
849 467 980 499 Fratres
1006 470 1036 498 et
1063 466 1275 499 Conventum
1303 475 1377 497 cum
1404 466 1523 497 effectu
1550 465 1675 497 faciant
1700 467 1731 497 et
1756 465 1962 506 adimpleant
1976 474 2015 497 ea
2033 467 2144 498 omnia

333 535 364 563 et
389 532 523 572 singula
548 532 590 563 ad
617 540 681 572 que
708 533 861 562 tenentur
886 533 916 561 et
942 529 1080 570 obligati
1107 531 1195 565 sunt,
1221 528 1408 560 secundum
1436 528 1575 559 formam
1604 530 1635 559 et
1660 530 1808 559 tenorem
1845 528 1924 559 dicti
1952 528 2050 568 legati
2076 528 2146 560 dic-

332 598 510 634 torumque
547 593 790 626 codicillorum.
829 591 903 629 Que
941 593 1051 623 omnia
1089 591 1170 631 petit
1196 594 1226 622 et
1253 591 1388 631 requirit
1425 600 1501 622 cum
1539 591 1697 622 instantia
1723 590 1791 622 fieri
1818 592 1849 622 et
1874 590 2048 631 adimpleri
2087 600 2144 631 per

331 657 441 688 dictos
466 657 623 688 dominos
648 655 809 693 Priorem,
836 655 967 686 Fratres
993 656 1023 685 et
1049 651 1273 691 conventum,
1289 655 1481 693 protestans
1508 654 1580 693 ipse
1606 653 1765 684 dominus
1791 652 1949 684 Forestus
1975 655 2144 693 tamquam

332 723 521 759 exequutor
546 719 746 754 antedictus,
772 718 863 757 quod
891 726 949 757 per
974 725 1010 747 se
1036 725 1100 747 non
1128 717 1228 753 stetit,
1255 725 1320 747 non
1347 718 1422 753 stat,
1449 724 1508 747 nec
1545 715 1647 747 stabit
1683 715 1866 756 quominus
1891 715 2041 755 predicta
2067 715 2146 747 fiant

331 785 362 813 et
387 781 654 821 adimpleantur:
682 780 831 819 alioquin
852 780 1058 819 protestatus
1077 778 1137 809 tuit
1156 780 1186 810 et
1204 778 1303 810 etiam
1323 780 1527 818 protestatur
1544 779 1659 809 contra
1677 777 1787 809 dictos
1802 777 1959 809 dominos
1985 776 2145 813 Priorem,

332 843 463 874 Fratres
489 846 519 874 et
546 841 759 874 Conventum
786 841 827 872 de
853 841 943 872 omni
981 850 1095 872 eorum
1123 849 1214 871 mora
1240 842 1271 872 et
1297 840 1501 881 negligentia
1527 842 1558 871 et
1583 840 1625 871 de
1663 840 1760 880 penis
1797 840 1878 871 iuris
1903 848 1941 871 ac
1975 840 2016 871 de
2049 840 2146 880 penis

331 906 497 937 contentis
523 906 553 936 in
580 905 678 936 dictis
705 904 814 944 legato
839 906 871 935 et
896 903 1061 934 codicillis
1087 906 1118 934 et
1145 903 1319 943 presertim
1346 903 1424 943 quia
1450 904 1579 934 asserta
1594 902 1737 940 oblacio,
1756 911 1856 943 quam
1876 902 1998 934 fecisse
2013 902 2146 933 videtur

331 969 440 999 dictus
466 969 617 998 assertus
643 967 807 1005 sindicus,
834 966 895 997 fuit
920 968 951 997 et
976 968 1027 997 est
1053 966 1201 997 verbalis
1226 968 1257 997 et
1284 975 1349 996 non
1376 965 1474 996 realis
1499 967 1529 996 et
1555 974 1630 996 cum
1657 965 1848 996 reverencia
1883 973 1947 995 non
1974 968 2063 996 caret
2089 973 2144 996 ca-

330 1030 488 1070 lumpnia.
515 1028 640 1061 Dicens
666 1038 802 1069 quoque
828 1029 920 1069 quod
947 1030 1084 1068 paratus
1109 1027 1170 1059 tuit
1195 1031 1227 1060 et
1252 1030 1302 1059 est
1336 1028 1498 1059 interesse
1528 1027 1730 1067 cuicumque
1761 1027 2007 1058 examinacioni
2034 1027 2144 1058 tiende

330 1093 371 1123 de
397 1101 497 1132 opere
524 1092 565 1123 de
591 1101 659 1132 quo
684 1092 794 1132 agitur
819 1091 987 1122 incoando
1013 1093 1044 1122 et
1070 1091 1277 1131 perficiendo
1303 1092 1333 1121 et
1358 1090 1475 1121 audire
1513 1090 1736 1121 intencionem
1774 1089 1922 1130 magistri
1957 1097 2015 1120 seu
2042 1089 2147 1130 magi-

330 1157 484 1192 strorum,
511 1155 567 1195 qui
595 1154 738 1186 viderint
764 1156 796 1185 et
821 1154 1089 1185 examinaverint
1115 1154 1226 1194 ipsum
1252 1161 1340 1193 opus
1366 1153 1523 1184 fiendum.
1551 1151 1589 1183 Et
1617 1153 1677 1183 liae
1703 1152 1744 1183 de
1769 1160 1873 1183 causa
1900 1152 1972 1192 ipse
1987 1151 2145 1183 dominus

330 1216 490 1248 Forestus
516 1217 640 1248 ibidem
667 1219 700 1248 ut
726 1217 926 1257 premittitur
951 1216 1106 1254 accessit,
1133 1224 1374 1256 permansurus
1393 1215 1507 1255 aliquo
1525 1217 1675 1255 tempore
1695 1216 1728 1245 ut
1747 1213 1896 1254 predicta
1916 1214 2146 1246 discuciantur

329 1282 361 1310 et
386 1279 622 1310 examinentur
646 1279 839 1310 deliberate.
866 1277 974 1310 Cuius
999 1278 1135 1318 quidem
1175 1278 1409 1318 responsionis
1436 1280 1466 1309 et
1492 1278 1753 1318 protestacionis
1779 1280 1810 1309 et
1836 1276 2062 1317 predictorum
2089 1285 2146 1308 su-

331 1342 444 1382 perius
470 1351 529 1382 per
555 1342 665 1382 ipsum
692 1341 865 1372 dominum
893 1340 1067 1372 Forestum
1094 1341 1260 1372 dictorum
1286 1340 1418 1381 copiam
1454 1340 1576 1371 ibidem
1603 1340 1730 1372 dimisit
1755 1342 1787 1372 et
1811 1340 1947 1371 dimittit
1973 1339 2060 1371 idem
2086 1339 2147 1370 do-

329 1405 439 1435 minus
465 1403 635 1442 Forestus‚
663 1405 696 1435 ut
721 1404 763 1435 ad
790 1404 948 1435 noticiam
974 1403 1141 1434 dictorum
1168 1403 1380 1434 dominorum
1408 1402 1545 1440 Prioris,
1583 1402 1733 1434 Fratrum
1761 1406 1791 1434 et
1818 1400 2017 1434 Conventus
2043 1402 2146 1433 deve-

330 1467 398 1498 nire
427 1467 569 1498 valeant.
597 1466 636 1498 Et
661 1467 766 1498 eciam
793 1467 943 1506 predicta
969 1465 1047 1497 fecit
1071 1469 1102 1497 et
1128 1465 1207 1497 tacit
1233 1466 1459 1506 presentibus,
1499 1465 1716 1496 audientibus
1743 1467 1773 1496 et
1799 1464 2064 1505 intelligentibus
2091 1473 2148 1496 ve-

330 1529 537 1560 nerabilibus
562 1529 708 1560 dominis
735 1528 945 1560 Bertolameo
970 1528 1011 1559 de
1039 1527 1207 1565 Fazardis,
1235 1527 1379 1558 iohanne
1406 1527 1526 1558 Iacobo
1552 1527 1593 1558 de
1611 1525 1790 1567 Campixe,
1815 1535 1911 1558 sacre
1930 1527 2052 1567 pagine
2079 1535 2148 1557 ma—

330 1591 454 1632 gistris,
480 1599 518 1622 ac
545 1591 691 1622 dominis
730 1590 889 1622 fratribus
926 1589 1100 1622 Gualterio
1136 1590 1178 1621 de
1216 1587 1318 1621 Curte
1357 1589 1546 1629 subpriore,
1584 1588 1738 1630 Baptista
1774 1589 1816 1620 de
1853 1588 1982 1621 Roxate
2015 1591 2147 1620 asserto

330 1654 462 1685 sindico
488 1656 519 1685 et
546 1653 652 1685 Paulo
678 1654 719 1685 de
745 1652 886 1690 PutlieQ
912 1653 1071 1684 omnibus
1097 1652 1258 1683 fratribus
1284 1652 1364 1683 dicti
1391 1650 1602 1683 Conventus.

1069 1845 1416 1886 CCCXXXV.

422 1964 479 1993 Gli
504 1963 727 2000 Agostiniani
754 1963 920 1992 ricevono
946 1963 969 1991 il
995 1963 1108 2000 primo
1133 1968 1345 2000 pagamento
1371 1963 1426 1992 del
1453 1963 1581 1992 lascito
1618 1963 1886 1992 testamentario
1912 1963 1947 1991 di
1973 1963 2051 1991 Gio.
2078 1962 2149 1990 An-

332 2018 429 2046 tonio
454 2017 594 2046 strada.

1015 2094 1169 2126 1468,
1200 2102 1418 2127 121z11·zo,
1447 2096 1500 2120 ὃ.

868 2194 935 2214 Arcu.
954 2193 1033 2214 Notar.
1051 2193 1071 2213 di
1090 2193 1167 2214 l'avia.
1185 2204 1209 2206 —
1225 2193 1272 2213 Atti
1289 2193 1310 2213 di
1328 2192 1477 2214 Bartolomeo
1494 2192 1620 2217 Baracani).

441 2389 488 2504 I
581 2407 603 2432 Ν
629 2410 761 2433 camera
781 2399 922 2441 Collegii
942 2401 1156 2432 Notariorum
1176 2400 1323 2441 Papie....
1343 2398 1525 2432 Confessio
1545 2400 1630 2432 facta
1650 2409 1707 2440 per
1725 2400 1943 2431 reverendum
1964 2401 1994 2431 in
2015 2398 2151 2432 Christo

602 2467 728 2504 patrem
767 2464 938 2494 dominum
978 2463 1248 2494 ssertliolameum
1275 2463 1316 2494 de
1344 2463 1501 2494 Fazardis
1527 2472 1565 2494 ac
1592 2463 1763 2494 dominum
1803 2462 1935 2494 fratrem
1962 2462 2148 2503 Baptistam

603 2527 643 2558 de
670 2526 798 2559 Roxate
825 2526 992 2557 sindicum
1019 2528 1050 2557 ct
1076 2528 1370 2565 procuratorem...
1408 2525 1514 2556 sancti
1553 2524 1777 2565 Augustini...
1805 2524 1891 2556 tacta
1926 2525 2063 2556 domino
2090 2525 2152 2556 Fo-

338 2592 427 2621 resto
453 2590 494 2620 de
521 2587 760 2624 Canevanova,
787 2588 854 2618 tilio
880 2588 1051 2627 quondam
1071 2588 1196 2618 domini
1217 2586 1517 2624 Ambroxii,tutori
1533 2589 1563 2618 et
1578 2587 1748 2618 executori
1765 2587 1952 2618 testamenti
1979 2587 2149 2627 quondam

338 2652 463 2683 domini
492 2651 649 2682 Iohannis
676 2650 809 2681 Antonii
837 2651 877 2681 de
906 2649 1024 2685 Strata,
1052 2650 1092 2681 de
1119 2650 1250 2681 ducatis
1278 2651 1411 2691 triginta
1438 2650 1507 2681 auri
1535 2651 1565 2681 et
1592 2650 1622 2680 in
1649 2658 1741 2687 auro,
1769 2658 1828 2689 pro
1855 2652 1946 2689 parte
1964 2649 2150 2681 solucionis

339 2715 469 2746 illorum
495 2714 692 2744 ducatorum
720 2715 999 2753 quatuorcentum
1027 2713 1097 2743 auri
1125 2714 1155 2743 et
1182 2713 1212 2743 in
1239 2721 1332 2749 auro,
1370 2713 1554 2753 legatorum
1592 2712 1682 2743 dicto
1719 2712 1898 2743 conventui
1925 2721 1985 2752 pro
2010 2711 2152 2743 fabrica—

339 2778 428 2809 tione
454 2777 605 2807 sacristie
632 2776 710 2806 dicti
739 2779 969 2806 conventus...
998 2774 1061 2805 Pro
1088 2775 1213 2814 quibus
1239 2775 1373 2814 quidem
1411 2775 1543 2806 ducatis
1580 2773 1671 2805 XXX
1709 2775 1787 2805 dicti
1826 2775 1950 2805 domini
1978 2773 2153 2806 Bartliola-

340 2849 433 2871 meus
460 2842 489 2870 et
517 2838 616 2869 frater
642 2837 838 2877 Baptista...
867 2837 1062 2876 promittunt
1090 2845 1154 2867 non
1182 2837 1368 2876 inquietare
1395 2837 1519 2868 dictum
1546 2837 1718 2867 dominum
1754 2836 1926 2868 Forestum
1954 2839 1984 2868 et
2009 2845 2068 2868 seu
2097 2837 2153 2867 he-

342 2902 438 2933 redes
465 2901 543 2932 dicti
570 2900 740 2940 quondam
767 2900 893 2930 domini
933 2899 1091 2930 lobannis
1129 2898 1275 2936 Antonii,
1302 2902 1362 2930 etc.
1391 2899 1429 2930 Et
1454 2899 1545 2938 quod
1584 2899 1839 2930 instrumentum
1878 2900 2078 2930 extendatur
2110 2899 2151 2930 ad

341 2965 507 2995 dic-tamen
544 2962 670 2993 domini
708 2960 855 2993 Simonis
881 2962 922 2992 de
949 2961 1118 2992 Furnariis
1155 2964 1217 2992 etc.
1244 2963 1275 2992 et
1301 2961 1486 2992 secundum
1525 2962 1728 3001 exigentiam
1756 2961 1897 3002 negocii.
1932 2960 1970 2992 Et
1996 2961 2153 3001 precibus

341 3028 371 3057 et
398 3025 565 3056 mandatis
603 3024 768 3055 dictorum
807 3024 1018 3054 dominorum
1056 3023 1241 3054 fideiubent
1266 3026 1297 3054 et
1323 3023 1519 3063 promittunt
1553 3024 1782 3064 principaliter
1807 3026 1838 3055 et
1865 3024 1895 3054 in
1922 3023 2067 3055 solidum
2094 3023 2153 3054 do-

343 3088 452 3118 minus
479 3086 680 3119 Gunitortus
718 3086 758 3117 de
797 3085 995 3116 Fiambertis
1032 3085 1120 3116 tilius
1159 3085 1329 3125 quondam
1367 3085 1492 3116 domini
1531 3085 1688 3117 Iohannis
1726 3086 1832 3117 Marie
1865 3089 1895 3117 et
1922 3085 2086 3126 Filipinus
2111 3086 2152 3117 de
