2347 3444
1931 191 1973 222 29

957 397 1182 438 CXLIX.

250 503 381 532 Ordine
407 505 442 532 di
468 504 607 541 Filippo
645 506 758 534 Maria
797 506 959 534 Visconti
986 506 1018 534 al
1045 506 1198 534 Comune
1224 506 1259 534 di
1286 506 1397 534 Pavia
1433 508 1560 542 perche
1589 507 1693 543 paghi
1733 507 1925 536 l'onorario
1954 518 1973 536 a

164 558 252 586 frate
278 558 397 586 Pietro
423 558 467 586 da
493 558 714 591 Castelletto.
743 560 945 595 professore
970 559 1222 588 universitario
1240 556 1300 598 (l)

772 682 848 705 14(
857 682 925 713 )4‚
954 683 1292 711 sett01121n·e.‚
1323 682 1376 706 ‹5-

650 770 726 790 =Arcl=⁴
744 770 779 791 dcl
796 770 917 791 Reti-irato
933 770 985 791 dell·
997 770 1062 791 Univ.
1079 770 1100 790 di
1118 770 1186 791 Pavia
1202 781 1226 783 ⁴
1243 770 1298 791 Docv
1316 770 1371 794 orit(⁴
1389 772 1445 791 carte
1464 770 1488 793 l).

249 954 355 1071 C
411 971 515 998 OMES
541 966 645 1007 Papie
671 976 709 998 ae
737 966 902 998 Dominus
929 967 1069 1005 Verone‚
1096 970 1158 999 ete.

522 1029 685 1061 Volumus
712 1030 802 1069 quod
831 1031 976 1061 rationes
995 1032 1025 1061 et
1045 1030 1188 1062 bulletas
1214 1030 1453 1061 venerabilium
1481 1030 1677 1061 dilectorum
1705 1032 1893 1061 nostrorum
1920 1031 1981 1061 do-

200 1127 218 1128 Π
403 1122 404 1127 ,
433 1093 596 1123 minorum
636 1093 869 1132 magistrorum
908 1092 1109 1124 Bartolomei
1135 1093 1176 1124 de
1210 1092 1364 1124 Pomario
1401 1093 1529 1124 ordinis
1567 1092 1735 1123 Minorum
1763 1094 1793 1124 et
1824 1092 1910 1124 Petri
1938 1094 1978 1124 de

167 1153 339 1186 Casteleto
364 1155 492 1185 ordinis
520 1154 772 1192 Heremitarum,
798 1164 892 1186 sacre
918 1155 1086 1196 theologie
1112 1155 1352 1195 professorum,
1373 1164 1431 1195 pro
1458 1157 1526 1186 toto
1553 1155 1608 1186 illo
1634 1157 1782 1195 tempore
1809 1164 1876 1195 quo
1903 1156 1981 1187 hac-

128 1244 131 1248 .
168 1219 265 1248 tenus
292 1217 440 1258 legerunt
466 1219 497 1248 et
524 1217 633 1257 legent
659 1226 789 1248 sacram
816 1218 1020 1257 theologiam
1047 1220 1077 1249 et
1103 1218 1186 1249 alias
1213 1218 1356 1249 lecturas
1383 1226 1474 1254 suas,
1493 1218 1534 1249 ad
1561 1226 1646 1257 quas
1672 1217 1805 1249 fuerunt
1831 1218 1919 1249 aliax
1948 1219 1978 1248 in

169 1280 231 1310 hoe
261 1281 375 1311 nostro
412 1280 566 1320 papiensi
604 1278 723 1311 Studio
760 1280 921 1319 deputati,
960 1280 1027 1311 lieri
1055 1282 1085 1311 et
1111 1280 1266 1311 concludi
1305 1279 1437 1311 faciatis
1464 1280 1506 1310 ita
1533 1282 1563 1310 et
1589 1279 1696 1310 taliter
1733 1280 1822 1319 quod
1862 1289 1975 1311 eorum

169 1343 292 1374 exinde
319 1342 505 1373 solutiones
531 1344 562 1373 et
587 1342 736 1373 debitum
764 1343 926 1382 consequi
955 1343 1096 1382 possint,
1122 1342 1293 1382 aliquibus
1319 1342 1576 1373 inhibitionibus
1602 1351 1661 1373 seu
1688 1342 1762 1373 aliis
1790 1342 1820 1373 in
1847 1345 1979 1374 contra-

171 1406 252 1436 rium
279 1414 344 1435 non
371 1404 595 1436 obstantibus.
623 1403 697 1435 Dat.
725 1403 839 1444 Papie,
866 1405 918 1436 die
945 1404 984 1435 VI
1011 1404 1222 1445 septembris,
1248 1402 1475 1444 MCCCClllJ.
1504 1403 1678 1435 lohannes.

257 1467 282 1498 A
310 1469 420 1506 tergo:
446 1466 588 1506 lig-regio
615 1466 685 1497 viro
712 1465 871 1497 potestati
910 1469 1023 1497 nostro
1050 1465 1153 1506 Papie
1180 1475 1239 1497 nec
1267 1475 1331 1497 non
1371 1465 1595 1505 prudentibus
1622 1465 1701 1496 viris
1739 1464 1978 1498 Referendario

169 1532 200 1561 et
226 1528 443 1569 Sapientibus
469 1529 509 1559 ad
538 1529 628 1560 utilia
655 1527 818 1560 Comunis
843 1529 995 1560 eiusdem
1022 1531 1134 1560 nostre
1160 1529 1306 1560 civitatis
1331 1528 1512 1568 deputatis.

1028 1703 1118 1743 CL.

253 1821 445 1849 Iscrizione
471 1821 504 1848 al
530 1820 692 1856 sepolcro
718 1820 753 1848 di
779 1821 868 1849 frate
894 1821 1079 1849 Bonifacio
1105 1821 1296 1857 Bottigella
1321 1818 1381 1860 (2)

802 1943 956 1973 1404,
985 1944 1223 1974 υῒῒοὶ)ι·ε-.,
1254 1943 1344 1968 27.

742 2031 866 2055 (TORELLl,
884 2031 960 2052 Sccoli
977 2032 1138 2057 Agostiniani‚
1155 2032 1199 2052 vol.
1216 2031 1262 2057 vn,
1279 2037 1331 2057 pag,
1347 2031 1402 2056 396).

183 2207 184 2211 Ἰ
233 2213 354 2330 H
404 2195 444 2260 ¹lC
471 2228 556 2260 iacet
582 2227 662 2261 Rev.
688 2229 845 2260 dominus
871 2230 900 2260 et
927 2231 1020 2269 pater
1036 2228 1056 2260 f.
1080 2228 1274 2260 Bonifacius
1300 2229 1485 2269 episcopus
1512 2228 1684 2260 laudensis
1710 2230 1741 2260 et
1766 2237 1891 2267 comes,
1911 2238 1980 2261 ma-

404 2298 405 2317 l
433 2291 536 2332 gister
561 2291 592 2322 in
618 2300 714 2323 sacra
741 2291 907 2332 theologia
926 2290 1063 2323 Ordinis
1089 2291 1225 2323 fratrum
1253 2290 1469 2322 Eremitarum
1496 2292 1602 2322 sancti
1623 2290 1802 2332 Augustini
1818 2291 1859 2323 de
1877 2292 1978 2323 domo

183 2351 184 2387 1
355 2389 371 2390 7
403 2350 404 2390 ἶ
433 2354 562 2385 illorum
604 2354 645 2385 de
683 2353 858 2394 Butigellis
899 2355 1026 2394 primus
1068 2355 1226 2394 magister
1267 2354 1442 2394 papiensis
1468 2352 1528 2393 (3),
1566 2355 1622 2395 qui
1663 2355 1745 2386 obiit
1785 2364 1874 2386 anno
1907 2353 1976 2386 Do-

167 2389 244 2446 mini
271 2414 484 2454 MCCCCIV,
510 2416 564 2447 die
590 2415 707 2447 XXVII
733 2416 882 2448 octobris
900 2414 960 2455 (4).

222 2584 250 2607 (ll
269 2584 274 2604 l
292 2583 416 2609 professori
432 2584 586 2605 universitarii
602 2589 646 2604 non
662 2589 732 2604 erano
747 2589 830 2604 ancora
841 2583 917 2608 pagati
934 2583 992 2603 dalla
1005 2582 1046 2603 Ca·
1100 2583 1141 2603 che
1157 2583 1176 2603 la
1192 2582 1251 2603 rnen
1269 2588 1348 2603 monca
1365 2583 1399 2603 nel
1415 2583 1506 2603 volume
1522 2583 1673 2603 manoscritto
1689 2582 1747 2603 delle
1759 2582 1873 2603 lscrizioni
1886 2583 1973 2608 pavesi.

171 2633 232 2649 mera
248 2628 374 2654 viscontea,
397 2629 492 2649 sibbene
514 2629 573 2649 dalla
596 2628 668 2649 Cassa
692 2628 820 2653 coniunale,
836 2628 877 2648 che
893 2633 932 2653 per
948 2627 967 2647 le
983 2627 1042 2647 disa-
1149 2627 1178 2649 (3)
1193 2626 1287 2647 Primus
1302 2627 1418 2653 magister
1430 2627 1553 2653 papiensis
1564 2626 1667 2652 significa
1679 2627 1720 2647 che
1731 2627 1744 2647 il
1757 2628 1837 2647 nostro
1850 2626 1972 2652 Bottigella

170 2674 247 2693 strose
262 2673 390 2694 condizioni
415 2673 524 2698 politiche
546 2673 573 2693 ed
596 2672 752 2697 economiche,
769 2672 871 2692 turbanti
887 2672 908 2691 lo
930 2671 997 2692 Stato
1013 2671 1042 2691 tin
1098 2671 1120 2691 iu
1137 2670 1150 2691 il
1167 2671 1240 2696 primo
1256 2672 1296 2692 che
1311 2671 1380 2691 abbia
1402 2671 1523 2696 insegnato
1546 2671 1646 2697 teologia
1671 2671 1863 2692 nell'Universitzl
1880 2677 1973 2697 pavese.

170 2717 230 2738 dalla
247 2720 319 2738 morte
335 2717 356 2738 di
372 2717 429 2739 Gian
445 2717 568 2742 Galeazzo,
585 2717 603 2738 si
619 2718 716 2738 trovava
732 2717 753 2737 di
769 2722 853 2743 spesso
864 2716 922 2737 nella
938 2716 1044 2741 iinpossi-
1098 2715 1174 2736 lniatti
1189 2715 1224 2736 cio
1240 2716 1361 2741 apparisce
1384 2715 1420 2736 dai
1443 2715 1575 2736 documenti
1599 2715 1725 2741 pubblicati
1749 2715 1777 2736 da
1794 2714 1818 2737 R.
1835 2715 1973 2740 ΜΑΙΟΕΕΗΙ,

171 2762 234 2783 bima
249 2762 270 2782 di
286 2762 416 2783 soddisfare
431 2762 436 2782 i
453 2762 539 2788 proprii
555 2762 635 2787 debiti,
651 2761 801 2788 provocando
817 2762 921 2787 proteste
936 2760 995 2786 degli
1011 2760 1043 2780 in-
1099 2760 1155 2781 σού.
1172 2760 1277 2786 diplom„
1289 2760 1334 2780 vol,
1345 2760 1360 2785 1,
1372 2765 1424 2786 pag.
1440 2760 1477 2785 27;
1494 2761 1581 2781 mentre
1597 2760 1781 2781 l'aiiermazione
1793 2759 1851 2780 delle
1863 2760 1974 2781 Memoriu

170 2806 277 2828 teressati
293 2806 321 2827 ed
336 2806 410 2827 ordini
432 2806 468 2827 del
491 2806 601 2832 principe,
624 2811 689 2827 come
709 2806 743 2827 nel
759 2811 814 2826 caso
830 2807 918 2826 nostro.
936 2804 1043 2825 Notiamo
1099 2810 1110 2825 e
1125 2804 1174 2825 doc.
1189 2810 1232 2830 per
1246 2804 1270 2825 Ia
1285 2804 1362 2825 storia
1377 2803 1434 2825 dell¹
1445 2804 1511 2826 Univ.
1528 2809 1574 2825 ecc.
1592 2803 1670 2829 Pavia,
1689 2804 1746 2829 1878,
1762 2804 1807 2824 vol.
1826 2803 1840 2829 1,
1858 2809 1910 2829 pag.
1929 2803 1972 2828 186,

171 2857 227 2878 pure
242 2851 280 2877 qui
296 2851 337 2872 che
352 2851 387 2872 nel
403 2850 485 2873 Rotolo
501 2851 536 2872 dei
553 2851 640 2872 Lettori
655 2850 715 2871 dello
737 2850 820 2871 Studio
836 2856 876 2876 per
891 2850 974 2870 l'anno
992 2849 1041 2870 1405
1095 2848 1136 2869 che
1151 2848 1320 2869 attribuiscono
1343 2850 1427 2874 questo
1450 2848 1523 2874 primo
1546 2848 1721 2874 insegnamento
1742 2854 1755 2868 a
1771 2847 1829 2868 irate
1852 2847 1929 2868 pietro
1945 2847 1973 2868 da

172 2895 257 2921 leggesi
274 2895 387 2921 deputato
402 2895 434 2916 ad
448 2895 560 2917 lecturam
577 2895 694 2921 theologie
709 2895 793 2916 Petrus
809 2894 837 2915 de
850 2894 990 2915 Castelletto
1002 2893 1045 2914 He-
1099 2892 1195 2918 candia,
1211 2892 1223 2913 ὲ
1238 2892 1334 2913 stornita
1350 2892 1372 2913 di
1387 2898 1465 2919 prove.

172 2940 318 2961 remitarum.
1148 2937 1178 2961 (4)
1193 2936 1280 2962 Questa
1296 2937 1439 2958 indicazione
1455 2937 1490 2958 del
1502 2937 1583 2963 giorno
1594 2936 1711 2957 obituario
1723 2941 1802 2957 manca
1819 2936 1840 2956 in
1856 2935 1948 2960 Torelli.
1961 2941 1972 2956 e

222 2984 252 3007 12)
267 2983 355 3005 stando
370 2984 413 3005 alle
428 2984 514 3005 notizie
529 2984 566 3005 del
581 2984 696 3009 TORELU,
712 2984 756 3005 loc.
773 2984 820 3007 εΗ..
837 2983 850 3003 il
867 2982 990 3007 Bottigella
1006 2987 1041 3002 sa·
1096 2982 1131 3002 noi
1148 2982 1168 3002 la
1184 2981 1328 3002 desumiamo
1343 2981 1380 3002 dal
1395 2982 1468 3002 citato
1483 2987 1525 3002 ms.
1543 2981 1618 3002 Bossi.
1636 2981 1658 3002 ln
1675 2982 1759 3007 questo
1775 2981 1793 3001 si
1810 2981 1875 3006 legge
1899 2980 1971 3001 anche

170 3028 240 3049 rebbe
255 3029 330 3049 morto
345 3028 366 3049 in
383 3028 460 3050 Pavia.
477 3029 507 3050 La
523 3034 565 3050 sua
576 3029 695 3055 sepottura
706 3028 729 3049 iu
741 3029 882 3049 certamcnte
897 3026 918 3048 in
930 3026 951 3047 S.
965 3026 1042 3047 l'ictro
1097 3026 1138 3047 che
1153 3026 1173 3047 la
1189 3025 1291 3052 epigraie
1306 3031 1344 3047 era
1360 3026 1391 3047 ad
1406 3025 1429 3047 S.
1446 3026 1601 3052 Augustinum
1618 3026 1641 3046 iri
1657 3025 1734 3046 media
1751 3025 1832 3051 templi
1844 3024 1957 3050 planicie*

171 3073 192 3093 in
208 3071 255 3094 ciet
270 3072 349 3098 d'oro,
364 3078 408 3094 ove
423 3073 443 3094 la
459 3072 560 3099 epigrate
576 3072 598 3093 tu
614 3073 686 3094 anche
696 3073 751 3094 letta
767 3072 796 3093 da
812 3072 952 3094 ΟΕκοιΑΜο
965 3071 1044 3095 Bossi,
