2347 3444
342 198 406 230 338

340 334 445 364 stator
470 334 544 365 eius
568 335 713 366 cadaver
739 337 861 376 portari
888 340 919 368 et
945 338 975 369 in
1003 338 1090 370 dicta
1116 339 1244 379 capella
1271 343 1461 372 sanctorum
1496 340 1621 374 Cosme
1646 345 1677 374 et
1703 341 1869 380 Damiani,
1905 345 2096 375 constructa
2122 345 2156 375 ut

340 402 442 435 supra
468 395 591 428 dictum
618 400 678 434 est,
706 399 736 429 in
764 399 837 439 ipsa
863 400 1003 431 ecclesia
1030 402 1135 432 sancti
1164 400 1270 438 Pauli,
1297 403 1430 443 sepeliri
1457 404 1589 435 debere.
1615 403 1750 442 Quibus
1791 406 1926 446 quidem
1962 406 2090 446 capelle
2126 407 2157 437 et

339 457 490 495 ecclesie,
517 459 668 491 eiusdem
696 463 911 498 monasterio,
936 471 974 493 ac
1000 463 1147 494 dominis
1185 462 1309 501 Priori,
1349 464 1520 497 Fratribus
1545 475 1582 497 ac
1608 468 1788 498 conventui
1827 468 1978 499 eiusdem
2016 468 2156 499 ecclesie

340 519 426 550 idem
452 520 611 552 dominus
638 521 866 554 Bernardinus
892 527 1030 555 testator
1056 525 1146 555 dedit
1172 528 1202 556 et
1229 525 1352 566 legavit
1377 535 1415 558 ac
1441 527 1497 558 dat
1522 530 1553 558 et
1579 528 1666 569 legat
1692 531 1796 560 totum
1825 530 1904 561 illud
1935 530 2046 561 fictum
2084 539 2157 570 per-

339 584 473 620 petuum
500 582 701 615 florenorum
729 594 834 620 sex,...
861 586 952 625 quod
979 586 1076 617 datur
1101 589 1131 617 et
1158 589 1324 627 prestatur
1351 597 1408 628 per
1434 587 1676 621 Bernardinum
1695 593 1726 621 et
1744 589 1944 622 Damanium
1971 591 2090 623 fratres
2115 591 2156 622 de

339 643 521 682 Landulfis,
547 654 588 676 ex
616 647 820 686 quibusdam
848 648 1111 688 proprietatibus
1137 649 1211 679 sitis
1239 649 1269 680 in
1296 650 1461 681 territorio
1488 650 1652 683 Vilenove
1678 652 1718 683 de
1746 652 1948 694 Ardengbis,
1983 653 2152 685 Lomeline

337 704 528 739 Comitatus
555 707 668 749 Papie:
689 710 763 740 item
790 712 820 740 et
847 710 940 749 ipsas
966 710 1189 750 proprietates
1208 720 1248 742 ex
1268 712 1394 751 quibus
1413 712 1553 743 debetur
1570 716 1600 744 et
1619 714 1762 745 solvitur
1780 715 1891 746 fictum
1912 716 2021 756 ipsum
2041 715 2154 756 quoad

337 768 497 800 directum
524 770 708 801 dominium
736 775 765 802 et
791 772 934 802 civillem
963 773 1252 812 possessionem...
1278 782 1352 804 cum
1380 774 1442 805 hoc
1468 777 1576 806 tamen
1603 784 1702 807 onere
1721 777 1813 816 quod
1833 777 1896 817 ipsi
1916 777 2042 808 domini
2062 776 2155 809 Prior

336 834 366 861 et
394 830 523 863 Fratres
549 833 626 863 dicti
656 834 847 864 monasterii
874 836 904 864 et
930 834 1070 865 ecclesie
1096 836 1201 866 sancti
1230 834 1323 867 Pauli
1350 839 1525 868 teneantur
1550 840 1581 868 et
1607 837 1762 876 debeant,
1787 839 1920 879 singula
1953 839 2154 877 ebdomada,

335 893 388 924 die
416 894 515 928 Lune.
541 895 708 926 celebrare
734 904 791 926 seu
819 896 977 927 celebrari
1005 896 1112 928 facere
1140 898 1276 929 missam
1309 907 1407 929 unam
1447 899 1594 937 bassam,
1622 900 1652 931 in
1681 901 1754 940 ipsa
1791 901 1921 941 capella
1947 904 1977 932 et
2003 902 2044 932 ad
2081 902 2155 933 eius

335 956 447 991 altare,
476 966 534 996 pro
560 958 670 988 anima
697 961 727 988 et
754 958 783 988 in
811 959 1043 990 remissionem
1072 963 1284 1000 peccatorum
1312 961 1421 1001 ipsius
1455 961 1580 992 domini
1620 963 1802 999 testatoris,
1828 966 1858 994 et
1884 964 1981 994 etiam
2020 964 2154 1004 singulo

334 1026 433 1053 anno,
460 1023 535 1058 post
563 1020 669 1059 ipsius
696 1020 820 1050 domini
848 1022 1018 1052 testatoris
1044 1022 1231 1060 decessum,
1258 1025 1431 1054 teneantur
1456 1026 1486 1054 et
1513 1024 1656 1055 debeant
1681 1024 1848 1056 celebrare
1874 1034 1974 1056 unum
2001 1026 2155 1056 anniver-

335 1081 404 1111 sale
430 1085 459 1111 et
486 1090 542 1111 seu
571 1091 670 1112 unum
699 1082 845 1113 officium
873 1083 903 1113 in
930 1086 1027 1114 cantu
1054 1093 1071 1114 a
1099 1085 1238 1115 mortuis
1264 1094 1337 1115 cum
1366 1086 1479 1116 missis
1506 1086 1618 1117 bassis
1644 1087 1791 1117 omnium
1812 1086 1959 1118 Fratrum
1979 1088 2056 1118 dicti
2074 1096 2153 1119 con-

335 1149 464 1179 ventus‚
493 1144 522 1174 in
550 1144 602 1174 die
628 1145 798 1184 sepulture
824 1146 1001 1177 cadaveris
1028 1147 1135 1187 ipsius
1162 1147 1288 1178 domini
1316 1149 1496 1183 testatoris.
1523 1149 1549 1179 si
1579 1158 1642 1180 non
1663 1152 1811 1180 occurret
1831 1150 1861 1180 in
1882 1150 1934 1181 die
1953 1149 2050 1187 festo,
2069 1150 2152 1181 alio-

333 1206 412 1244 quin
440 1206 492 1236 die
520 1206 708 1238 immediate
735 1208 887 1247 sequenti
915 1217 979 1239 non
1007 1208 1141 1240 festivo
1169 1209 1206 1240 Et
1234 1210 1276 1240 ita
1303 1210 1388 1241 idem
1417 1211 1575 1241 dominus
1601 1213 1750 1248 testator,
1769 1212 1810 1242 ad
1829 1212 2065 1243 celebrandum
2085 1212 2154 1243 sin-

333 1268 409 1307 gula
436 1268 626 1299 ebdomada
654 1269 706 1300 die
733 1270 808 1301 lune
835 1271 956 1301 dictam
984 1271 1120 1302 missam
1148 1275 1178 1303 et
1204 1272 1338 1313 singulo
1364 1281 1453 1303 anno
1480 1273 1603 1304 dictum
1630 1274 1842 1305 anniversale
1874 1277 1905 1305 et
1931 1283 1988 1305 seu
2027 1274 2150 1305 dictum

332 1329 478 1361 officium
505 1340 578 1361 cuin
605 1331 703 1363 dictis
730 1333 854 1370 missis,
880 1334 1034 1373 gravavit
1060 1336 1091 1364 et
1116 1337 1233 1374 gravat
1260 1335 1368 1366 dictos
1406 1335 1564 1366 dominos
1602 1334 1748 1367 Priorem
1775 1339 1805 1367 et
1833 1336 1962 1367 Fratres
1988 1345 2025 1367 ac
2051 1337 2149 1367 etiam

331 1393 372 1423 ad
400 1394 592 1433 ponendum
619 1397 649 1425 et
676 1395 755 1435 poni
782 1395 972 1427 debendum
999 1406 1106 1428 ceram
1126 1400 1351 1438 opportunam
1371 1400 1401 1428 et
1420 1398 1655 1434 necessariam,
1675 1407 1735 1438 pro
1755 1398 1839 1438 ipsis
1857 1398 1969 1429 officio
1988 1401 2018 1430 et
2037 1399 2151 1430 missis

331 1456 378 1486 sic
403 1455 614 1488 celebrandis
640 1457 776 1498 singulo
801 1467 902 1495 anno,
927 1468 1041 1490 eorum
1068 1460 1240 1500 expensis.

420 1517 496 1549 item
525 1519 645 1550 idem...
672 1522 811 1551 testator
837 1521 953 1559 voluit,
980 1522 1111 1553 iussit...
1139 1522 1230 1562 quod
1257 1523 1287 1553 in
1315 1522 1525 1554 funeralibus
1550 1523 1727 1554 cadaveris
1753 1523 1861 1563 ipsius
1887 1523 2013 1554 domini
2051 1525 2152 1555 testa-

330 1580 411 1611 toris
437 1580 551 1620 aliquo
579 1582 679 1613 modo
707 1583 833 1614 nullum
860 1584 916 1615 fiat
942 1593 1000 1615 nec
1027 1585 1094 1615 fieri
1122 1584 1243 1616 debeat
1269 1585 1523 1616 invitamentum
1550 1594 1609 1616 nec
1635 1585 1749 1625 aliqua
1785 1586 1949 1616 asociatio
1974 1587 2040 1617 tam
2078 1594 2152 1626 per-

329 1651 487 1673 sonarum
515 1643 683 1684 laycarum
711 1654 811 1685 quam
838 1646 1152 1684 ecclesiasticarum,
1179 1650 1288 1687 preter
1321 1656 1421 1687 quam
1459 1648 1597 1678 rectoris
1622 1647 1762 1678 ecclesie
1799 1648 1904 1679 sancti
1942 1646 2078 1688 Georgii
2117 1648 2148 1679 in

330 1704 492 1736 Fenarolo
519 1707 714 1746 parochiani
742 1708 851 1748 ipsius
877 1709 1003 1740 domini
1029 1710 1211 1747 testatoris,
1237 1712 1267 1740 et
1293 1710 1504 1741 dominorum
1525 1709 1651 1741 Prioris
1668 1712 1699 1741 et
1717 1709 1865 1741 Fratrum
1885 1710 2024 1741 ecclesie
2043 1710 2147 1741 sancti

329 1765 422 1798 Pauli
450 1769 589 1808 predicti
617 1771 647 1800 et
674 1770 765 1810 quod
792 1779 850 1801 nec
876 1772 974 1802 etiam
1001 1772 1057 1803 fiat
1083 1772 1196 1812 aliqua
1223 1772 1376 1812 pulsacio
1401 1781 1651 1812 campanarum,
1678 1772 1774 1803 salvo
1800 1781 1900 1812 quam
1927 1772 2035 1804 solum
2061 1780 2150 1804 cam-

329 1839 490 1870 panarum
518 1831 604 1863 dicte
629 1833 769 1864 ecclesie
795 1834 900 1865 sancti
927 1833 1076 1875 Georgii,
1102 1835 1175 1865 eius
1201 1835 1326 1865 domini
1353 1835 1524 1866 testatoris
1542 1835 1710 1874 parochie,
1729 1838 1759 1865 et
1779 1835 1864 1866 dicte
1883 1834 2023 1866 ecclesie
2041 1835 2146 1866 sancti

329 1891 434 1924 Pauli.
461 1892 525 1931 Qui
554 1893 784 1927 Parocbianus
810 1899 840 1926 et
867 1896 997 1928 Fratres
1023 1897 1128 1928 sancti
1156 1896 1262 1934 Pauli,
1289 1897 1320 1928 in
1347 1897 1555 1928 asociatione
1580 1897 1757 1928 cadaveris
1792 1897 1900 1937 ipsius
1938 1896 2063 1927 domini
2102 1899 2149 1928 te-

327 1956 473 1991 statoris,
501 1956 646 1987 babeant
671 1959 701 1988 et
728 1957 849 1988 nabere
875 1958 1019 1989 debeant
1045 1959 1076 1990 in
1102 1968 1216 1990 eorum
1244 1959 1400 1990 manibus
1425 1959 1638 1990 candelotum
1665 1968 1766 1990 unum
1793 1967 1865 1990 cere
1883 1967 2060 1990 accensum
2088 1968 2148 1999 pro

325 2018 459 2058 singulo
485 2028 611 2057 eorum,
639 2020 825 2060 volensque
851 2021 949 2052 etiam
977 2022 1068 2061 quod
1095 2022 1205 2053 circha
1246 2022 1370 2053 dictum
1397 2023 1469 2053 eius
1495 2022 1640 2053 cadaver
1665 2024 1695 2052 et
1722 2021 1859 2061 quando
1885 2021 2092 2052 asociabitur
2116 2024 2147 2052 et

324 2080 510 2120 portabitur
536 2081 577 2112 ad
604 2075 835 2122 sepeliendum
863 2083 1078 2115 solummodo
1105 2085 1171 2116 sint
1196 2087 1227 2116 et
1253 2093 1327 2116 esse
1354 2085 1499 2116 debeant
1526 2085 1626 2115 torcie
1652 2086 1728 2115 octo
1753 2092 1893 2115 accense
1931 2092 1995 2123 que
2021 2084 2144 2124 portari

324 2143 468 2174 debeant
495 2152 552 2184 per
577 2147 653 2175 octo
681 2144 811 2177 Fratres
837 2146 923 2177 dicte
950 2147 1089 2178 ecclesie
1116 2148 1220 2178 sancti
1250 2146 1344 2178 Pauli
1371 2147 1521 2188 predicti.

414 2205 491 2237 Item
519 2207 605 2238 idem
633 2208 792 2239 dominus
818 2208 1046 2241 Bernardinus
1072 2212 1211 2241 testator
1236 2210 1328 2241 dedit
1353 2212 1383 2241 et
1410 2209 1578 2250 legavit...
1605 2209 1702 2240 dictis
1729 2209 1876 2239 dominis
1895 2207 1999 2238 Priori
2019 2210 2049 2238 et
2069 2207 2145 2239 Fra—

324 2268 431 2299 tribus
457 2270 562 2300 sancti
592 2268 685 2301 Pauli
714 2271 852 2310 predicti
879 2272 1020 2312 eiusque
1046 2273 1226 2303 conventui
1254 2274 1358 2303 totum
1387 2272 1467 2303 illud
1498 2272 1620 2308 fictum,
1659 2271 1698 2302 de
1725 2280 1792 2311 quo
1830 2271 1908 2301 dicti
1946 2269 2065 2301 fratres
2102 2270 2142 2301 de

326 2331 497 2362 Landult'is
523 2336 600 2363 sunt
626 2336 656 2364 et
683 2336 807 2365 restant
833 2335 1004 2366 debitores
1030 2335 1181 2366 eiusdem
1219 2335 1346 2366 domini
1388 2335 1558 2366 testatoris
1583 2336 1613 2365 et
1639 2333 1775 2365 fratrum
1803 2342 1963 2370 suorum,
2000 2341 2018 2363 a
2055 2332 2142 2364 festo

323 2394 428 2424 sancti
457 2394 591 2426 Martini
620 2397 772 2435 proxime
799 2397 955 2437 preterito
983 2399 1068 2428 retro
1095 2397 1270 2434 inclusive,
1307 2397 1460 2437 exceptis
1497 2397 1628 2437 grossis
1654 2396 1771 2436 viginti
1810 2395 2019 2432 Mediolani,
2056 2402 2143 2434 quos

324 2455 396 2495 ipse
424 2457 582 2488 dominus
608 2460 746 2489 testator
772 2459 962 2491 rellassavit
987 2462 1018 2491 et
1043 2459 1184 2491 relassat
1211 2460 1295 2500 ipsis
1336 2458 1501 2490 Damiano
1528 2460 1558 2489 et
1584 2458 1674 2489 fratri
1712 2458 1752 2488 de
1791 2457 1875 2497 ipsis
1912 2457 1997 2488 fictis
2033 2458 2064 2487 et
2101 2456 2141 2487 de

323 2519 448 2558 quibus
474 2524 550 2551 sunt
576 2521 746 2552 debitores
785 2523 848 2562 ipsi
888 2521 1073 2553 Damianus
1098 2524 1129 2553 et
1154 2521 1264 2553 frater.
1290 2520 1375 2554 Cum
1403 2522 1465 2552 hoc
1498 2523 1606 2552 tamen
1645 2529 1744 2551 onere
1782 2519 1873 2559 quod
1911 2519 1974 2559 ipsi
2013 2519 2138 2549 domini

324 2579 417 2611 Prior
442 2586 472 2613 et
500 2582 629 2614 Fratres
655 2587 828 2615 teneantur
853 2588 883 2616 et
909 2585 1053 2616 debeant
1080 2586 1109 2616 in
1137 2585 1190 2616 die
1217 2584 1407 2615 immediate
1433 2583 1586 2624 sequenti
1629 2585 1706 2623 post
1743 2582 1829 2613 diem
1868 2590 1933 2621 qua
1971 2580 2138 2621 sepultum

323 2642 419 2674 fuerit
445 2645 518 2675 eius
544 2646 669 2676 domini
697 2648 867 2678 testatoris
893 2648 1047 2683 cadaver,
1073 2647 1240 2678 celebrare
1266 2649 1313 2678 tot
1339 2647 1462 2678 missas
1488 2654 1612 2686 parvas
1631 2647 1712 2685 quot
1729 2644 1887 2675 celebrari
1908 2645 2063 2683 poterunt
2082 2651 2139 2682 per

323 2705 417 2745 ipsos
443 2716 560 2738 omnes
587 2707 715 2739 Fratres
741 2710 818 2740 dicti
846 2710 1037 2741 monasterii
1065 2710 1169 2741 sancti
1187 2708 1280 2740 Pauli
1299 2708 1506 2740 celebrantes
1525 2708 1674 2744 missam,
1692 2715 1765 2737 cum
1785 2714 1849 2736 una
1869 2706 1971 2736 missa
1991 2705 2021 2735 in
2039 2706 2136 2735 cantu

321 2770 351 2798 et
377 2767 489 2800 officio
515 2770 680 2810 solempni
707 2780 724 2802 a
752 2773 902 2803 mortuis.
929 2772 966 2803 Et
992 2772 1143 2804 similiter
1169 2772 1225 2803 fiat
1250 2774 1280 2803 et
1306 2771 1374 2802 fieri
1401 2771 1521 2802 debeat
1547 2779 1604 2810 per
1630 2770 1725 2809 ipsos
1750 2768 1907 2799 dominos
1934 2766 2080 2798 Priorem
2107 2768 2138 2797 et

323 2830 452 2863 Fratres
479 2833 509 2863 in
537 2833 589 2864 die
616 2834 759 2873 septimo
785 2838 815 2865 et
842 2835 872 2865 in
900 2835 952 2866 die
978 2835 1150 2875 trigesimo
1176 2843 1193 2865 a
1220 2834 1272 2865 die
1299 2833 1468 2874 sepulture
1494 2832 1670 2864 cadaveris
1697 2831 1804 2871 ipsius
1823 2830 1948 2861 domini
1968 2828 2137 2860 testatoris

321 2902 394 2924 curn
421 2896 617 2934 aposicione
642 2905 714 2927 cere
741 2900 905 2937 oportune
931 2900 961 2928 et
987 2897 1175 2928 necessarie
1201 2897 1242 2927 ad
1270 2896 1377 2927 dictas
1403 2896 1526 2927 missas
1551 2896 1581 2925 et
1606 2894 1648 2925 ad
1674 2893 1762 2924 dicta
1791 2892 1913 2929 officia,
1939 2900 2052 2923 eorum
2079 2899 2138 2921 ex-

322 2959 447 2996 pensis.
476 2958 513 2989 Et
540 2959 582 2990 ita
608 2959 650 2990 ad
678 2959 771 2999 ipsas
797 2960 919 2990 missas
945 2962 975 2990 et
1001 2960 1088 2990 dicta
1114 2959 1225 2990 officia
1251 2957 1487 2990 celebrandum
1515 2957 1601 2987 idem
1628 2956 1786 2987 dominus
1811 2956 1949 2986 testator
1981 2954 2136 2995 gravavit

320 3023 350 3049 et
376 3024 493 3059 gravat
520 3022 615 3061 ipsos
641 3022 799 3053 dominos
826 3020 972 3052 Priorem
999 3023 1029 3052 et
1056 3021 1186 3052 Fratres
1211 3020 1316 3052 sancti
1344 3018 1437 3050 Pauli
1465 3018 1614 3059 predicti.

409 3084 485 3115 ltem
514 3085 599 3115 idem
637 3085 796 3117 dominus
833 3086 971 3116 testator
1008 3084 1116 3121 iussit,
1153 3083 1357 3123 disposuit...
1395 3081 1486 3122 quod
1519 3082 1547 3113 si
1585 3081 1662 3112 dicti
1696 3079 1814 3112 fratres
1840 3080 1880 3111 de
1907 3078 2089 3116 Landultis,
2114 3087 2132 3110 a
