2347 3444
1963 188 2020 220 201

1028 310 1206 350 CDVI.

298 411 350 439 La
376 411 562 441 Comunita
588 413 623 441 di
649 414 684 442 S.
712 415 886 451 Agostino
912 418 1023 445 vende
1050 418 1073 446 il
1099 418 1227 447 diretto
1254 419 1410 447 dominio
1436 420 1469 448 di
1496 430 1563 449 una
1589 422 1706 457 vigna.

854 520 1008 551 1477,
1037 522 1092 553 gi
1099 529 1273 554 1¹21109
1302 523 1380 548 13.

734 607 811 627 Ascli.
830 608 909 628 Notas.
926 608 947 628 di
966 608 1034 629 l'avia
1062 621 1085 623 ἡ
1101 610 1148 630 Λ111
1165 610 1186 630 (11
1203 610 1317 636 Agostiuo
1334 611 1472 637 Gravanago
1490 629 1493 632 .

220 858 221 882 l
470 857 562 896 quod
588 856 740 889 Andreas
767 859 806 890 de
833 858 951 891 Sacliis
970 861 1058 892 filius
1077 862 1247 901 quondam
1267 860 1387 899 Iacobi,
1406 862 1491 893 civis
1510 861 1623 902 Papie,
1651 863 1713 893 iam
1734 863 1860 903 pridem
1881 866 2023 904 promis-

192 799 197 803 ·
220 765 223 854 ¹
302 786 348 901 Ι
449 797 472 822 Ν
498 793 572 824 loco
598 793 745 835 Capituli
772 795 970 829 Conventus
995 800 1025 829 et
1051 797 1189 829 ecclesie
1227 799 1330 829 sancti
1370 798 1547 839 Augustini
1575 798 1721 840 Papio...
1759 799 1843 832 Cum
1882 802 1943 833 lioc
1981 804 2022 833 sit

218 886 221 961 ῐ
469 923 598 954 sionem
624 921 738 952 fecerit
763 921 803 951 de
831 921 1008 953 vendendo
1035 923 1218 953 reverendo
1243 925 1274 954 et
1301 924 1550 956 venerabilibus
1588 925 1734 956 dominis
1761 924 1864 957 Priori
1892 929 1922 957 et
1948 927 2023 958 Nlo—

203 986 295 1017 nacis
321 986 513 1017 monasterii
540 986 653 1016 sancte
680 984 785 1015 Marie
812 984 852 1014 de
876 982 1001 1021 Gratia,
1027 983 1205 1016 Cai·tluisie
1233 984 1335 1026 Papie
1362 986 1541 1026 vulgariter
1560 988 1752 1028 nuncupati,
1771 997 1888 1019 omnes
1907 991 1937 1019 et
1955 990 2022 1020 sin—

200 1047 297 1088 gulas
322 1049 459 1078 terras...
486 1047 593 1087 ipsius
620 1045 750 1077 Andree
778 1046 939 1085 positas...
967 1046 997 1077 in
1025 1046 1098 1077 loco
1123 1049 1154 1077 et
1187 1048 1349 1078 territorio
1384 1048 1498 1079 Vilccii
1532 1058 1714 1089 campanee
1751 1050 1926 1090 papiensis
1966 1060 2021 1082 su—

200 1118 346 1150 prane....
384 1110 415 1140 in
453 1108 577 1149 quibus
615 1108 714 1139 bonis
752 1108 982 1139 vendendis...
1016 1109 1112 1139 adest
1137 1109 1225 1148 petia
1252 1118 1315 1140 una
1342 1112 1424 1141 terre
1449 1111 1626 1142 advineate
1652 1112 1694 1142 ad
1720 1112 1858 1143 altinum
1886 1113 1917 1143 in
1944 1114 2018 1153 ipso

199 1172 363 1202 territorio
389 1171 504 1202 Vilezii
532 1171 587 1202 ubi
615 1170 733 1201 dicitur
752 1170 793 1200 ad
813 1172 963 1201 sanctum
992 1170 1067 1202 Harl
1085 1171 1271 1202 1111111611111...
1287 1169 1340 1210 (l)
1357 1182 1396 1202 cx
1418 1182 1482 1212 qua
1504 1174 1705 1213 proprietate
1725 1177 1889 1214 prestatur
1905 1175 2014 1206 fictum

200 1235 398 1274 perpetuum
425 1233 602 1264 sachorum
629 1234 772 1272 quatuor
798 1232 1009 1272 papiensium
1037 1232 1202 1270 frumenti,
1229 1234 1259 1264 in
1286 1234 1437 1266 calendis
1473 1236 1606 1275 augusti
1644 1236 1822 1267 cuiuslibet
1847 1238 1935 1275 anni,
1962 1247 2018 1278 per

197 1295 285 1327 filios
310 1297 341 1326 et
367 1295 507 1327 heredes
533 1295 704 1335 quondam
731 1294 856 1325 domini
885 1294 993 1325 lacobi
1021 1295 1061 1325 de
1087 1294 1216 1333 Sachis,
1232 1296 1482 1328 venerabilibus
1508 1298 1654 1329 dominis
1674 1297 1778 1329 Priori
1797 1301 1828 1330 et
1847 1298 2017 1331 Fratribus

197 1358 303 1389 sancti
330 1356 508 1398 Augustini
536 1356 672 1397 Papie...
698 1355 852 1396 Cumque
877 1354 1002 1396 (dictus
1029 1354 1197 1396 Andreas)
1221 1366 1257 1389 se
1284 1360 1434 1398 paratum
1461 1359 1554 1390 offert
1592 1360 1760 1391 meliorem
1789 1361 2016 1392 conditionem

197 1418 306 1450 facere
331 1419 420 1450 dicto
446 1419 626 1450 conventui
652 1419 757 1450 sancti
785 1418 986 1459 Augustini,
1013 1419 1167 1450 videlicet
1193 1420 1232 1450 de
1259 1420 1424 1451 solvendo
1451 1421 1539 1452 <licto
1565 1423 1743 1453 conventui
1774 1423 1920 1454 florenos
1957 1424 2017 1454 du-

195 1484 360 1513 centum...
386 1490 446 1522 pro
473 1481 597 1522 quibus
623 1481 685 1512 emi
713 1481 821 1521 possit
846 1482 877 1512 et
907 1481 1026 1512 debeat
1063 1481 1174 1512 fictum
1202 1491 1302 1513 unum
1341 1483 1392 1514 vel
1431 1483 1524 1523 plura
1562 1484 1636 1515 ficta
1663 1486 1833 1525 perpetua,
1860 1494 1924 1525 que
1950 1486 2016 1517 sint

194 1544 295 1575 annui
322 1544 472 1575 redditus
499 1544 529 1574 in
556 1552 685 1575 summa
712 1543 888 1574 sachorum
915 1543 1028 1574 decem
1056 1544 1267 1584 papiensium
1294 1543 1447 1576 frumenti
1474 1547 1505 1576 et
1530 1548 1774 1586 consequenter
1799 1550 2016 1587 augumenta-

195 1605 282 1636 bitur
306 1605 458 1636 redditus
483 1605 573 1636 dicto
598 1605 778 1636 conventui
805 1605 983 1635 sachorum
1010 1613 1070 1636 sex
1098 1606 1310 1645 papiensium
1337 1606 1491 1638 frumenti
1519 1607 1653 1648 singulo
1682 1616 1804 1639 anno...
1831 1607 1895 1639 Pro
1921 1610 2013 1640 tanto

193 1669 413 1699 convocato...
440 1666 599 1708 Capitulo
625 1667 702 1698 dicti
729 1668 916 1698 conventus
942 1667 1046 1698 sancti
1074 1666 1285 1708 Augustini...
1313 1669 1533 1709 imposicione
1559 1670 1731 1700 reverendi
1759 1671 1862 1710 patris
1888 1670 2014 1701 domini

193 1729 342 1777 magistri
370 1728 528 1760 lobannis
554 1728 663 1760 Iacobi
683 1728 723 1759 de
741 1727 918 1768 Campixe,
945 1737 1037 1760 sacre
1063 1729 1231 1770 theologie
1258 1729 1471 1770 professoris,
1499 1730 1623 1762 Prioris
1650 1731 1727 1762 dicti
1754 1730 1962 1769 Conventus,
1983 1733 2013 1763 in

193 1799 261 1831 quo
287 1791 423 1831 quidem
449 1790 597 1831 capitulo
622 1790 755 1821 fuerunt
781 1792 811 1821 et
837 1792 914 1821 sunt
940 1781 1108 1830 prefactus
1134 1791 1292 1823 dominus
1326 1793 1483 1833 magister
1520 1792 1685 1824 lohannes
1722 1793 1863 1825 lacobus
1898 1793 2012 1830 Prior,

193 1861 253 1884 nec
279 1862 345 1884 non
371 1853 575 1884 reverendus
600 1852 699 1884 frater
725 1853 883 1884 dominus
913 1854 1070 1894 magister
1095 1853 1350 1886 Bertholameus
1376 1855 1416 1886 de
1443 1855 1599 1887 Fazardis
1625 1864 1717 1887 sacre
1744 1856 1912 1897 theologie
1938 1865 2014 1896 pro-

192 1914 311 1953 fessor,
338 1916 541 1947 reverendus
567 1917 660 1955 pater
685 1915 842 1946 dominus
869 1916 1026 1956 magister
1051 1903 1261 1956 Baptistinus
1287 1917 1327 1947 de
1354 1916 1489 1955 Rubeis,
1515 1918 1718 1949 reverendus
1745 1920 1837 1958 pater
1855 1918 2012 1949 dominus

192 1978 351 2018 magister
378 1977 588 2019 Augustinus
615 1978 654 2008 de
682 1977 860 2015 Rancliate,
887 1979 1090 2009 reverendus
1117 1981 1209 2019 pater
1234 1979 1391 2011 dominus
1418 1980 1576 2021 magister
1616 1979 1768 2020 Baptista
1794 1981 1834 2011 de
1862 1980 2010 2019 Roxate,

192 2040 396 2071 reverendus
422 2041 514 2080 pater
539 2040 697 2071 dominus
724 2040 881 2079 magister
907 2039 1071 2071 lohannes
1097 2040 1137 2071 de
1163 2043 1279 2072 sancto
1306 2040 1445 2082 Angelo,
1473 2050 1531 2072 nec
1557 2051 1622 2072 non
1649 2042 1858 2073 venerabiles
1884 2042 2009 2073 domini

191 2100 309 2133 fratres
336 2101 503 2133 Antonius
530 2102 570 2132 de
596 2100 740 2142 Schapis
767 2101 965 2139 bacalarius,
993 2101 1219 2134 Bernardinus
1245 2103 1285 2134 de
1306 2102 1410 2135 Roma
1429 2103 1540 2141 lector,
1560 2103 1701 2135 lacobus
1719 2104 1759 2135 de
1778 2102 1879 2136 Curte
1899 2104 2009 2140 lector,

190 2162 382 2194 Alexander
406 2164 447 2195 de
473 2163 578 2204 Papia
604 2164 715 2201 lector,
742 2163 924 2195 leronimus
950 2164 990 2195 de
1017 2164 1212 2195 Mediolano
1239 2164 1461 2210 baclialarius,
1488 2165 1718 2197 Bertolameus
1743 2166 1783 2196 de
1809 2164 2009 2203 Castelacio,

191 2224 339 2265 Raphael
366 2226 406 2257 de
433 2225 560 2266 Rapalo
587 2226 743 2263 biblicus,
770 2225 927 2257 Didimus
953 2225 1096 2266 Brayda,
1123 2225 1312 2267 Apolonius
1339 2227 1379 2258 de
1405 2225 1516 2265 Curte,
1535 2227 1696 2259 Nicolaus
1715 2228 1755 2258 de
1774 2226 1878 2268 Papia
1898 2228 2008 2265 lector,

191 2286 357 2319 Iohannes
382 2288 422 2319 de
448 2287 602 2326 Bavaria,
630 2287 748 2319 Petrus
774 2288 814 2319 de
841 2287 986 2325 Toloxa‚
1013 2287 1243 2329 Archangelus
1269 2289 1308 2319 de
1335 2288 1531 2320 Mediolano
1549 2286 1617 2329 (2),
1652 2288 1818 2320 Antonius
1845 2290 1884 2320 de
1912 2288 2010 2320 Pina-

190 2349 272 2387 rolo,
299 2349 464 2381 lohannes
489 2350 529 2381 de
556 2349 678 2388 Tricio,
704 2349 937 2382 Cliristoforus
963 2350 1003 2381 de
1029 2348 1236 2388 Castellatio,
1274 2349 1434 2382 Silvester
1459 2351 1499 2382 de
1526 2350 1714 2389 TromellO,
1748 2351 1854 2382 Lucas
1880 2341 1920 2382 de
1946 2351 2010 2382 Ve-

191 2411 265 2450 late,
291 2410 409 2443 Petrus
435 2412 475 2443 de
501 2410 654 2452 Schapis‚
682 2411 867 2453 Angelinus
893 2412 934 2443 de
960 2411 1108 2453 Bugella,
1136 2411 1346 2452 Augustinus
1372 2412 1412 2443 de
1439 2411 1607 2450 pinarolo,
1634 2412 1798 2444 Iohannes
1825 2412 1865 2443 de
1892 2411 2007 2453 Papia,

191 2474 366 2505 Euxebius
391 2474 432 2505 de
458 2473 645 2515 Beligieriis
662 2471 724 2514 (3),
749 2476 780 2505 et
806 2474 950 2505 Michael
970 2474 1010 2505 de
1029 2473 1200 2515 Bugella,..
1218 2473 1379 2506 facientes
1398 2474 1577 2515 plusquam
1597 2475 1682 2506 duas
1700 2476 1811 2515 partes
1829 2484 1870 2506 ex
1889 2475 2006 2512 tribus,

191 2537 256 2567 imo
282 2536 348 2568 fere
374 2538 511 2568 totum...
537 2536 719 2577 capitulum
746 2537 823 2568 dicti
850 2539 1080 2567 conventus...
1107 2536 1360 2567 considerantes
1390 2537 1534 2568 maxime
1571 2537 1691 2568 dictam
1729 2536 1938 2568 oblacionem
1975 2538 2006 2567 et

189 2599 446 2639 requisicionem
472 2601 507 2630 ut
532 2607 633 2639 supra
658 2598 797 2630 factas...
822 2599 938 2630 cedere
965 2599 995 2629 in
1022 2598 1309 2630 evidentissimam
1328 2598 1508 2640 utilitatem
1535 2598 1613 2630 dicti
1639 2600 1858 2630 conventus...
1891 2599 2007 2630 vendi-

190 2660 318 2699 derunt,
343 2663 527 2699 cesserunt,
553 2661 816 2692 traddiderunt...
843 2661 931 2692 dicto
959 2660 1089 2691 Andree
1116 2660 1156 2691 de
1182 2658 1333 2692 Sacltis...
1359 2660 1483 2693 dictum
1510 2660 1694 2691 dominium
1721 2662 1751 2692 et
1776 2660 1907 2692 civilem
1927 2669 2006 2701 pos-

249 2818 279 2839 11)
295 2811 312 2838 E
328 2817 348 2838 la
364 2817 431 2843 vigna
447 2817 563 2838 ticon-data
579 2817 613 2838 nei
633 2817 765 2838 documenti
782 2823 803 2838 11.
819 2817 937 2843 CCXVlll,
953 2816 1038 2838 CCLXl
1056 2824 1067 2837 c
1124 2816 1189 2837 zioue
1205 2816 1226 2836 di
1243 2816 1301 2837 frate
1318 2817 1418 2837 Lucliino
1434 2817 1543 2838 Arconati
1554 2834 1559 2842 ,
1582 2817 1658 2838 nobile
1681 2817 1802 2841 Milauese,
1818 2817 1854 2842 gii]
1871 2817 1943 2837 eletto
1963 2817 1999 2837 dal

198 2861 304 2882 CCLXV.
1128 2861 1239 2881 Oenerale
1264 2860 1322 2881 frate
1348 2861 1454 2881 Mariano
1470 2861 1499 2882 da
1515 2861 1654 2882 (jc-nazzano
1670 2867 1683 2882 a
1699 2862 1744 2882 1316
1761 2861 1846 2882 ufficio.
1871 2861 1926 2881 Veni
1953 2861 2000 2881 TO—

245 2906 274 2927 (21
290 2906 356 2926 Frate
372 2906 500 2929 Arcaimelo
516 2906 544 2926 da
560 2906 647 2927 Milano
667 2906 679 2927 e
703 2912 746 2927 con
769 2908 829 2927 tutta
853 2906 992 2932 probamina
1017 2906 1069 2931 quel
1127 2909 1201 2927 RELLL
1219 2905 1264 2928 Vll,
1281 2906 1326 2925 ΝΗ).

191 2949 251 2970 frate
266 2950 393 2975 Arcangclo
409 2950 468 2971 della
484 2951 560 2971 nobile
575 2950 677 2976 famiglia
693 2950 811 2976 Gallarati,
828 2951 869 2971 clie
885 2951 919 2971 nel
935 2951 983 2971 ¹4¹.)ss
999 2950 1020 2970 fu
1033 2950 1069 2971 dal
1178 2950 1207 2972 ‹3›
1224 2949 1240 2969 Λ
1258 2950 1379 2975 proposito
1396 2949 1416 2970 di
1434 2950 1518 2975 questo
1539 2955 1606 2970 nome
1623 2949 1760 2975 Beligrcrrrs
1782 2949 1833 2970 vedi
1858 2949 1877 2969 la
1901 2950 1955 2969 nota
1978 2949 1999 2968 al

192 2993 287 3015 Sommo
310 2994 427 3015 Pontefice
449 2995 587 3016 Alessandro
609 2995 637 3016 Vl
653 2995 725 3016 eletto
746 2995 881 3016 Presidente
903 2995 938 3015 del
960 2995 1069 3020 Capitol«,
1125 2994 1176 3014 doc.
1193 2999 1213 3013 11.
1231 2993 1306 3014 CClV.

192 3038 252 3059 della
267 3038 457 3065 Congregazione
473 3039 618 3065 Lombarda,
641 3039 758 3060 celebrato
774 3039 796 3060 in
812 3039 918 3063 Brescia,
935 3039 955 3059 in
972 3039 1068 3059 sostitu-

1971 3115 1997 3135 26
