2347 3444
1910 202 1974 233 339

162 333 287 374 quibus
313 335 479 373 prestatur
504 334 614 365 fictum
642 333 682 364 de
708 342 775 373 quo
802 342 914 374 supra,
953 333 1119 365 voluerint
1145 342 1180 365 se
1205 335 1236 364 et
1271 333 1357 364 dicta
1386 333 1473 363 bona
1499 342 1540 363 ex
1568 333 1693 372 quibus
1730 334 1839 364 fictum
1868 335 1976 374 ipsum

163 397 338 434 prestatur,
366 395 504 426 liberare
530 404 547 426 a
574 396 662 426 dicto
689 396 764 426 ficto
791 397 821 426 et
846 404 864 426 a
891 396 1100 436 prestacione
1128 395 1227 432 illius,
1253 395 1471 426 exbursando
1497 394 1644 425 florenos
1669 398 1799 426 centum
1828 396 1977 436 viginti...

162 457 252 496 quod
281 458 443 496 quociens
468 460 498 488 et
525 458 808 497 quandocumque
836 457 917 488 infra
944 467 1052 488 annos
1079 458 1165 488 duos
1192 457 1381 488 immediate
1408 459 1484 496 post
1511 457 1619 496 ipsius
1656 457 1780 487 domini
1809 459 1978 488 testatoris

163 518 339 550 decessum
366 522 581 560 sequuturos,
609 520 671 560 ipsi
699 519 817 551 fratres
843 521 883 551 de
911 520 1081 551 Landult‘is
1119 520 1280 557 dederint,
1318 519 1479 550 solverint
1516 521 1545 549 et
1579 519 1857 550 exburssaverint
1896 520 1979 560 ipsis

162 580 299 611 domino
326 580 430 612 Priori
457 584 487 612 et
514 581 672 612 fratribus
698 583 803 613 sancti
832 581 925 613 Pauli
953 582 1090 622 predicti
1118 582 1227 613 dictos
1252 581 1399 612 florenos
1424 582 1554 612 centum
1584 581 1733 621 viginti...
1761 582 1823 621 ipsi
1850 582 1976 612 domini

163 640 257 672 Prior
282 645 311 673 et
337 642 454 674 fratres
480 646 653 674 teneantur
678 647 708 674 et
734 643 887 681 debeant,
915 644 1047 674 nomine
1074 644 1181 684 ipsius
1206 643 1333 683 capelle
1358 643 1499 682 eiusque
1526 643 1716 673 monasterii
1733 644 1762 673 et
1780 646 1978 679 conventus,

160 712 220 734 eos
245 707 418 744 acceptare
443 708 473 736 et
511 706 655 745 recipere
681 708 711 736 et
750 706 843 745 ipsos
869 705 987 736 fratres
1024 706 1064 736 de
1103 705 1273 736 Landulfis
1311 705 1450 736 liberare
1488 713 1505 735 a
1544 705 1754 745 prestacione
1792 705 1869 736 dicti
1901 705 1976 736 ficti.

160 764 256 802 Quos
282 768 390 797 tamen
418 767 564 797 florenos
600 769 730 798 centum
770 768 886 807 viginti
925 769 972 798 sic
1010 768 1221 808 recipiendos
1259 770 1292 798 ut
1329 776 1429 808 supra
1463 767 1647 798 occaxione
1675 767 1833 807 predicta,
1861 770 1977 807 postea

161 827 351 859 immediate
379 829 441 869 ipsi
469 829 594 860 domini
623 828 716 860 Prior
741 833 771 860 et
798 829 1100 870 fratresimplicare
1120 833 1293 861 teneantur
1318 833 1348 861 et
1375 830 1518 875 debeant
1545 830 1575 860 in
1594 832 1641 860 tot
1667 829 1742 860 aliis
1768 828 1881 860 fondis
1907 839 1979 870 per-

159 892 260 929 petuo
286 892 490 921 remansuris
515 894 546 922 et
572 892 628 931 qui
656 901 824 923 remanere
851 892 993 923 debeant
1022 894 1105 933 ipsis
1132 893 1334 923 monasterio
1360 894 1389 923 et
1416 892 1554 923 ecclesie
1585 892 1689 923 sancti
1718 890 1810 922 f’auli
1839 892 1976 932 predicti

158 953 313 993 dicteque
337 953 464 993 capelle
492 956 524 984 ut
551 962 652 993 supra
678 956 867 985 constructe
895 955 924 985 in
953 955 1039 986 dicta
1066 955 1217 986 ecclesia.
1245 954 1283 985 Et
1303 955 1344 985 ita
1363 955 1405 985 ad
1425 954 1651 994 recipiendum
1683 954 1791 985 dictos
1821 955 1977 985 denarios

157 1017 188 1046 et
214 1015 334 1046 dictam
362 1015 598 1047 liberacionem
625 1015 814 1047 faciendum
843 1020 875 1047 ut
902 1026 1002 1057 supra
1041 1018 1164 1048 dictum
1191 1019 1251 1054 est,
1291 1017 1375 1048 idem
1415 1017 1573 1047 dominus
1599 1018 1736 1047 testator
1769 1018 1921 1057 gravavit
1947 1021 1977 1048 et

158 1079 275 1117 gravat
301 1078 395 1117 ipsos
421 1078 579 1109 dominos
606 1077 751 1109 Priorem
779 1082 809 1109 et
837 1078 963 1110 fratres
992 1079 1029 1110 Et
1056 1080 1117 1110 hoc
1144 1080 1170 1109 si
1198 1082 1228 1110 et
1254 1079 1437 1110 dummodo
1477 1080 1539 1119 ipsi
1577 1079 1695 1110 fratres
1732 1079 1772 1110 de
1807 1079 1977 1110 Landult'is

160 1148 216 1179 per
253 1140 345 1179 prius
381 1140 611 1171 advisaverint
647 1143 678 1171 et
716 1142 903 1172 monuerint
934 1142 1029 1181 ipsos
1066 1142 1223 1172 dominos
1261 1140 1407 1172 Priorem
1435 1143 1465 1172 et
1502 1141 1620 1172 fratres
1647 1142 1751 1172 sancti
1781 1140 1874 1172 Pauli
1903 1151 1976 1181 prc-

158 1201 236 1232 dicti
263 1211 320 1241 per
346 1211 478 1233 menses
505 1211 563 1233 sex
591 1205 770 1242 antequam
798 1212 833 1234 se
861 1204 999 1234 liberare
1027 1204 1202 1241 voluerim,
1228 1204 1269 1234 ad
1298 1204 1358 1234 hoc
1386 1205 1418 1234 ut
1446 1204 1508 1243 ipsi
1529 1204 1654 1234 domini
1676 1203 1769 1234 Prior
1799 1206 1828 1234 et
1858 1203 1976 1235 fratres

160 1264 223 1294 isto
251 1264 281 1294 in
309 1264 419 1295 medio
446 1274 623 1304 preparare
649 1268 680 1296 et
718 1266 865 1296 invenire
893 1266 1023 1306 possint
1051 1268 1096 1296 tot
1134 1266 1220 1296 alios
1246 1265 1371 1296 fundos
1398 1267 1427 1296 in
1466 1266 1590 1305 quibus
1618 1266 1818 1297 habeant-et
1845 1267 1976 1306 possint

159 1326 328 1366 implicare
354 1327 463 1358 dictos
488 1327 656 1364 denarios,
684 1328 812 1363 volens,
838 1330 946 1359 tamen
974 1329 1161 1368 disponens
1186 1330 1217 1359 et
1243 1329 1404 1359 ordinans
1431 1329 1516 1359 idem
1544 1329 1702 1359 dominus
1721 1331 1859 1359 testator
1885 1330 1976 1369 quod

163 1389 226 1429 ipsi
253 1389 380 1420 domini
408 1388 501 1420 Prior
526 1393 557 1420 et
582 1389 700 1421 fratres
727 1393 900 1421 teneantur
925 1393 955 1421 et
981 1391 1124 1422 debeant
1150 1391 1258 1422 dictos
1296 1391 1452 1422 denarios
1479 1392 1624 1431 recipere
1649 1393 1679 1422 et
1707 1391 1782 1422 illos
1809 1392 1978 1432 implicare

155 1460 229 1482 eum
257 1452 519 1491 partecipatione
544 1454 575 1483 et
601 1453 739 1483 scientia
778 1452 1063 1493 infrascriptorum
1103 1453 1260 1484 heredum
1289 1453 1396 1493 ipsius
1434 1453 1559 1484 domini
1598 1454 1768 1484 testatoris
1797 1456 1827 1484 et
1853 1463 1918 1484 non
1944 1463 1978 1485 a-

160 1513 263 1544 liter...
290 1512 367 1544 Item
395 1514 481 1544 idem
508 1514 667 1545 dominus
693 1517 831 1545 testator
857 1515 987 1555 rogavit
1013 1517 1043 1545 et
1069 1517 1163 1555 rogat
1200 1515 1410 1546 venerabiles
1447 1515 1604 1546 dominos
1631 1516 1773 1555 priorem
1804 1518 1834 1546 et
1860 1515 1978 1547 fratres

155 1575 242 1606 dicte
266 1576 406 1607 ecclesie
432 1577 536 1607 sancti
565 1575 659 1607 Pauli
687 1579 720 1607 ut
746 1579 872 1617 quanto
897 1577 996 1608 citius
1022 1577 1089 1608 fieri
1118 1579 1229 1617 potest
1255 1579 1415 1617 quantum
1443 1579 1492 1608 est
1519 1586 1578 1617 pro
1605 1578 1757 1617 pecuniis
1782 1578 1892 1618 ipsius
1918 1578 1978 1608 do-

158 1639 236 1669 mini
264 1639 433 1669 testatoris
459 1641 489 1669 et
516 1638 651 1670 fratrum
690 1648 838 1675 suorum,
865 1648 950 1679 quas
976 1639 1099 1670 habent
1137 1640 1200 1679 ipsi
1239 1640 1364 1670 domini
1396 1640 1485 1679 prior
1510 1642 1540 1670 et
1566 1639 1684 1670 fratres
1712 1640 1741 1670 in
1768 1648 1881 1670 eorum
1910 1649 1978 1671 ma-

159 1701 270 1739 nibus,
296 1701 411 1732 vellint
436 1710 473 1732 ac
500 1702 643 1732 debeant
670 1702 826 1742 perficere
852 1710 890 1732 ac
916 1702 1009 1732 finire
1035 1710 1073 1732 ac
1099 1710 1157 1733 seu
1185 1702 1296 1742 perfici
1323 1711 1360 1733 ac
1387 1702 1470 1732 finiri
1498 1701 1606 1733 facere
1633 1703 1897 1742 suprascriptam
1923 1711 1977 1733 ca-

159 1763 280 1804 pellam
318 1765 462 1804 positam
502 1765 532 1794 in
570 1764 657 1795 dicta
694 1764 836 1795 ecclesia
874 1765 978 1795 sancti
1014 1763 1108 1795 Pauli
1137 1765 1244 1804 ipsius
1270 1765 1395 1795 domini
1431 1765 1600 1795 testatoris
1626 1767 1656 1795 et
1682 1764 1818 1795 fratrum
1845 1764 1886 1795 ad
1915 1765 1976 1796 hoc

159 1828 193 1857 ut
219 1826 262 1857 ibi
290 1826 471 1857 honorifice
497 1826 656 1857 celebrari
685 1827 793 1867 possit
821 1826 939 1857 Missa.

225 1888 302 1920 ltem
329 1889 445 1927 voluit,
473 1889 580 1927 iussit,
607 1889 788 1929 disposuit,
815 1890 988 1920 mandavit
1013 1891 1044 1920 et
1069 1890 1247 1925 ordinavit,
1274 1898 1311 1921 ac
1338 1890 1419 1927 vult,
1458 1890 1558 1927 iubet,
1596 1890 1756 1930 disponit,
1783 1890 1918 1920 mandat
1943 1893 1973 1921 et

158 1951 311 1988 ordinat,
349 1951 421 1991 ipse
458 1951 616 1982 dominus
653 1953 791 1982 testator
828 1952 919 1991 quod
956 1952 1110 1982 anchona
1137 1953 1267 1992 incepta
1305 1961 1362 1992 per
1388 1952 1497 1992 ipsum
1529 1952 1700 1982 dominum
1728 1954 1919 1983 testatorem
1946 1955 1976 1983 et

158 2015 231 2045 eius
256 2014 375 2045 fratres
401 2024 460 2055 pro
487 2014 690 2054 perfectione
718 2015 826 2054 ipsius
851 2014 989 2054 capelle,
1028 2015 1137 2054 posite
1176 2015 1206 2045 in
1233 2015 1320 2045 dicta
1358 2015 1499 2046 ecclesia
1525 2015 1629 2045 sancti
1658 2013 1764 2052 Pauli,
1791 2015 1975 2045 secundum

158 2076 399 2117 obligationem
426 2085 525 2116 quam
554 2076 677 2107 habent
703 2077 774 2116 ipse
801 2077 959 2107 dominus
984 2078 1122 2107 testator
1147 2078 1178 2107 et
1203 2076 1321 2107 fratres
1348 2077 1467 2107 virtute
1493 2077 1680 2107 testamenti
1708 2076 1785 2107 dicti
1805 2076 1974 2116 quondam

160 2138 286 2169 domini
313 2137 483 2170 Guillelmi
510 2140 683 2169 teneantur
708 2141 739 2169 et
765 2138 908 2169 debeant
935 2139 997 2178 ipsi
1037 2138 1238 2179 infrascripti
1276 2139 1348 2169 eius
1376 2138 1515 2169 heredes
1541 2138 1583 2169 ad
1610 2138 1799 2169 faciendum
1827 2139 1920 2169 finire
1946 2140 1977 2169 et

160 2200 315 2240 perficere
342 2201 449 2240 ipsam
476 2201 663 2231 anchonam
692 2200 774 2231 infra
802 2209 934 2231 menses
959 2203 1034 2231 octo
1061 2201 1214 2241 proxime
1239 2200 1380 2231 futuros.
1408 2200 1446 2231 Et
1473 2201 1515 2231 ita
1541 2201 1694 2241 gravavit
1719 2202 1749 2231 et
1782 2202 1909 2240 gravat.

976 2375 1152 2416 DCIII.

249 2486 276 2514 11
302 2486 464 2522 Capitolo
490 2486 524 2515 di
551 2487 587 2515 S.
614 2485 786 2522 Agostino
811 2488 970 2521 permuta
996 2484 1111 2512 alcuni
1137 2483 1216 2512 beni
1242 2484 1296 2512 ccl
1322 2483 1402 2512 nob.
1431 2483 1602 2512 Giacomo
1628 2483 1835 2516 Fiamberti,

819 2588 979 2619 1496,
1009 2594 1238 2619 mtnr20‚
1266 2587 1318 2612 3.

731 2677 809 2701 (Archi
827 2677 907 2698 Notar.
925 2676 946 2696 di
964 2676 1043 2697 Pavia.
1059 2687 1083 2690 —
1100 2676 1148 2696 Atti
1164 2675 1186 2696 di
1203 2675 1331 2696 Francesco
1346 2674 1418 2696 Sistit.

173 2877 175 2949 1
262 2863 310 2979 Ι
397 2857 427 2909 ΙΝ
453 2877 666 2919 infrascripto
703 2877 908 2909 monasterio
944 2879 974 2907 et
1007 2877 1038 2907 in
1066 2875 1139 2906 loco
1171 2874 1330 2915 capituli,
1369 2872 1466 2905 Porte
1493 2872 1639 2911 Palacii,
1677 2872 1838 2904 Parochie
1867 2873 1972 2903 sancti

426 2939 557 2971 Andree
582 2940 623 2971 de
648 2939 795 2971 Brolio...
821 2937 1019 2972 convocato
1044 2940 1075 2969 et
1099 2938 1303 2977 congregato
1328 2935 1476 2976 capitulo
1502 2935 1695 2967 monasterii
1710 2935 1849 2966 ecclesie
1868 2935 1973 2965 sancti

171 2966 185 3038 l
214 3037 235 3038 ἡ
315 3002 398 3039 m„l
426 3001 605 3043 Augustini
633 3000 747 3042 Papie,
772 3000 912 3033 Ordinis
937 2999 1073 3031 fratrum
1101 2998 1342 3030 Heremitarum
1380 2998 1485 3030 sancti
1513 2997 1691 3039 Augustini
1719 2997 1905 3037 papiensis,
1931 2996 1971 3027 de

159 3065 318 3096 mandato
343 3066 374 3096 et
400 3065 620 3105 imposicione
646 3063 819 3096 reverendi
846 3063 971 3094 domini
999 3062 1147 3103 magistri
1186 3061 1342 3092 Iohannis
1379 3059 1579 3091 Bartolamei
1606 3059 1647 3090 de
1673 3058 1854 3090 Valmacha
1881 3066 1973 3089 sacre
