2347 3444
1104 429 1396 470 CXXXIV.

428 541 533 568 Frate
559 539 744 575 Agostino‚
773 539 987 574 Eremitano,
1015 539 1183 566 Vescovo
1210 538 1242 566 d'
1259 538 1373 571 1vrea,
1394 538 1530 574 compie
1556 538 1588 566 le
1613 546 1715 566 sacre
1730 537 1961 566 Ordinazioni
1979 537 2013 565 in
2032 537 2156 566 Pavia.

977 642 1116 673 1401,
1147 641 1403 673 anag-gio,
1437 643 1526 667 22.

838 730 915 753 {Arclh
932 729 1000 751 Curia
1017 730 1083 750 vesc.
1100 729 1121 750 di
1139 729 1208 750 Pax-ia
1225 740 1249 743 ——
1265 729 1384 750 Minutarii
1401 729 1422 749 di
1439 729 1558 750 Albertolo
1575 729 1657 750 Griiiiv.

589 934 620 960 1Ε
645 928 850 965 dominiclio,
876 927 963 968 XXlJ
981 927 1107 959 mensis
1122 926 1215 964 Maii,
1231 926 1434 958 videlicetin
1451 926 1537 958 festo
1564 926 1799 958 Pentecosten.
1827 926 2044 960 Reverendus
2071 929 2164 967 pater

610 993 767 1024 dominus
794 992 894 1023 frater
919 991 1131 1032 Augustinus
1157 991 1342 1030 episcopus
1358 990 1537 1030 iporiensis
1555 987 1616 1029 (l),
1643 989 1674 1020 in
1701 988 1969 1027 pontificalibus,
1985 990 2162 1021 missarum

609 1055 798 1095 solempnia
824 1054 1010 1090 celebrans,
1036 1053 1229 1090 revestitus,
1255 1053 1346 1093 apud
1373 1052 1548 1084 ecclesiam
1565 1050 1678 1084 Sancti
1695 1050 1841 1092 Spiritus
1856 1054 1950 1083 extra
1967 1060 2080 1083 muros
2105 1060 2165 1092 pa-

341 1119 488 1158 pienses,
515 1127 556 1149 ex
584 1118 717 1149 licentia
744 1117 807 1148 sibi
835 1125 936 1156 super
963 1116 1025 1147 lioc
1052 1123 1217 1146 concessa
1244 1124 1302 1155 per
1328 1115 1549 1146 reverendum
1569 1116 1696 1154 patrem
1717 1114 1889 1145 dominum
1916 1113 2049 1145 fratrem
2069 1111 2165 1145 Guil—

341 1181 474 1212 lelmum
513 1179 573 1212 Dei
600 1180 705 1221 gratia
743 1179 944 1219 episcopum
983 1178 1193 1218 papiensem,
1220 1177 1261 1208 de
1287 1186 1353 1217 qua
1380 1179 1521 1217 apparet
1548 1176 1694 1217 publicis
1732 1176 1850 1207 litteris
1876 1176 2080 1216 subscriptis
2108 1184 2167 1216 per

342 1243 581 1274 Francisclium
609 1243 649 1274 de
676 1241 784 1272 Bimio
810 1241 888 1272 dicti
915 1240 1040 1272 domini
1069 1239 1230 1280 Episcopi
1270 1239 1505 1276 canzelarium,
1531 1239 1619 1270 datis
1646 1239 1676 1269 in
1704 1238 1809 1270 Turre
1836 1239 1877 1270 de
1903 1237 2059 1270 Scanatis
2089 1238 2163 1269 dio-

341 1306 429 1337 cesis
456 1305 631 1346 papiensis
657 1302 718 1343 (2),
745 1304 883 1335 domino
910 1303 1007 1343 losep
1034 1303 1075 1334 de
1102 1302 1243 1343 Brippio
1269 1303 1432 1334 canonico
1465 1302 1608 1333 ecclesie
1646 1302 1822 1342 papiensis
1839 1298 1901 1341 (3),
1928 1301 1959 1332 in
1986 1301 2164 1332 clericatus

341 1368 457 1399 ordine
484 1368 678 1405 constitum,
705 1368 849 1407 quatuor
875 1367 1021 1397 minores
1047 1366 1183 1397 ordines
1210 1364 1360 1401 contulit,
1379 1365 1420 1396 ad
1439 1364 1569 1395 titulum
1589 1364 1808 1395 canonicatus
1835 1366 1866 1395 et
1892 1363 2061 1404 prebende
2077 1363 2165 1395 dicte

341 1430 483 1462 ecclesie
511 1430 685 1470 papiensis
711 1430 742 1460 in
770 1429 887 1467 forma,
914 1431 975 1460 etc.
1003 1427 1235 1465 Presentibus,
1262 1429 1324 1458 etc.

1127 1594 1392 1634 CXXXV.

432 1705 561 1734 Enrico
588 1705 693 1739 Dina,
732 1705 895 1740 delegato
933 1704 1145 1741 apostolico,
1184 1704 1314 1732 manda
1348 1704 1391 1732 ad
1418 1703 1628 1732 esecuzione
1654 1703 1688 1731 la
1713 1703 1810 1731 bolla
1836 1702 1871 1731 di
1897 1703 2083 1732 Bonifacio
2108 1703 2166 1741 IX,

343 1760 406 1787 che
432 1758 543 1786 libera
569 1758 617 1794 gli
642 1758 868 1794 Agostiniani
895 1757 953 1786 dai
979 1757 1077 1786 censi
1103 1765 1210 1785 verso
1236 1757 1246 1785 i
1272 1756 1454 1790 Canonici,
1481 1765 1499 1785 e
1525 1756 1645 1792 regola
1671 1755 1692 1784 Γ
1710 1764 1775 1784 uso
1801 1756 1894 1784 delle
1920 1756 2037 1784 chiavi
2055 1765 2073 1784 e
2091 1755 2164 1784 del-

343 1812 364 1840 l'
383 1812 474 1840 atrio
500 1812 594 1840 della
621 1811 753 1843 chiesa,

1016 1916 1154 1945 1401,
1183 1915 1283 1947 gitx
1288 1921 1419 1946 2110,
1448 1915 1500 1940 4.

818 2004 885 2029 (Bibl.
903 2004 969 2025 Univv
986 2004 1007 2025 di
1026 2004 1103 2029 Pavia,
1120 2003 1177 2025 Cod⁴
1195 2010 1216 2024 n.
1232 2004 1272 2025 428
1286 2015 1311 2017 —
1328 2003 1432 2030 Pergam,
1449 2004 1470 2024 di
1487 2003 1509 2024 S.
1526 2003 1657 2029 Agosnno),

450 2188 497 2304 I
591 2207 615 2233 N
641 2203 774 2234 nomine
800 2201 947 2240 Domini,
974 2201 1090 2233 Amen.
1119 2201 1250 2233 Pridem
1289 2202 1509 2233 beatissimus
1536 2202 1567 2232 in
1594 2199 1730 2233 Christo
1756 2203 1850 2241 pater
1875 2202 1905 2232 et
1931 2200 2168 2232 sanctissimus

584 2266 585 2276 ³
614 2265 771 2296 dominus
789 2265 947 2296 dominus
973 2264 1162 2296 Bonifatius
1180 2265 1295 2296 diVina
1321 2264 1539 2305 providencia
1565 2263 1658 2305 Papa
1684 2272 1794 2295 nonus
1820 2264 1945 2295 litteras
1971 2272 2051 2295 suas
2078 2263 2168 2295 bulla

475 2362 489 2363 ἶ
542 2362 578 2363 W
614 2327 772 2367 plumbea
799 2328 829 2358 in
857 2328 994 2359 cordula
1021 2328 1162 2368 canapis
1190 2337 1280 2359 more
1307 2327 1456 2360 Romane
1475 2325 1576 2359 Curie
1603 2327 1758 2364 bullatas,
1777 2336 1842 2358 non
1862 2327 2005 2358 viciatas
2031 2326 2167 2367 quidem

346 2397 406 2419 nec
432 2391 618 2429 corruptas,
644 2390 703 2421 Sed
730 2398 832 2421 sanas
858 2392 888 2421 et
915 2390 1061 2431 integras
1087 2392 1117 2422 et
1144 2391 1232 2422 omni
1252 2399 1392 2431 prorsus
1419 2390 1507 2422 vicio
1533 2392 1563 2421 et
1589 2390 1784 2430 suspicione
1803 2391 1967 2427 carentes,
1991 2388 2169 2430 Preposito

345 2451 488 2482 ecclesie
526 2452 712 2492 papiensis,
739 2452 812 2483 eius
839 2452 976 2492 proprio
1014 2453 1148 2484 nomine
1187 2461 1251 2483 non
1278 2461 1455 2493 expresso,
1482 2461 1548 2483 non
1574 2452 1616 2484 ad
1643 2452 1845 2492 peticionem
1871 2460 1931 2483 seu
1965 2452 2166 2492 cuiusquam

346 2513 640 2553 supplicationem,
667 2514 727 2546 sed
755 2517 845 2546 motu
873 2515 1009 2555 proprio
1029 2517 1059 2546 et
1078 2515 1119 2546 de
1143 2523 1204 2546 sua
1231 2524 1319 2546 mera
1345 2515 1553 2553 liberalitate,
1579 2514 1772 2551 destinavit,
1798 2516 1945 2545 tenorem
1972 2514 2027 2554 qui
2055 2514 2169 2554 sequi-

347 2577 399 2606 tur
424 2576 654 2607 continentes:

435 2634 562 2677 (Segne
587 2638 611 2669 il
634 2640 716 2669 testo
742 2638 829 2670 della
857 2638 945 2670 bolla
969 2639 1011 2670 21
1039 2639 1141 2679 aprile
1171 2640 1264 2677 1400,
1291 2639 1362 2671 doc.
1392 2636 1548 2678 CXXX).

404 2794 434 2817 ll)
449 2793 538 2817 Questo
554 2793 694 2814 documento
710 2794 721 2815 e
738 2795 836 2815 un'altra
854 2801 925 2820 ρων-Ἰ
948 2795 1088 2816 dell'errore
1111 2796 1132 2816 di
1156 2796 1232 2821 quegli

351 2837 439 2862 storici,
455 2837 496 2857 clie
512 2837 627 2858 ritennero
643 2837 701 2858 frate
717 2838 830 2863 Agostino
846 2839 917 2859 eletio
933 2845 1034 2860 vescovo
1050 2840 1084 2860 nel
1103 2840 1159 2861 1405.
1176 2840 1231 2861 Vedi

352 2880 410 2901 nelle
426 2882 480 2901 note
495 2880 515 2901 al
532 2880 583 2901 doc.
600 2880 697 2902 cxxxi.

405 2924 434 2949 (2)
452 2924 480 2945 Le
496 2924 626 2945 condizioni
651 2925 760 2946 sanitarie
784 2926 804 2946 di
829 2925 898 2947 Pavia
921 2927 1092 2947 continuavano
1114 2928 1186 2948 anclic
1209 2928 1230 2948 in

352 2969 493 2994 quest'anno
508 2968 537 2989 ad
553 2974 631 2989 essere
657 2969 786 2995 pericolosc
802 2976 842 2996 per
858 2971 878 2990 la
895 2971 1030 2996 pestilenza.
1058 2971 1087 2991 La
1112 2971 1167 2992 citta
1193 2978 1230 2993 era

351 3015 484 3034 veramente
509 3013 637 3039 squallida,
662 3014 745 3039 perche
769 3015 934 3036 abbandonata
959 3015 1018 3036 dalla
1043 3018 1115 3041 corte,
1141 3017 1230 3042 privata

352 3057 410 3077 della
427 3057 567 3081 Universita,
583 3057 659 3078 cli'cra
675 3060 736 3078 stata
762 3060 905 3083 trasportata
921 3064 934 3079 a
958 3058 1077 3085 piacenza,
1101 3066 1112 3080 e
1134 3060 1229 3081 lascinia

351 3101 388 3121 dai
405 3101 473 3121 nobili
490 3107 501 3122 e
518 3101 553 3121 dal
570 3101 685 3127 Vescovo,
698 3102 738 3123 che
754 3102 772 3123 si
789 3103 898 3128 aggirava
915 3103 949 3124 nei
967 3104 1031 3129 paesi
1054 3104 1113 3125 della
1137 3104 1232 3130 diocesi,

1289 2796 1350 2822 quali
1367 2796 1439 2817 Torre
1450 2796 1508 2821 degli
1521 2795 1613 2817 Scanati
1624 2795 1686 2821 (oggi
1698 2795 1733 2816 dei
1746 2795 1831 2821 Negti),
1845 2796 1950 2821 lnverno,
1961 2795 2096 2816 Villanterio
2107 2800 2163 2820 ecc..

1288 2846 1353 2861 coine
1369 2840 1450 2861 risulta
1465 2840 1502 2860 dai
1514 2839 1629 2860 minutarii
1645 2839 1681 2860 dcl
1698 2839 1776 2860 notaio
1792 2839 1908 2860 vescovile
1924 2839 1996 2861 Gritfi.
2013 2838 2075 2861 Sono
2087 2838 2164 2865 percio

1286 2885 1353 2910 degni
1376 2885 1397 2905 di
1419 2884 1584 2905 ammirazione
1600 2884 1614 2904 il
1634 2884 1757 2910 disprezzo
1782 2884 1841 2905 della
1865 2884 1911 2905 vita
1932 2884 1960 2905 ed
1976 2884 1990 2904 il
2005 2883 2115 2910 coraggio
2141 2883 2163 2904 di

1287 2931 1371 2955 questo
1388 2928 1512 2954 Religioso,
1527 2929 1568 2949 che
1584 2928 1605 2949 in
1621 2929 1765 2949 circostanze
1781 2928 1798 2949 si
1815 2928 1875 2949 tristi
1891 2929 1997 2955 esercita,
2014 2933 2058 2949 non
2074 2929 2164 2953 tenuto,

1287 2973 1300 2993 il
1317 2973 1435 2993 ministero
1451 2972 1592 2998 episcopale,

1339 3017 1369 3039 (3)
1386 3017 1428 3037 Era
1444 3016 1542 3037 oriundo
1558 3016 1616 3037 della
1632 3016 1719 3038 diocesi
1735 3016 1853 3042 milancse‚
1869 3016 1945 3038 donde
1963 3021 2036 3037 venne
2057 3021 2070 3036 a
2094 3015 2164 3037 Pavia

1285 3066 1350 3081 corne
1365 3060 1463 3081 addetto
1477 3060 1521 3081 alla
1537 3060 1638 3086 tainiglia
1654 3060 1777 3082 vescovile.
