2347 3444
271 220 335 251 296

271 354 382 385 bolam
409 356 439 384 et
465 361 668 384 consensum
696 352 851 383 danciuin
877 355 907 382 et
935 350 1159 391 prestancium
1186 348 1414 388 suprascripte
1441 347 1576 378 domine
1595 346 1723 378 lsabete
1743 347 1774 377 in
1793 346 1952 377 omnibus
1970 349 2000 376 et
2019 346 2088 377 sin—

269 416 357 457 gulis
384 415 607 455 infrascriptis
631 424 705 446 cum
733 415 831 454 plena
857 417 886 444 et
914 418 1040 444 matura
1066 419 1167 442 cause
1193 410 1403 450 cognitione,
1441 418 1500 440 nec
1537 417 1602 439 non
1629 411 1659 439 et
1686 408 1810 439 nobilis
1847 409 1896 439 vir
1929 408 2087 440 dominus

270 478 467 509 Franciscus
486 478 526 509 de
546 476 713 517 Georgiis,
733 477 821 508 tilius
848 476 1018 515 quondam
1046 473 1264 513 suprascripti
1292 472 1488 512 spectabilis
1515 472 1575 502 viri
1602 471 1727 502 domini
1756 470 1841 502 Petri
1861 474 1891 502 et
1910 470 2008 502 frater
2033 479 2089 502 su-

270 541 446 581 prascripti
473 541 599 571 domini
629 539 795 574 Bassiani,
823 548 884 569 suo
912 538 1044 568 nomine
1071 536 1209 576 proprio
1235 538 1265 566 et
1291 536 1389 566 etiam
1417 538 1587 574 tamquam
1614 533 1713 565 frater
1738 537 1768 565 et
1795 534 1963 574 legitimus
1981 534 2086 565 admi-

270 604 438 639 nistrator,
466 606 605 643 paterno
631 605 661 633 et
688 602 835 641 legitimo
862 599 1149 635 administratorio
1176 598 1309 628 nomine
1337 596 1435 635 Petri,
1476 598 1549 628 eius
1586 597 1711 628 domini
1752 596 1917 628 Francisci
1956 597 2012 627 tilii
2050 605 2087 627 ac

270 666 326 696 t'ilii
365 666 536 706 quondam
575 669 604 695 et
644 664 775 695 lieredis
813 662 984 702 quondam
1024 660 1148 691 nobilis
1185 660 1319 691 domine
1354 659 1502 691 Lucretie
1535 660 1575 690 (16
1610 658 1782 690 Bandellis
1819 659 1884 690 filie
1914 659 2085 699 quondam

268 728 488 768 suprascripti
528 727 653 758 douiini
695 725 859 756 Francisci
887 724 926 754 de
954 722 1126 754 Bandellis
1164 731 1201 753 ac
1238 722 1316 753 olim
1355 722 1482 753 sororis
1519 725 1550 753 et
1587 722 1720 753 heredis
1754 731 1813 762 pro
1846 721 1910 752 alia
1948 721 2086 752 dimidia

271 791 491 830 suprascripti
527 789 697 829 quondam
734 787 886 818 Hectoris
912 787 952 817 de
990 785 1184 823 Bandellis,
1226 785 1304 815 olim
1343 785 1399 815 filii
1439 784 1609 824 quondam
1647 787 1677 815 61
1715 784 1848 815 heredis
1889 783 2091 814 universalis

269 853 488 892 suprascripti
528 851 698 891 quondam
738 850 864 880 domini
894 848 1084 885 Francisci,
1122 851 1152 879 et
1178 848 1257 878 olim
1297 848 1414 878 uxoris
1452 847 1560 887 ipsius
1597 847 1723 877 domini
1763 845 1929 877 Francisci
1956 846 1996 877 de
2026 844 2114 891 Ges

270 916 384 955 orgiis,
412 919 475 945 tam
504 914 636 945 insimul
665 922 764 952 quam
792 912 983 952 separatim,
1009 914 1039 942 et
1065 911 1150 942 alias
1175 911 1264 941 omni
1297 911 1383 947 iure,
1410 910 1474 947 via,
1502 910 1613 947 modo,
1643 918 1745 941 causa
1771 912 1801 940 et
1827 908 1933 940 fornia
1966 909 2091 949 quibus

268 978 385 1008 melius
413 978 461 1008 vel
491 977 636 1008 validius
662 978 839 1016 potuerunt
865 977 895 1005 et
923 977 1076 1015 possunt,
1115 983 1179 1004 non
1208 973 1250 1010 vi,
1289 982 1347 1004 nec
1374 975 1472 1009 metu,
1500 981 1558 1003 nec
1585 981 1642 1012 per
1669 973 1936 1012 impressionem,
1963 972 2022 1003 sed
2048 980 2089 1002 ex

265 1043 352 1070 certa
379 1040 516 1070 ssientia
543 1042 573 1070 et
599 1039 683 1069 alias
709 1038 798 1068 omni
827 1038 906 1073 iure,
946 1037 1010 1073 via,
1037 1036 1149 1072 modo,
1188 1044 1301 1071 causa,
1327 1038 1358 1066 et
1399 1035 1504 1066 forma
1548 1035 1672 1075 quibus
1714 1035 1833 1066 melius
1874 1037 1903 1065 et
1945 1034 2092 1065 validius

271 1106 448 1142 potuerunt
474 1107 504 1132 et
532 1104 686 1142 possunt,
717 1099 1086 1139 intervenientibusque
1124 1098 1247 1129 ibidem
1287 1098 1558 1138 quibuscumque
1596 1097 1867 1128 solemnitatibus
1905 1099 1969 1127 tam
2009 1097 2090 1128 iuris

267 1174 365 1205 quain
394 1164 481 1201 facti,
509 1165 539 1195 in
566 1164 690 1194 talibus
716 1166 747 1194 et
773 1162 941 1194 similibus
968 1161 1099 1198 solitis,
1138 1161 1310 1200 requisitis
1336 1163 1366 1191 et
1392 1160 1595 1200 opportunis
1621 1162 1686 1190 tam
1724 1159 1764 1190 (16
1803 1159 1871 1190 iure
1909 1167 2009 1199 quam
2048 1159 2088 1190 de

273 1227 527 1262 consuetudine,
566 1235 657 1266 pure,
685 1234 782 1262 mere,
810 1223 1072 1255 irrevocabiliter
1090 1223 1131 1254 ad
1159 1231 1298 1262 presens
1324 1225 1355 1253 et
1381 1223 1463 1253 inter
1490 1223 1588 1253 vivos
1614 1222 1781 1253 donarunt
1806 1225 1836 1252 et
1863 1221 2000 1259 donant,
2018 1221 2094 1252 titu-

273 1290 372 1329 loque
399 1289 594 1320 donationis
621 1289 703 1319 inter
729 1288 839 1325 vivos,
866 1296 957 1327 pure,
984 1295 1090 1323 mere,
1117 1285 1347 1316 irrevocabilis
1384 1287 1415 1316 et
1451 1285 1492 1316 ad
1520 1293 1660 1325 presens
1697 1285 1957 1322 transtulerunt,
1995 1284 2096 1315 tradi-

271 1352 398 1386 derunt,
425 1351 589 1382 dederunt
614 1354 644 1382 et
671 1351 767 1390 quasi
795 1359 832 1381 ac
859 1349 1073 1386 transferunt,
1100 1348 1244 1385 tradunt,
1271 1348 1351 1378 dant
1369 1350 1399 1378 et
1418 1347 1526 1387 quasi,
1554 1347 1805 1378 venerabilibus
1830 1347 1977 1377 dominis
2002 1346 2092 1377 fratri

273 1414 450 1445 Francisco
477 1414 517 1444 de
545 1412 649 1453 Papia
677 1412 794 1449 Priori,
821 1412 910 1443 tratri
939 1412 1127 1443 llluminato
1154 1411 1194 1442 de
1221 1409 1384 1451 Septimo,
1422 1409 1511 1441 fratri
1551 1409 1671 1450 Egidio
1698 1409 1738 1440 de
1765 1408 1896 1445 Crema,
1922 1408 2011 1440 tratri
2043 1407 2092 1439 Io-

273 1478 372 1508 hanni
402 1475 498 1508 Petro
526 1476 565 1507 de
594 1475 709 1516 Papia,
735 1475 825 1506 fratri
854 1475 1000 1506 Martino
1027 1475 1067 1505 de
1095 1474 1279 1511 Modoetia,
1306 1472 1395 1504 fratri
1423 1471 1581 1505 Cornelio
1608 1473 1648 1504 de
1675 1472 1791 1509 Biella,
1817 1472 1906 1503 fratri
1935 1471 2095 1502 Mauritio

273 1540 314 1570 de
341 1539 511 1573 Vercellis,
538 1538 628 1569 fratri
658 1538 834 1569 Francisco
861 1537 901 1568 de
928 1536 1039 1574 Sallis‚
1066 1536 1156 1568 fratri
1184 1536 1325 1567 Marelio
1352 1536 1392 1567 de
1418 1534 1588 1573 Cadrali0‚
1621 1535 1711 1566 fratri
1751 1535 1923 1566 Ludovico
1949 1534 1989 1565 de
2015 1533 2095 1565 Ver-

272 1602 377 1639 cellis,
404 1601 494 1632 fratri
522 1601 663 1632 Nicolao
689 1601 729 1631 de
755 1599 884 1637 Cumis,
911 1599 1001 1630 fratri
1030 1599 1187 1630 Micliaeli
1215 1599 1255 1630 de
1281 1597 1412 1636 Crema,
1438 1598 1527 1629 tratri
1556 1597 1692 1629 lolianni
1728 1596 1918 1638 Augustino
1944 1597 1984 1627 de
2011 1594 2095 1628 Gra-

275 1673 411 1701 varonay
438 1663 527 1695 fratri
556 1663 692 1694 lolianni
720 1662 815 1694 Bono
842 1663 882 1693 de
910 1662 1025 1700 Biella,
1051 1661 1141 1693 fratri
1169 1660 1324 1692 Dionisio
1351 1662 1391 1692 de
1418 1660 1588 1699 Vercellis,
1613 1659 1704 1691 fratri
1735 1659 1886 1700 Eugenio
1913 1659 1952 1690 de
1979 1657 2095 1699 Papia,

275 1726 363 1758 fratri
392 1726 574 1757 Theodoro
601 1726 641 1757 de
669 1724 784 1766 Papia,
815 1724 904 1756 fratri
944 1724 1044 1756 Leoni
1073 1725 1113 1755 de
1140 1723 1309 1756 Sartirana
1335 1726 1365 1755 et
1391 1723 1481 1754 fratri
1521 1722 1676 1754 Dionisio
1703 1722 1743 1753 de
1769 1720 1898 1759 Cumis,
1935 1721 2094 1752 omnibus

275 1788 434 1820 tratribus
461 1788 626 1829 professis
663 1788 741 1819 dicti
773 1788 977 1820 monasterii.
1005 1788 1035 1817 in
1063 1796 1163 1817 unum
1201 1786 1428 1826 capitulariter
1464 1785 1661 1816 convocatis
1686 1787 1716 1816 et
1742 1784 1973 1825 congregatis,
2010 1792 2096 1815 sono

276 1860 441 1891 campane
468 1851 634 1891 premisso
662 1853 695 1881 ut
721 1851 824 1881 moris
849 1850 973 1887 existit,
1001 1850 1041 1880 de
1069 1849 1226 1880 mandato
1252 1852 1282 1880 et
1310 1849 1532 1889 imposicione
1569 1847 1687 1888 prefati
1729 1847 1855 1878 domini
1883 1845 2019 1883 Prioris,
2060 1854 2097 1877 ac

276 1913 479 1944 facientibus
504 1916 534 1944 et
561 1913 871 1953 representantibus
897 1915 1001 1943 totum
1029 1916 1058 1943 et
1086 1913 1248 1952 integrum
1275 1911 1458 1951 capitulum
1486 1911 1563 1942 dicti
1594 1910 1798 1947 monasterii,
1836 1911 1933 1949 prout
1960 1909 2003 1940 ita
2028 1907 2099 1939 fore

280 1984 394 2006 verum
421 1976 546 2012 dicunt,
573 1976 772 2006 confitentur
798 1977 828 2006 et
855 1976 1082 2015 protestantur
1109 1975 1173 2014 ipsi
1201 1974 1327 2005 domini
1355 1972 1449 2004 Prior
1474 1975 1505 2004 et
1532 1973 1671 2010 Fratres,
1699 1973 1729 2003 in
1757 1972 1930 2012 presencia
1957 1972 2098 2002 11161110-

278 2039 350 2068 tarii
377 2042 407 2069 et
433 2039 566 2069 testium
594 2037 892 2078 infrascriptorum,
920 2037 963 2068 ibi
991 2037 1195 2077 presentium
1222 2039 1252 2068 et
1279 2037 1377 2067 11116111
1405 2036 1534 2067 notario
1562 2035 1773 2075 infrascripto
1799 2033 1928 2065 offitiali
1964 2033 2100 2074 publico

280 2103 311 2130 et
337 2109 394 2131 seu
423 2100 523 2131 veluti
552 2100 685 2140 publice
712 2108 865 2140 persone,
892 2099 1145 2140 stipulantibus,
1172 2098 1412 2139 recipientibus
1437 2100 1468 2129 et
1493 2096 1747 2138 acceptantibus
1773 2096 1906 2127 nomine
1925 2095 2044 2126 61ν166
2063 2103 2101 2126 ac

282 2162 323 2193 ad
351 2165 476 2202 partem
503 2165 534 2193 et
560 2163 733 2194 utilitatem
761 2162 980 2202 suprascripti
1008 2162 1200 2193 monasterii
1228 2162 1333 2192 sancti
1361 2160 1467 2198 Pauli,
1493 2159 1632 2192 Ordinis
1651 2159 1890 2190 Heremitarum
1911 2158 2014 2189 sancti
2035 2157 2102 2188 Au-

281 2225 405 2265 gustini
434 2225 473 2256 (16
500 2224 742 2262 Observancia,
769 2225 822 2255 siti
849 2227 943 2255 extra
969 2227 999 2255 et
1026 2233 1130 2264 prope
1169 2223 1318 2264 Papiam,
1345 2232 1382 2255 ac
1408 2222 1555 2264 Capituli
1582 2225 1612 2253 et
1638 2220 1836 2254 Conventus
1873 2221 2034 2258 eiusdem,
2071 2222 2102 2251 et

285 2296 341 2327 per
367 2296 425 2318 eos
452 2288 609 2318 dominos
637 2286 783 2318 Priorem
810 2290 839 2318 et
868 2286 997 2318 Fratres
1022 2289 1052 2318 et
1079 2296 1129 2317 me
1157 2287 1349 2317 iamdictuni
1376 2286 1540 2317 notarium
1568 2285 1631 2325 ipsi
1659 2284 1862 2315 monasterio
1887 2292 1924 2314 ac
1953 2283 2102 2323 capitulo

284 2353 314 2379 et
332 2350 511 2380 conventui
539 2350 690 2381 eiusdem
718 2358 777 2389 pro
803 2349 928 2380 fabrica
954 2351 985 2380 et
1011 2352 1128 2380 ornatu
1155 2349 1294 2380 ecclesie
1321 2349 1398 2379 dicti
1426 2347 1629 2384 monasterii,
1656 2346 1860 2377 nominative
1898 2345 2032 2376 domum
2059 2345 2104 2376 ci-

289 2412 402 2442 vitatis
429 2412 578 2448 Mantue,
605 2412 859 2452 possessionem
887 2412 927 2442 (16
953 2410 1176 2448 CarozedulO,
1202 2411 1456 2451 possessionem
1484 2410 1524 2440 (16
1552 2408 1677 2442 Rozulo
1703 2411 1733 2439 et
1761 2408 1848 2438 bona
1867 2408 1906 2438 (16
1926 2407 2103 2438 Belzoioso

285 2477 315 2503 61
341 2474 537 2513 generaliter
562 2483 680 2505 omnes
705 2477 735 2504 et
762 2482 993 2514 quascumque
1020 2474 1150 2511 domos,
1179 2473 1418 2513 possessiones
1443 2475 1473 2503 et
1500 2472 1720 2512 proprietates
1737 2479 1774 2501 ac
1793 2471 1890 2501 etiam
1919 2470 2006 2501 bona
2037 2478 2106 2500 1110-

289 2536 366 2566 bilia
392 2540 422 2567 et
449 2537 680 2576 suppelectilia
708 2537 840 2574 domus,
868 2537 1086 2568 hereditarias
1112 2538 1142 2567 et
1169 2535 1367 2566 hereditaria
1394 2535 1470 2565 dicti
1498 2533 1667 2574 quondam
1688 2532 1840 2563 Hectoris
1867 2532 1906 2563 de
1933 2531 2105 2563 Bandellis

288 2603 318 2628 et
344 2607 429 2638 quas
454 2602 483 2629 et
511 2608 574 2638 que
601 2599 710 2630 dictus
737 2599 907 2638 quondam
935 2599 1093 2629 dominus
1121 2598 1318 2629 Franciscus
1344 2597 1384 2628 de
1410 2596 1582 2628 Bandellis
1607 2595 1684 2626 olim
1713 2598 1804 2635 pater
1830 2595 1906 2625 dicti
1935 2594 2104 2634 quondam

291 2659 452 2695 Hectoris,
469 2660 746 2700 liabuitteinpore
772 2661 844 2691 eius
871 2661 935 2691 vite
961 2663 991 2691 et
1018 2660 1150 2700 reliquit
1177 2661 1249 2700 ipse
1268 2659 1438 2699 quondam
1466 2658 1623 2689 dominus
1650 2657 1846 2688 Franciscus
1872 2660 2020 2697 tempore
2034 2657 2107 2688 eius

290 2723 415 2759 mortis,
442 2723 524 2753 sitas
551 2723 580 2753 in
607 2723 740 2753 civitate
769 2723 906 2753 Mantue
932 2726 963 2754 et
989 2723 1062 2754 eius
1088 2723 1239 2754 districtu
1267 2730 1325 2753 seu
1353 2730 1472 2762 posse,
1512 2720 1561 2751 vel
1600 2720 1786 2757 territorio,
1825 2719 1937 2750 ubivis
1974 2719 2040 2750 sint
2076 2721 2106 2750 et

293 2786 419 2816 iaceant
445 2788 474 2816 et
503 2785 532 2815 in
560 2788 726 2824 quotquot
753 2786 852 2825 petiis
878 2786 1025 2816 existant
1051 2794 1088 2816 ac
1115 2785 1296 2825 quibusvis
1321 2783 1528 2815 coherenciis
1553 2785 1583 2814 et
1609 2782 1799 2813 confinibus
1837 2782 2052 2812 terminentur
2077 2784 2108 2812 et

293 2850 458 2887 quotquot
485 2856 542 2878 seu
570 2850 693 2887 quante
720 2847 785 2877 sint
811 2856 868 2878 seu
897 2856 971 2878 esse
998 2848 1213 2887 reperiantur.
1242 2846 1279 2878 Et
1304 2856 1345 2878 ex
1372 2854 1474 2877 causa
1499 2848 1530 2876 et
1557 2845 1672 2875 merito
1700 2844 1799 2875 liuius
1825 2844 1990 2884 presentis
2004 2844 2109 2874 dona-

294 2910 405 2947 tionis,
432 2909 621 2941 traditionis
647 2912 677 2939 et
704 2909 812 2948 quasi,
840 2909 902 2949 ipsi
931 2910 1066 2940 domina
1094 2909 1223 2940 lsabeta
1250 2911 1280 2939 et
1307 2908 1464 2939 dominus
1491 2906 1699 2943 Franciscus‚
1726 2914 1788 2937 suo
1813 2909 1844 2937 et
1870 2906 2003 2936 nomine
2041 2914 2108 2945 quo

294 2981 395 3013 supra
423 2972 598 3009 donantes,
625 2980 682 3011 per
707 2980 742 3002 se
769 2980 804 3002 se
831 2974 861 3002 et
886 2980 1000 3002 eorum
1029 2971 1168 3003 heredes
1195 2973 1226 3002 et
1244 2978 1459 3002 successores
1484 2971 1656 3000 cesserunt
1674 2971 1705 2999 et
1723 2968 1845 3000 cedunt
1862 2970 1893 2999 et
1912 2968 2108 2999 iurisdatuni

295 3036 442 3067 fecerunt
469 3037 499 3066 et
525 3033 650 3065 faciunt
676 3032 815 3074 prefatis
842 3033 988 3065 dominis
1019 3033 1123 3064 Priori
1151 3036 1182 3064 et
1209 3033 1380 3064 Fratribus
1404 3034 1435 3063 et
1461 3032 1559 3062 11116111
1587 3031 1728 3068 notario,
1748 3031 1881 3062 nomine
1899 3030 1976 3061 dicti
1996 3038 2111 3060 mona-

297 3101 387 3131 sterii
414 3108 450 3130 ac
477 3098 624 3139 Capituli
652 3099 682 3127 et
709 3094 909 3127 Conventus
934 3096 1084 3127 eiusdem
1112 3095 1355 3136 stipulantibus
1379 3096 1409 3125 et
1435 3093 1674 3134 recipientibus
1698 3096 1729 3124 et
1755 3102 1812 3133 per
1836 3101 1896 3124 eos
1921 3095 1952 3124 et
1977 3101 2028 3123 me
2054 3100 2112 3123 no-
