2347 3444
263 187 325 219 126

258 328 378 352 versus
414 318 454 351 D.
482 317 667 352 Stetfanum
703 319 745 351 de
782 317 936 351 Canibus
939 344 1001 350 ......
1039 318 1173 350 nomine
1209 317 1422 348 dominorum
1459 314 1646 348 Consulum
1684 313 1827 357 Collegii
1860 314 2073 347 Notariorum

257 378 469 422 papie(l)....
496 389 532 413 se
559 381 670 422 ipsum
707 381 880 413 dominum
918 381 1050 412 fratrem
1089 378 1350 412 Guillelmum....
1377 378 1592 419 recepisse...
1618 377 1749 410 solidos
1774 377 1861 409 duos
1886 377 2076 418 imperiales

257 454 318 485 pro
343 444 582 476 cellebratione
608 444 717 476 Misse
744 452 864 485 magne
891 444 921 474 in
949 444 1084 475 ineantu
1110 442 1196 474 facta
1223 451 1280 483 per
1307 442 1417 482 ipsum
1443 441 1615 472 dominum
1641 439 1774 472 fratrem
1801 437 2017 472 Guillelmum
2043 441 2075 471 et

257 516 316 548 per
341 507 450 538 dictos
476 504 642 539 Cantores
667 504 825 547 (Collegii
852 502 1082 544 Notariorum)
1107 506 1238 536 cantate
1270 512 1344 535 cum
1371 503 1482 535 officio
1507 503 1644 534 debito:
1670 504 1701 534 et
1726 502 1824 534 etiam
1850 510 1925 534 cum
1951 501 2075 533 elemo-

257 570 336 601 xina
362 569 461 610 panis
486 569 528 600 ad
555 569 663 609 ipsam
689 568 868 600 ecclesiam
895 569 972 600 data
999 569 1030 599 et
1056 568 1210 608 porrecta
1247 566 1456 607 pauperibus
1498 563 1623 598 Christi
1650 573 1708 605 per
1734 564 1844 605 ipsum
1871 562 2073 604 Collegium,

257 640 318 672 pro
343 631 453 663 anima
479 631 650 671 quondam
666 631 792 662 domini
820 630 994 662 Laurencii
1021 629 1062 661 de
1087 628 1276 661 Pasturinis
1302 629 1358 669 qui
1386 628 1510 669 legavit
1535 627 1626 659 dicto
1659 624 1813 667 Collegio
1837 628 1868 658 et
1894 626 1925 657 in
1951 634 2076 657 execu-

257 694 347 725 tione
372 694 452 725 dicti
479 694 590 734 legati,
615 696 676 725 etc.
704 691 803 730 Quod
830 692 977 723 officium
1004 694 1034 723 et
1060 700 1125 732 que
1151 691 1260 722 Missa
1286 693 1317 722 et
1343 690 1541 721 Elemoxina
1566 689 1654 721 facta
1679 691 1710 721 et
1736 688 1822 720 facte
1840 697 1879 720 ac
1896 688 2077 720 dictasunt

257 756 392 797 singulo
418 765 506 787 anno
532 765 592 796 pro
618 756 728 786 anima
754 755 832 786 dicti
860 754 1026 786 Laurentii
1053 756 1114 785 etc.
1141 752 1180 784 Et
1206 753 1293 791 inde,
1319 754 1381 784 etc.

1016 917 1086 958 C(
1095 917 1334 958 XCVIII.

348 1030 400 1058 La
426 1028 611 1057 Comunita
637 1028 671 1056 di
698 1028 733 1056 S.
761 1027 936 1063 Agostino
962 1027 1074 1055 affitta
1092 1027 1102 1055 i
1120 1027 1201 1055 beni
1226 1026 1320 1055 della
1339 1025 1568 1062 Cappellania
1587 1025 1643 1054 dei
1662 1025 1723 1054 SS.
1744 1024 1855 1053 Paolo
1873 1033 1891 1053 e
1909 1024 2074 1052 Antonio.

894 1131 1029 1163 1461,
1055 1131 1331 1161 fortun-aio,
1359 1131 1448 1155 26.

791 1220 868 1244 (Arcti⁴
886 1220 965 1241 Notat⁴
983 1219 1004 1240 di
1021 1219 1099 1240 ΡῑινίᾱΔ
1118 1230 1140 1233 --
1157 1219 1205 1240 Atti
1222 1219 1243 1239 di
1259 1219 1374 1244 Agosrino
1389 1218 1545 1244 Gravanagoi.

364 1353 412 1469 Ι
502 1370 525 1396 Ν
551 1365 706 1397 sacristia
731 1365 874 1396 ecclesie
900 1364 1007 1396 sancti
1034 1363 1226 1405 Augustini,
1264 1362 1379 1404 Papie.
1417 1361 1660 1395 convocato...
1698 1362 1890 1403 capitulo...
1920 1362 1961 1394 de
1988 1370 2081 1393 man—

525 1428 603 1459 dato
630 1427 804 1459 reverendi
843 1427 948 1467 patris
985 1427 1111 1457 domini
1150 1426 1300 1467 magistri
1339 1425 1542 1457 Bartolomei
1569 1425 1610 1456 de
1635 1424 1794 1456 Fazardis
1831 1433 1925 1456 sacre
1955 1424 2077 1465 pagine

526 1490 742 1531 professoris,
769 1489 895 1521 Prioris
928 1491 1117 1521 conventus
1144 1492 1175 1520 et
1200 1489 1340 1520 ecclesie
1379 1488 1516 1520 fratrum
1554 1487 1796 1519 Heremitarum
1822 1487 1929 1519 sancti
1963 1486 2078 1528 Augu-

257 1555 378 1586 stini...
406 1555 436 1585 in
463 1563 574 1594 quo...
613 1552 804 1593 capitulo...
842 1552 1019 1589 fuerunt,...
1057 1552 1215 1583 dominus
1253 1550 1358 1589 Prior,
1385 1560 1444 1582 nec
1470 1559 1536 1581 non
1570 1550 1777 1582 reverendus
1802 1552 1897 1590 pater
1922 1549 2079 1580 dominus

258 1617 418 1657 magister
444 1616 680 1647 Mantredinus
707 1615 747 1646 de
774 1615 976 1652 Mombreto,
1003 1615 1211 1646 reverendus
1237 1616 1332 1654 pater
1356 1614 1515 1645 dominus
1542 1613 1708 1644 lohannes
1741 1612 1884 1644 lacobus
1909 1612 1951 1643 de
1976 1609 2077 1643 Cam-

256 1680 346 1719 pixe,
373 1687 432 1710 nec
460 1687 524 1709 non
552 1677 766 1709 venerabiles
792 1677 852 1707 viri
880 1677 1005 1708 domini
1033 1676 1152 1708 fratres
1179 1675 1328 1716 Rapliael
1355 1676 1397 1707 de
1424 1675 1552 1716 Rapalo
1579 1675 1737 1713 biblicus,
1756 1674 1857 1705 frater
1882 1672 2078 1705 Gualterius

256 1742 297 1773 de
324 1740 425 1773 Curte
463 1740 632 1780 subprior,
660 1739 802 1770 lacobus
829 1739 870 1770 de
897 1738 1036 1770 Francia
1063 1739 1223 1779 magister
1255 1738 1474 1775 studentium,
1500 1737 1620 1769 Petrus
1646 1738 1687 1768 de
1714 1735 1891 1774 Cremona,
1918 1735 2080 1767 Polonius

258 1804 299 1835 de
326 1802 440 1840 Curte,
467 1801 603 1842 Gaspar
629 1802 669 1833 de
696 1801 813 1841 Papia,
838 1801 987 1832 Zaninus
1014 1801 1055 1832 de
1082 1799 1207 1832 Sancto
1234 1799 1374 1841 Angelo,
1401 1799 1584 1831 Tomasius
1610 1800 1651 1830 de
1677 1798 1853 1839 Pergamo,
1872 1799 2014 1830 Maurus
2039 1798 2080 1829 de

257 1865 425 1903 Veneciis,
463 1864 594 1896 Nicolla
620 1865 661 1895 de
688 1863 820 1895 Verona
839 1861 898 1903 (2),
937 1862 1057 1894 Petrus
1082 1863 1297 1901 Teotonicus,
1335 1862 1488 1903 Baptista
1514 1862 1555 1893 de
1590 1861 1797 1899 Mediolano,
1835 1860 2013 1902 Dydymus
2039 1860 2080 1892 de

258 1927 402 1968 Brayda,
441 1926 625 1958 leronimus
651 1926 692 1957 de
719 1924 854 1963 Casate,
893 1925 1086 1956 Bernardus
1112 1925 1153 1956 de
1180 1925 1388 1963 Mediolano,
1427 1924 1594 1956 Iohannes
1620 1924 1661 1955 de
1688 1923 1838 1962 Francia,
1875 1922 2078 1955 Guillelmus

258 1990 299 2021 de
325 1989 475 2027 Francia,
502 1988 559 2020 lvo
585 1989 626 2020 de
653 1988 804 2025 Francia,
831 1986 1000 2029 Georgius
1025 1988 1067 2019 de
1094 1987 1270 2025 Becliaria,
1297 1987 1450 2028 Baptista
1476 1987 1517 2018 de
1544 1986 1656 2024 Ianua,
1675 1986 1884 2018 Nicodemus
1902 1986 1943 2017 de
1961 1983 2078 2018 Cumis

257 2054 287 2084 et
313 2052 413 2083 frater
450 2051 618 2083 Eusebius
645 2051 686 2082 de
713 2051 897 2091 Ligeriis....
935 2050 1002 2082 fere
1041 2052 1145 2082 totum
1172 2052 1203 2082 et
1230 2050 1394 2091 integrum
1422 2048 1661 2090 Capitulum...
1689 2049 1822 2080 nomine
1849 2048 1978 2089 capelle
2004 2056 2082 2080 san-

259 2117 387 2146 ctorum
414 2113 509 2145 Pauli
536 2117 567 2145 et
594 2112 728 2144 Antonii
755 2115 948 2144 constructe
976 2113 1007 2143 in
1033 2113 1151 2144 eadem
1177 2113 1323 2144 ecclesia
1349 2113 1454 2144 sancti
1482 2111 1662 2153 Augustini
1689 2111 1835 2142 civitatis
1861 2110 1965 2151 Papie
1991 2110 2023 2141 in
2050 2112 2080 2142 et

261 2186 322 2217 pro
347 2177 576 2216 exequutione
614 2176 849 2207 testamenti...
887 2176 1022 2206 domine
1061 2174 1259 2216 Tliomayne
1285 2175 1326 2206 de
1354 2175 1537 2206 Lanariis...
1576 2174 1681 2215 rogati
1708 2183 1797 2205 anno
1827 2173 1919 2211 1388,
1945 2173 1987 2204 23
2012 2172 2081 2204 Au-

262 2240 362 2280 gusti,
388 2239 446 2270 dal
469 2239 581 2269 notam
607 2238 763 2278 Roglerio
788 2237 969 2278 Bottigella
985 2236 1079 2277 (3)....
1114 2237 1223 2270 darino
1249 2238 1280 2269 in
1306 2236 1414 2278 affitto
1440 2238 1451 2268 i
1475 2237 1550 2268 beni
1573 2236 1608 2268 a'i
1631 2236 1719 2268 detta
1756 2236 1975 2276 cappellania,
2012 2235 2082 2267 cioe'

261 2311 326 2333 aaa
352 2310 432 2332 casa
458 2302 489 2332 [η
515 2300 715 2332 Parrocclua
751 2300 806 2332 dei
841 2300 900 2333 SS.
927 2300 1095 2332 Damiano
1122 2309 1138 2332 e
1163 2299 1315 2334 Romano
1341 2301 1372 2331 in
1399 2299 1515 2335 Pavia,
1543 2308 1559 2330 e
1584 2307 1649 2330 una
1688 2299 1786 2338 vigila
1823 2299 1854 2330 1η
1891 2306 2081 2339 campagna

261 2363 400 2396 Sottana
427 2364 482 2394 ubi
509 2364 631 2394 dieitur
661 2363 691 2394 in
716 2362 862 2394 Basilica
878 2362 1007 2394 Bononi
1027 2363 1062 2395 di
1076 2363 1122 2395 28
1132 2362 1277 2403 pertt'clze
1295 2360 1346 2402 (4)
1371 2362 1416 2393 aa
1432 2371 1473 2393 urz
1491 2362 1669 2393 Accorsino
1688 2360 1844 2397 Biscossl,
1860 2369 1922 2401 per
1943 2360 2083 2392 l’armao

264 2426 372 2467 assitto
399 2426 434 2457 cli
450 2425 565 2466 fiorini
586 2426 633 2457 22
656 2434 672 2457 e
697 2425 812 2457 denari
835 2426 864 2457 6.

320 2584 336 2605 (l
365 2582 452 2607 Quesm
478 2583 647 2603 ‹liclinirziaiuue
670 2584 681 2603 ζ·
705 2583 821 2603 rii-*iscium
844 2583 872 2603 11.-1
896 2583 953 2604 irrite
979 2583 1108 2607 (Jiiglielmo
1124 2583 1144 2603 :ii
1201 2585 1343 2604 testamento
1359 2583 1380 2603 di
1397 2582 1546 2603 'sornmasina
1563 2582 1652 2603 Latiari.
1674 2581 1741 2601 risnle
1756 2582 1800 2601 alla
1817 2581 1861 2602 fine
1877 2582 1912 2602 del
1929 2582 2007 2602 secolo
2023 2582 2080 2603 XIV.

268 2627 532 2651 ConsulidelCollegi-1
556 2628 590 2647 dei
615 2628 681 2647 Numi
699 2628 719 2647 di
737 2628 806 2648 Pavia
830 2628 912 2653 percli'c
936 2631 1020 2653 questo
1043 2628 1146 2653 Collcgio

269 2678 307 2692 cra
324 2672 337 2692 il
354 2672 466 2697 legatario
481 2672 517 2692 del
534 2673 609 2693 nobile
627 2673 729 2692 Lon-nm
753 2672 876 2697 l'astoriiii,
893 2673 1010 2693 ricordato
1026 2673 1060 2693 nel
1077 2672 1146 2693 docu-

269 2719 355 2739 mento,
371 2716 392 2735 di
410 2716 485 2736 nobile
502 2716 601 2740 lnunglia
618 2717 721 2736 zilvimzite
744 2717 801 2737 nelle
824 2717 942 2737 vicinarum
958 2717 979 2736 di
996 2716 1018 2737 S.
1036 2717 1146 2737 Mostiola

269 2767 280 2781 c
298 2761 470 2785 propriamentc
495 2760 650 2780 nell'ndicrnzi
676 2761 711 2780 viii
735 2761 837 2785 l’citotri,
854 2762 967 2781 (ilianum-'J
984 2762 1034 2781 sino
1049 2767 1061 2781 n
1079 2762 1144 2787 pochi

268 2805 320 2825 anni
338 2810 363 2825 or
379 2810 437 2825 sono
449 2805 484 2825 νιίι
497 2805 534 2825 1Ιυί
546 2804 675 2825 l’usformr'.
689 2805 744 2825 Vedi
754 2806 826 2825 anche
838 2805 888 2825 doc.
901 2805 937 2825 del
946 2806 956 2825 7
967 2805 1071 2826 icbbraio
1089 2806 1145 2826 141'174

324 2850 353 2872 ¹2)
370 2849 384 2869 ll
401 2849 494 2873 Torum,
511 2849 555 2869 vol.
573 2849 620 2873 Vll,
637 2855 688 2874 pag.
705 2850 744 2870 595
759 2855 771 2869 e
786 2850 825 2870 598
841 2850 929 2870 ricorda
946 2851 986 2870 elic
1003 2850 1036 2870 nei
1055 2850 1152 2875 Registri

271 2893 323 2913 dcll'
334 2893 419 2914 Ordine
435 2895 499 2914 sotto
515 2894 530 2914 l*
541 2899 601 2914 anno
620 2894 670 2915 1508
684 2894 696 2914 ὸ
712 2894 832 2919 segnalato
849 2900 878 2914 un
895 2894 952 2915 irate
969 2895 1047 2915 Nicola
1064 2895 1092 2915 da
1109 2895 1150 2916 Ve-

271 2943 335 2962 rona,
352 2938 429 2957 chiam
446 2943 486 2963 per
502 2938 522 2958 la
538 2938 609 2963 gloria
633 2938 691 2958 della
716 2938 885 2964 predicazionc.
909 2939 958 2959 Non
981 2939 1071 2959 osiamo
1086 2939 1152 2960 affier-

272 2987 333 3002 mare
349 2982 390 3002 clie
406 2982 439 3002 sia
456 2982 477 3002 lo
493 2984 570 3003 stesso
594 2982 710 3007 Religioso
726 2983 760 3003 del
777 2983 927 3008 documento,
943 2984 1044 3004 sebbcne
1060 2984 1080 3004 ln
1096 2989 1151 3004 cosa

270 3031 315 3045 non
332 3026 430 3046 snrcbbe
446 3026 598 3051 impossibilev
617 3027 672 3047 Vcdi
689 3027 820 3052 OSSINGER,
835 3028 881 3048 929.

326 3071 355 3091 13=
373 3070 402 3091 La
419 3070 568 3096 Cappellania
592 3071 627 3092 dci
651 3072 710 3092 santi
733 3071 804 3092 Paolo
826 3072 854 3092 ed
876 3072 985 3098 Antonio,
1002 3071 1096 3093 londata
1113 3078 1154 3098 per

1203 2627 1307 2648 Essendo
1322 2627 1400 2648 :mdati
1418 2627 1508 2652 perduti
1525 2627 1553 2651 gli
1569 2626 1611 2647 atti
1627 2626 1663 2646 del
1679 2626 1758 2646 notaio
1775 2625 1880 2651 Roglcrio
1892 2626 2024 2651 Bottigella,
2036 2632 2081 2647 non

1201 2673 1310 2693 abbiamo
1322 2673 1406 2698 potuto
1418 2671 1551 2697 pubblicnre
1568 2671 1580 2691 il
1597 2672 1739 2692 testamento
1750 2671 1809 2691 dena
1821 2677 1933 2697 generosa
1944 2671 2080 2692 fundatrice.

1204 2717 1309 2737 L'nltare
1325 2716 1384 2737 della
1400 2716 1558 2741 Cappcnania,
1574 2720 1639 2736 come
1655 2715 1902 2736 vedremodnldoc.31
1913 2716 2011 2741 germaio
2024 2716 2081 2741 1463,

1201 2767 1298 2786 sorge-va
1315 2761 1373 2781 nella
1389 2760 1510 2785 sagrestia,
1527 2760 1586 2780 dove
1601 2765 1639 2780 era
1655 2760 1729 2780 ΓΔΗ-,1
1746 2760 1766 2780 di
1777 2760 1799 2781 S,
1812 2760 1924 2785 Agostino
1935 2760 1963 2781 cd
1979 2761 2082 2781 un'altra

1203 2805 1314 2831 Cappclln
1331 2805 1351 2825 di
1368 2805 1390 2826 S.
1407 2805 1499 2825 monica
1515 2804 1575 2828 (doc.
1593 2810 1613 2824 n.
1631 2804 1724 2827 CCLVJ,

1262 2851 1291 2875 14)
1308 2850 1337 2870 La
1353 2855 1407 2870 casn
1423 2854 1521 2875 sorgeva
1537 2849 1595 2869 nelle
1611 2849 1728 2869 vicinanze
1749 2849 1808 2870 della
1831 2849 1925 2870 odierna
1940 2848 2082 2875 cattedrale,

1205 2894 1299 2919 gracche
1315 2894 1335 2914 la
1352 2893 1511 2915 Parroccliiale
1527 2893 1562 2914 dei
1578 2893 1638 2913 santi
1655 2892 1768 2914 Damiano
1784 2899 1796 2914 c
1812 2893 1915 2915 Romano
1939 2893 2082 2914 s'idenn'lica

1206 2944 1249 2960 con
1265 2939 1285 2959 la
1300 2940 1450 2959 sconsacrata
1466 2938 1543 2958 chiesa
1559 2937 1580 2958 di
1597 2936 1619 2958 S*
1636 2936 1755 2964 Giuseppc
1777 2943 1861 2959 ancora
1877 2938 1989 2959 esistcnte
2004 2938 2026 2958 in
2041 2937 2083 2958 Via

1208 2983 1292 3008 lacopo
1309 2982 1435 3004 Bussolari⁴
1453 2982 1483 3003 La
1498 2982 1566 3007 vigna
1582 2982 1600 3002 si
1617 2984 1713 3003 trovam
1738 2982 1795 3003 nelle
1818 2982 1936 3003 vicinanze
1950 2982 1972 3002 di
1988 2981 2010 3003 S.
2028 2982 2084 3003 Lan-

1206 3027 1293 3048 franco.
1310 3027 1366 3048 Vedi
1383 3027 1434 3048 doc.
1451 3032 1472 3047 11.
1489 3025 1544 3048 cel.
