2347 3444
1077 385 1383 426 CCCXLVI.

412 493 439 522 11
463 494 558 522 Duca
582 494 614 523 di
639 494 762 523 Milano
787 503 934 531 appi-ova
959 494 978 522 l'
993 493 1192 522 investitura
1216 493 1248 521 di
1274 502 1339 521 una
1363 501 1441 521 casa
1465 493 1507 521 da
1531 492 1724 522 concedersi
1749 493 1836 529 dagl'.
1862 493 2082 529 Agostiniani.

996 606 1145 637 1470,
1166 606 1310 637 111211
1316 614 1364 637 o,
1384 605 1474 631 2¹7.

886 695 950 718 (Acii.
969 695 1048 715 Nomi:
1065 694 1086 715 di
1105 694 1174 715 pavia
1190 705 1214 707 —
1231 695 1278 715 Atii
1295 694 1316 715 di
1334 694 1411 715 l’ietro
1427 695 1577 718 Momm-eto).

569 897 684 922 ALEAZ
703 891 811 923 Maria
837 890 964 923 Storcia
991 891 1187 923 Vicecomes
1214 891 1291 923 Dux
1319 892 1504 924 Mediolani
1520 896 1579 924 etc.
1599 892 1703 933 Papie
1719 892 1944 934 Anglerieque
1963 891 2086 926 Comes
2101 903 2138 926 ac

395 881 507 998 G
591 954 690 985 lanue
716 956 747 985 et
773 952 938 986 Cremone
964 954 1132 986 dominus.

677 1016 762 1050 Cum
789 1018 1022 1058 superioribus
1047 1018 1168 1049 diebus
1195 1018 1294 1049 nobis
1331 1018 1534 1058 suplicatum
1572 1018 1691 1050 fuisset
1729 1019 1862 1050 nomine
1895 1019 2137 1051 venerabilium

322 1081 532 1111 dominorum
560 1080 696 1117 Prioris,
723 1080 858 1112 fratrum
885 1084 915 1111 et
942 1079 1141 1112 Conventus
1167 1081 1274 1112 sancti
1305 1080 1496 1121 Augustini,
1524 1089 1584 1112 nec
1610 1090 1675 1112 non
1715 1080 1824 1112 lacobi
1852 1081 1892 1112 de
1921 1080 2138 1114 Ronzonibus

323 1131 547 1183 papiensium,
573 1143 614 1174 de
641 1143 787 1183 quadam
815 1143 927 1178 domo,
954 1152 1053 1183 quarn
1081 1143 1112 1174 in
1139 1143 1377 1183 emphiteusim
1416 1143 1503 1174 idem
1542 1143 1684 1175 lacobus
1710 1143 1751 1175 de
1778 1142 1995 1176 Ronzonibus
2021 1153 2039 1176 a
2065 1153 2139 1184 pre-

322 1206 420 1236 dictis
447 1205 571 1242 Priore,
598 1205 769 1236 Fratribus
795 1208 825 1236 et
851 1203 1028 1237 Couventu
1066 1214 1186 1245 capere
1225 1206 1430 1243 intendebat,
1457 1215 1517 1245 pro
1542 1215 1655 1237 annuo
1680 1206 1757 1237 ficto
1782 1206 1983 1237 florenorum
2010 1207 2138 1245 decem,

322 1268 363 1298 ad
390 1270 585 1308 computum
624 1268 796 1299 soldorum
836 1267 955 1308 XXXlJ
983 1267 1205 1308 imperialium
1244 1277 1304 1308 pro
1340 1268 1475 1308 singulo
1512 1268 1650 1305 floreno,
1677 1277 1738 1308 pro
1763 1277 1828 1308 qua
1855 1269 1990 1308 quidem
2017 1269 2138 1300 domus

321 1330 469 1370 predicte
495 1331 732 1370 emphiteotica
770 1330 943 1361 locacione
981 1330 1154 1362 licenciam
1181 1339 1199 1361 a
1226 1330 1324 1361 nobis
1351 1331 1587 1370 requirebant:
1626 1329 1787 1362 Volentes
1819 1339 1922 1370 super
1947 1339 1985 1362 ea
2012 1340 2044 1362 re
2070 1340 2139 1362 ma-

320 1392 427 1423 turius
452 1395 483 1423 et
509 1392 706 1424 consulcius
731 1401 840 1433 agere,
867 1393 1067 1432 scripsimus
1095 1392 1278 1424 venerabili
1305 1392 1515 1424 decretorum
1541 1393 1670 1424 doctori
1697 1393 1834 1424 domino
1860 1390 2072 1424 Christoforo
2097 1394 2138 1425 de

320 1454 489 1486 Pratliella
515 1455 639 1486 vicario
665 1457 695 1486 et
723 1455 960 1486 locumtenenti
998 1455 1271 1486 reverendissimi
1309 1455 1435 1486 domini
1474 1455 1598 1486 domini
1637 1453 1829 1487 Cardinalis
1866 1454 2056 1495 Papiensis‚
2094 1458 2139 1494 ut,

320 1520 454 1557 sumpta
481 1517 521 1548 de
547 1518 722 1557 premissis
747 1517 897 1557 diligenti
925 1517 1175 1555 informacione,
1213 1526 1274 1549 nos
1312 1517 1429 1549 litteris
1462 1518 1533 1549 suis
1559 1518 1726 1549 cerciores
1753 1518 1916 1554 redderet,
1942 1526 1983 1548 an
2011 1517 2139 1549 locacio

321 1580 512 1611 huiusmodi
540 1580 571 1610 in
598 1580 788 1611 evidentem
815 1579 902 1611 dicte
929 1579 1072 1611 ecclesie
1098 1579 1233 1611 cederet
1271 1579 1456 1616 utilitatem,
1484 1580 1535 1611 vel
1563 1588 1625 1617 ne;
1651 1580 1707 1620 qui
1734 1580 1775 1611 de
1801 1580 1949 1611 evidenti
1977 1580 2050 1620 ipsa
2077 1580 2140 1611 uti—

320 1643 409 1673 litate
437 1642 622 1682 respondit.
641 1642 928 1681 quemadmodum
949 1641 1066 1673 litteris
1085 1642 1156 1673 suis
1175 1642 1300 1673 tenoris
1320 1642 1523 1681 infrascripti
1542 1642 1647 1673 videri
1674 1645 1807 1682 potest:
1834 1651 1974 1682 quarum
2001 1642 2137 1682 quidem

320 1705 501 1736 litterarum
528 1706 622 1736 tenor
649 1705 692 1736 ita
718 1705 881 1744 sequitur,
915 1704 1095 1736 videlicet:

408 1766 636 1798 lllustrissime
661 1769 691 1798 et
718 1766 1011 1798 Excellentissime
1039 1766 1212 1807 Princeps,
1238 1768 1269 1798 et
1296 1766 1439 1798 Domine
1466 1767 1715 1798 colendissime.

408 1828 439 1859 ln
467 1831 498 1860 et
524 1838 584 1869 pro
609 1829 817 1860 execucione
844 1829 1024 1860 litterarum
1053 1828 1302 1860 Dominationis
1329 1828 1446 1860 Vestre
1485 1830 1582 1860 miclii
1622 1832 1888 1869 presentatarum
1916 1838 1975 1870 per
2000 1838 2139 1861 venera-

319 1891 404 1922 biles
430 1891 586 1922 dominos
613 1890 760 1922 Priorem
787 1894 816 1922 et
843 1891 974 1923 Fratres
1012 1889 1211 1923 Conventus
1249 1892 1354 1923 sancti
1398 1890 1576 1932 Augustini
1604 1894 1635 1923 et
1661 1891 1816 1923 Iacobum
1844 1892 1884 1922 de
1910 1890 2138 1927 Ronzonibus,

318 1962 422 1994 super
447 1954 645 1985 investitura
672 1956 835 1994 perpetua
861 1954 982 1991 fienda,
1010 1963 1067 1994 per
1092 1954 1216 1985 dictum
1244 1956 1448 1986 conventum
1476 1954 1507 1985 in
1534 1954 1645 1994 ipsum
1684 1953 1852 1991 iacobum,
1878 1954 1920 1985 de
1945 1954 2046 1985 domo
2072 1962 2137 1985 una

318 2025 393 2047 cum
420 2016 494 2047 eius
521 2016 696 2053 hedificiis,
724 2016 833 2055 posita
861 2016 891 2046 in
919 2015 1024 2056 Papia
1051 2016 1081 2046 in
1109 2018 1258 2047 contrata
1285 2015 1561 2054 Rualeclie,iuris
1580 2016 1657 2047 dicti
1678 2016 1869 2047 monasterii
1889 2018 1920 2047 et
1938 2017 2137 2053 conventus,

318 2079 566 2109 continencium
595 2078 625 2108 in
652 2078 771 2109 effectu
799 2081 832 2109 ut
859 2078 1119 2110 informaciones
1146 2087 1320 2110 assumere
1346 2079 1504 2110 deberem
1531 2087 1572 2110 an
1598 2079 1818 2110 concedendo
1844 2078 1934 2118 quod
1955 2079 2086 2118 petitur,
2105 2078 2137 2109 id

320 2149 495 2172 cessurum
534 2141 576 2171 sit
614 2141 644 2171 in
682 2141 873 2172 evidentem
913 2141 1086 2172 utilitatem
1125 2141 1233 2181 ipsius
1271 2141 1425 2179 ecclesie,
1464 2141 1515 2172 vel
1554 2149 1615 2172 ne:
1654 2141 1872 2172 rescribendo
1907 2139 2134 2172 Dominationi

322 2202 438 2234 Vestre
465 2211 628 2243 apparere
655 2212 775 2240 meum,
814 2203 907 2243 ipsas
934 2203 1193 2234 informaciones
1211 2203 1341 2243 sumpsi
1368 2205 1399 2234 et
1426 2203 1493 2234 vidi
1520 2212 1558 2234 ac
1585 2203 1720 2243 palpavi
1749 2205 1815 2234 tres
1841 2204 2001 2234 tractatus
2027 2202 2134 2234 factos

321 2273 380 2304 per
406 2262 600 2304 Capitulum
630 2265 710 2296 dicti
737 2267 927 2296 conventus
953 2274 1055 2305 super
1080 2265 1168 2296 dicta
1195 2265 1392 2296 investitura
1418 2264 1539 2301 fienda,
1565 2274 1582 2296 a
1609 2265 1734 2305 quibus
1760 2266 1875 2305 aparet
1892 2265 1983 2304 quod
2003 2265 2030 2295 si
2049 2264 2138 2296 dicta

321 2327 520 2358 investitura
560 2327 616 2358 fiat
643 2327 674 2358 in
712 2327 837 2358 dictum
880 2327 1036 2358 Iacobum
1079 2328 1109 2358 in
1151 2331 1350 2368 perpetuum
1391 2328 1432 2359 de
1473 2327 1563 2359 dicta
1600 2327 1702 2358 domo
1740 2336 1797 2367 per
1835 2327 1944 2359 dictos
1981 2327 2138 2358 dominos

325 2388 485 2424 Priorem,
512 2388 644 2420 Fratres
670 2392 700 2420 et
727 2387 920 2429 Capitulum
947 2390 1025 2420 dicti
1052 2392 1240 2421 conventus
1260 2399 1319 2430 pro
1337 2398 1448 2420 annua
1466 2389 1531 2420 ficti
1552 2390 1763 2429 prestacione
1788 2389 1990 2420 florenorum
2009 2389 2136 2426 decem,

324 2451 447 2481 valoris
473 2454 503 2482 et
529 2452 570 2482 ad
604 2454 800 2491 computum
839 2452 1010 2483 soldorum
1038 2451 1156 2492 XXXlJ
1185 2452 1405 2492 imperialium
1445 2461 1504 2491 pro
1540 2452 1678 2488 floreno,
1705 2460 1843 2483 cessura
1869 2453 1919 2482 est
1946 2451 1977 2482 in
2003 2451 2139 2482 eviden-

323 2513 489 2543 tissimam
536 2513 708 2544 utilitatem
747 2517 778 2544 et
815 2514 1028 2545 commodum
1066 2514 1145 2545 dicti
1184 2516 1382 2551 conventus,
1419 2516 1546 2545 attento
1584 2514 1728 2545 maxime
1765 2513 1855 2553 quod
1891 2513 1980 2544 dicta
2017 2513 2138 2544 domus

327 2575 440 2606 iminet
468 2584 606 2615 ruynam
633 2579 662 2606 et
689 2577 898 2616 temporibus
925 2577 1091 2616 preteritis
1118 2586 1288 2617 nunquam
1309 2579 1504 2617 perceptum
1531 2576 1590 2608 fuit
1617 2577 1657 2607 de
1683 2576 1760 2607 ficto
1787 2576 1827 2607 ad
1855 2575 2070 2612 novennium,
2096 2575 2138 2606 ad

324 2636 400 2676 plus
427 2646 503 2673 non,
529 2637 676 2668 florenos
702 2638 818 2668 decem
845 2642 875 2669 et
902 2639 1014 2669 fictum
1042 2639 1152 2678 ipsum
1179 2639 1444 2670 consumabatur
1469 2648 1528 2679 pro
1555 2639 1669 2670 maiori
1697 2640 1790 2678 parte
1816 2638 1905 2669 omni
1933 2647 2021 2669 anno
2040 2638 2070 2668 in
2090 2646 2140 2669 re-

325 2699 476 2739 parando
502 2699 623 2730 dictam
650 2700 798 2736 domum,
825 2703 855 2731 et
883 2710 969 2731 nunc
998 2701 1120 2732 nabent
1159 2701 1253 2741 ipsos
1293 2701 1440 2732 florenos
1466 2701 1583 2732 decem
1610 2703 1705 2732 netos
1731 2703 1761 2731 et
1788 2700 1898 2731 dictus
1925 2699 2067 2731 lacobus
2092 2702 2139 2731 te-

325 2764 430 2797 netur,
456 2770 497 2792 ex
525 2764 624 2801 pacto
651 2762 775 2792 inserto
803 2762 832 2792 in
860 2762 960 2793 dictis
997 2763 1205 2800 tractatibus,
1242 2763 1314 2794 suis
1351 2763 1514 2802 expensis
1551 2762 1744 2802 expendere
1779 2762 1809 2792 in
1837 2762 2034 2793 ratificando
2058 2758 2140 2800 (sic)

326 2824 433 2863 ipsam
460 2823 595 2854 domum
622 2823 767 2854 florenos
794 2824 1039 2864 quinquaginta
1077 2824 1201 2855 valoris
1239 2825 1471 2864 suprascripti.
1511 2824 1579 2856 llec
1618 2825 1717 2865 igitur
1750 2825 1884 2855 notifico
1910 2823 2137 2855 Dominationi

326 2885 442 2916 Vestre
470 2888 503 2916 ut
530 2885 560 2916 in
588 2886 762 2925 premissis
800 2888 1024 2925 opportunam
1063 2887 1291 2926 provisionem
1329 2886 1438 2918 facere
1476 2887 1595 2926 possit,
1633 2890 1730 2927 prout
1769 2885 1996 2918 Dominationi
2023 2886 2140 2918 Vestre

327 2947 499 2988 placuerit,
525 2948 577 2979 cui
606 2957 656 2979 me
684 2948 852 2979 humiliter
878 2949 1132 2979 recommissum
1160 2948 1255 2979 facio.
1283 2948 1331 2979 Ex
1359 2949 1491 2988 palacio
1518 2948 1713 2988 Episcopali
1741 2948 1854 2989 papie,
1882 2949 1935 2980 die
1962 2948 2031 2980 Xlll
2059 2948 2140 2985 Iulii,

327 3007 586 3042 MCCCCLXX.
625 3009 783 3041 Eiusdem
822 3008 1070 3041 Dominationis
1108 3009 1224 3041 Vestre
1262 3010 1480 3041 fidelissimus
1507 3011 1649 3041 servitor
1673 3008 1905 3042 Cliristoforus
1930 3011 2139 3043 decretorum

327 3073 456 3110 doctor,
483 3072 755 3104 reverendissimi
782 3072 908 3103 domini
935 3072 1060 3103 domini
1087 3070 1279 3104 Cardinalis
1305 3071 1484 3112 Papiensis
1511 3072 1740 3105 locumtenens
1766 3073 1942 3113 generalis.
