2347 3444
315 202 356 233 58

314 333 486 364 dominum
513 331 660 364 Priorem
686 334 717 363 et
742 341 816 364 cum
843 341 883 363 eo
907 332 1100 367 tractarunt,
1127 329 1346 370 providerunt
1364 331 1394 360 et
1413 328 1694 364 deliberaverunt,
1719 332 1750 358 et
1768 329 1918 365 tractant,
1945 327 2124 367 provident
2145 346 2148 348 -

315 399 345 427 et
371 395 557 427 deliberant
582 404 620 426 ea
647 395 768 432 omnia,
794 403 858 435 que
893 402 951 434 per
976 394 1085 433 ipsum
1123 393 1294 423 dominum
1336 390 1560 431 Augustinum
1598 390 1755 429 superius
1793 389 2006 429 requiruntur
2030 392 2061 421 et
2095 389 2126 420 in

315 458 414 489 dictis
440 457 559 498 pactis,
585 456 875 488 convencionibus
901 459 932 487 et
959 454 1243 495 requisicionibus
1281 453 1504 489 continentur,
1530 451 1598 482 tieri
1626 460 1728 492 posse
1755 460 1793 482 ac
1818 451 1952 489 debere,
1978 454 2008 483 et
2034 451 2127 491 quod

315 520 395 551 fiant
420 522 450 551 et
475 519 544 551 fieri
570 519 715 550 debeant
741 527 779 550 ac
806 518 941 558 penitus
979 520 1011 547 ut
1050 517 1158 547 iacent
1195 514 1397 554 exequcioni
1437 514 1609 545 mittantur
1633 516 1664 545 et
1697 513 1930 551 observentur,
1967 513 2130 545 observa-

317 583 410 622 rique
435 582 580 613 debeant
617 590 676 621 per
712 588 924 620 expressum.
953 578 990 609 Et
1016 578 1107 618 quod
1135 577 1161 608 si
1189 577 1278 614 fient,
1304 585 1343 608 ea
1370 576 1490 608 cedent
1515 576 1556 607 ad
1583 578 1615 607 et
1641 576 1672 606 in
1699 576 1879 607 maximam
1913 576 2130 607 evidentissi-

319 652 473 684 mamque
501 643 684 674 utillitatem
711 644 742 673 et
770 643 928 672 honorem
956 642 985 671 et
1012 640 1042 670 in
1071 647 1225 679 magnam
1252 639 1508 679 prosperitatem
1547 638 1712 670 dictorum
1749 637 1902 675 ecclesie,
1936 636 2074 669 Ordinis
2100 640 2132 670 et

318 708 517 741 conventus,
544 714 618 736 cum
645 705 742 736 etiam
770 712 807 734 ea
833 703 954 739 omnia,
970 702 996 733 si
1024 702 1113 738 fient,
1128 700 1203 732 aliis
1230 700 1419 740 prebebunt
1438 698 1562 732 Christi
1582 700 1740 731 fidelibus
1759 702 1789 731 et
1807 700 1941 731 devotis
1960 701 2130 731 materiam

319 767 453 799 simillia
490 766 631 798 faciendi
670 768 700 797 et
728 764 932 805 permaxime
970 763 1093 794 dictam
1131 761 1308 793 ecclesiam
1346 761 1520 793 dillatandi
1547 764 1578 793 et
1603 761 1867 801 augumentandi
1905 761 2019 792 dietim
2059 770 2133 802 pre-

319 830 431 861 sertim
458 829 743 861 consciderantcs.
771 826 817 858 Ac
844 827 942 857 etiam
969 827 1096 856 attento
1121 824 1212 864 quod
1239 824 1327 855 dicta
1353 823 1497 855 ecclesia
1524 824 1554 854 in
1581 824 1670 855 dicto
1696 823 1833 864 angullo
1859 823 2052 855 multimode
2079 826 2128 855 est

319 892 498 923 tenebrosa
524 895 554 922 et
582 891 760 921 maximam
788 889 914 929 indiget
941 887 1197 928 reparationem,
1224 889 1253 918 et
1280 886 1371 927 quod
1399 886 1492 917 locus
1518 894 1621 926 super
1646 895 1713 926 quo
1740 886 1814 926 ipsa
1839 887 2052 917 construetur
2078 894 2132 917 ca-

321 954 406 994 pella
433 954 555 984 nullam
584 952 699 992 prebet
726 951 911 982 utillitatem
938 950 1028 981 dicto
1054 949 1245 981 conventui.
1273 948 1312 980 Et
1339 949 1381 980 ita
1407 949 1475 980 fieri
1503 950 1534 980 et
1559 948 1705 979 fiendum
1732 950 1874 979 tractant
1900 950 1931 979 et
1949 948 2135 980 deliberant

321 1016 520 1047 unanimiter
546 1017 575 1045 et
603 1015 633 1044 in
660 1013 840 1045 concordia
868 1013 898 1043 in
925 1015 956 1043 et
983 1021 1042 1052 pro
1081 1012 1142 1043 lioc
1181 1011 1327 1051 presenti
1366 1012 1396 1042 et
1435 1011 1542 1050 primo
1579 1012 1720 1041 tractatu
1747 1012 1778 1041 et
1804 1009 2054 1041 deliberacione
2071 1007 2133 1049 (1).

321 1078 395 1118 lpse
422 1077 507 1108 enim
535 1076 692 1107 dominus
719 1074 954 1106 Provinciallis
992 1074 1086 1111 visis,
1124 1073 1248 1104 auditis
1287 1073 1457 1113 predictis,
1484 1072 1633 1104 declarat
1670 1081 1708 1103 ea
1712 1097 1842 1103 ............
1868 1071 1978 1103 fienda
2003 1080 2078 1103 esse
2105 1073 2137 1103 et

320 1141 389 1171 fieri
416 1140 538 1170 debere
543 1163 670 1169 ............
699 1137 936 1169 redundabunt
962 1136 1148 1168 utillitatem
1175 1135 1253 1166 dicti
1281 1134 1420 1166 Ordinis
1446 1136 1476 1165 et
1502 1136 1690 1166 conventus
1727 1143 1765 1165 ac
1803 1133 1956 1165 ecclesie.
1991 1133 2029 1165 Et
2056 1134 2132 1165 inde

321 1203 361 1233 de
388 1201 546 1241 predictis
583 1201 661 1231 dicti
699 1200 825 1231 domini
853 1198 1098 1235 Provinciallis,
1137 1197 1231 1229 Prior
1256 1199 1286 1229 et
1312 1197 1429 1229 tratres
1456 1200 1487 1229 et
1512 1195 1721 1234 Conventus,
1759 1205 1797 1228 ac
1836 1196 1994 1228 dominus
2020 1195 2136 1237 Augu-

322 1264 431 1294 stinus
436 1288 564 1294 ............
592 1262 782 1303 Augustino
809 1261 849 1292 de
875 1260 1037 1292 Baracliis
1063 1260 1193 1291 notario
1230 1259 1368 1300 publico
1405 1259 1558 1300 papiensi
1564 1284 1625 1290 ......
1653 1262 1683 1290 et
1710 1261 1838 1299 rogant.
1873 1257 2051 1290 lnterfuere
2077 1258 2138 1289 do-

323 1326 432 1356 minus
459 1323 660 1356 Guillelmus
686 1324 727 1355 de
754 1322 783 1355 G
789 1349 883 1354 .........
911 1322 1078 1354 Francisci
1107 1323 1188 1353 iuris
1214 1322 1366 1353 canonici
1393 1321 1558 1359 scollaris,
1584 1321 1741 1352 dominus
1767 1319 1937 1353 Stett'anus
1963 1321 2004 1352 de
2009 1345 2137 1352 ............

321 1387 410 1418 tilius
437 1387 608 1427 quondam
636 1386 762 1417 domini
789 1384 973 1418 Chistotori
1009 1385 1120 1425 legum
1156 1385 1320 1421 scollaris,
1346 1384 1504 1415 dominus
1540 1384 1699 1415 Matheus
1725 1384 1767 1415 de
1771 1408 1888 1415 ...........
1915 1383 1956 1415 de
1982 1382 2136 1414 Bononia

322 1450 411 1480 tilius
437 1449 608 1489 quondam
635 1449 760 1479 domini
789 1448 947 1479 loliannis
973 1447 1118 1479 clericus
1145 1447 1330 1487 papiensis
1365 1446 1442 1478 inde
1469 1448 1583 1478 testes.

1109 1622 1361 1663 CXCVII.

415 1733 466 1760 La
492 1732 676 1761 Comunita
703 1732 737 1760 di
764 1732 798 1760 S.
826 1731 996 1760 Mostiola
1022 1740 1174 1767 assegna
1200 1731 1233 1759 la
1259 1731 1428 1767 Cappella
1453 1731 1488 1759 di
1515 1731 1549 1759 S.
1577 1730 1730 1758 Antonio
1756 1739 1774 1758 e
1804 1730 1839 1759 S.
1870 1729 2069 1758 Elisabetta
2100 1730 2144 1758 ad

327 1786 502 1822 Agostino
529 1785 760 1814 Schiaffinati.

999 1888 1154 1920 1437,
1184 1895 1404 1920 111311‘20,
1424 1888 1477 1913 6.

882 1978 958 1998 iArcli.
975 1977 1055 1998 Notat.
1073 1977 1094 1997 di
1111 1977 1181 1998 Pavia
1197 1988 1221 1991 —
1238 1977 1285 1998 Atti
1303 1977 1323 1997 di
1339 1977 1453 2003 Agostino
1469 1976 1596 2000 Baracchi).

412 2162 506 2278 E
576 2181 690 2208 lSDEM
716 2185 804 2207 anno
830 2178 861 2207 et
888 2176 1068 2212 indicione,
1094 2176 1158 2213 die,
1202 2176 1281 2206 hora
1308 2175 1381 2206 loco
1407 2177 1438 2206 et
1464 2175 1609 2206 testibus
1647 2174 1888 2215 suprascriptis
1913 2171 1973 2212 (2).
2012 2171 2149 2205 Convo-

598 2240 683 2275 cato,
709 2238 851 2269 collecto
877 2239 909 2269 et
934 2239 1139 2278 congregato
1165 2235 1343 2269 Conventu
1371 2237 1514 2269 ecclesie
1541 2239 1656 2268 sancte
1682 2236 1854 2268 Mustiolle
1874 2235 1988 2276 Papie‚
2011 2235 2149 2268 Ordinis

500 2336 525 2337 ἶ
553 2336 563 2337 7
600 2300 842 2332 Heremitarum
870 2300 976 2331 sancti
1004 2299 1196 2340 Augustini,
1223 2302 1284 2331 etc.
1312 2302 1343 2331 et
1369 2300 1412 2331 ibi
1440 2300 1471 2330 in
1499 2300 1675 2340 presencia
1694 2308 1767 2330 cum
1786 2299 1984 2330 auctoritate
2015 2299 2148 2330 insimul

333 2367 362 2394 et
389 2363 521 2394 licentia
549 2363 687 2403 prefacti
715 2363 840 2393 domini
868 2361 1116 2400 Provinciallis,
1143 2371 1203 2403 pro
1230 2362 1385 2393 tribunali
1414 2362 1563 2393 sedentis
1589 2370 1692 2402 super
1716 2361 1863 2401 quodam
1906 2361 2048 2399 bancho,
2086 2361 2150 2392 sito

333 2425 364 2455 in
392 2426 480 2456 dicta
507 2425 661 2456 sacristia
687 2425 776 2456 dicte
803 2425 946 2456 ecclesie
972 2427 1001 2455 et
1028 2424 1119 2464 quod
1147 2424 1314 2455 banclium
1343 2424 1429 2455 idem
1457 2424 1614 2455 dominus
1641 2422 1876 2454 Provinciallis
1914 2423 2024 2463 ellegit
2049 2425 2079 2454 et
2105 2423 2151 2454 el-

336 2487 405 2527 ligit
437 2496 497 2526 pro
523 2487 594 2517 suis
622 2487 695 2517 loco
721 2488 751 2517 et
778 2486 945 2517 tribunalli
981 2486 1141 2524 iuridicis,
1168 2495 1243 2517 cum
1271 2495 1372 2517 cause
1411 2486 1601 2526 cognitione
1628 2486 1668 2516 ad
1696 2486 1845 2526 predicta
1872 2488 1902 2516 et
1929 2485 2151 2526 infrascripta,

335 2549 408 2579 eius
434 2552 463 2579 ct
489 2549 567 2579 dicti
595 2548 733 2579 Ordinis
759 2549 988 2580 auctoritatem
1015 2551 1044 2579 et
1071 2548 1246 2580 licenciam
1273 2549 1395 2585 dantis,
1423 2548 1593 2588 largientis
1619 2550 1649 2579 et
1676 2548 1857 2588 prastantis
1883 2548 1980 2579 dictis
2006 2547 2152 2579 dominis

336 2609 440 2640 Priori
469 2613 498 2641 et
526 2610 697 2641 Fratribus
723 2620 760 2641 ac
788 2608 999 2642 Conventui:
1027 2609 1112 2642 Cum
1140 2610 1338 2650 spectabilis
1357 2614 1387 2642 et
1406 2610 1561 2651 egregius
1587 2610 1744 2641 dominus
1770 2609 1982 2650 Augustinus
2000 2610 2041 2641 de
2060 2608 2154 2641 Scla-

337 2672 458 2703 fenatis
486 2673 573 2703 tilius
600 2673 769 2712 quondam
798 2673 923 2703 domini
961 2672 1087 2710 Uberti‚
1127 2673 1339 2713 requisiverit
1365 2675 1395 2704 et
1422 2672 1567 2712 requirat
1593 2672 1655 2703 sibi
1683 2672 1752 2703 dari
1780 2675 1809 2703 et
1836 2673 2002 2712 assignari
2042 2673 2151 2703 locum

337 2743 437 2765 unum
465 2735 496 2765 in
522 2735 609 2765 dicta
636 2735 790 2770 ecclesia,
818 2735 849 2765 in
876 2744 943 2775 quo
969 2735 1036 2766 fieri
1065 2736 1184 2775 possit,
1211 2736 1356 2766 construi
1384 2736 1415 2766 et
1442 2734 1625 2766 heditficari
1654 2743 1717 2765 una
1744 2734 1886 2774 capella,
1913 2744 1977 2775 que
2000 2734 2097 2766 fuerit
2122 2736 2153 2766 et

338 2797 379 2828 sit
407 2796 535 2837 capella
563 2799 724 2836 perpetuo
751 2799 781 2828 et
808 2798 839 2827 in
866 2797 1011 2828 futurum
1039 2798 1115 2828 dicti
1143 2797 1268 2828 domini
1296 2796 1474 2837 Augustini
1495 2799 1524 2828 et
1543 2796 1697 2827 filliorum
1716 2799 1747 2828 et
1772 2797 2049 2828 descendentium
2075 2805 2155 2828 suo-

396 2954 425 2976 (1)
444 2952 619 2974 Generalmente
642 2953 661 2973 le
684 2953 806 2974 Comunitii
831 2953 943 2978 Religiose
967 2954 987 2974 di
1011 2954 1064 2974 tutti
1088 2954 1116 2979 gli
1140 2954 1218 2975 Ordini
1274 2954 1411 2974 l'aduuanza
1428 2953 1449 2974 tu
1466 2953 1479 2973 il
1496 2955 1576 2974 nostro
1592 2953 1741 2974 documento:
1756 2954 1776 2973 la
1792 2954 1892 2974 soconda
1908 2954 1971 2974 volta
1987 2954 2000 2974 il
2015 2954 2035 2979 5,
2051 2954 2071 2974 la
2088 2956 2150 2974 terza

343 2998 416 3023 prima
432 2997 453 3017 di
470 2997 598 3018 deliberare
614 3003 640 3017 su
657 3002 710 3017 cose
727 2997 748 3017 di
765 2998 872 3018 note-vole
888 2998 1032 3022 iniportanza
1058 2999 1168 3019 solcvann
1191 2998 1223 3018 di-
1278 2998 1291 3018 il
1307 2998 1327 3021 ὓς
1343 2998 1347 3018 1
1365 2998 1399 3018 cui
1416 2997 1501 3018 verbuli
1518 2997 1600 3018 turono
1617 2997 1707 3018 identici
1723 2998 1743 3018 al
1765 2998 1845 3023 priinn⁴

344 3043 451 3062 scuterne
467 3042 487 3061 in
504 3043 538 3062 tre
554 3041 644 3061 diverse
659 3041 787 3061 adunanze.
806 3041 843 3061 l’cl
859 3043 940 3062 nostro
956 3048 1010 3062 caso
1026 3042 1045 3062 1.’1
1062 3042 1184 3063 Coniunita
1201 3042 1221 3062 di
1331 3043 1361 3066 (2)
1376 3042 1494 3063 S'intentle
1510 3042 1586 3062 l'anno
1605 3043 1653 3062 14:³7
1661 3042 1732 3062 nitidi
1742 3042 1823 3063 Marzo
1833 3043 1867 3063 nel
1877 3043 1951 3069 Capit.
1965 3043 1985 3063 di
1997 3042 2019 3064 S.
2032 3043 2151 3067 Mostiola:

345 3085 367 3107 S.
385 3086 496 3106 Mostiola
513 3086 530 3105 si
547 3085 624 3106 aduno
640 3086 659 3105 la
677 3086 749 3111 prima
765 3086 827 3106 volta
845 3086 857 3105 il
874 3086 885 3105 -2
901 3086 922 3106 di
939 3091 1024 3108 marzo,
1042 3092 1053 3106 e
1070 3087 1161 3107 verbale
1183 3086 1229 3107 dcl-
1284 3086 1344 3107 dove
1362 3086 1380 3106 si
1397 3086 1502 3106 discusse
1519 3091 1559 3111 per
1571 3086 1591 3106 la
1603 3088 1666 3107 terza
1682 3086 1744 3107 volta
1756 3087 1776 3106 la
1788 3088 1900 3112 proposta
1917 3087 1976 3108 dello
1988 3086 2138 3107 Schiallinati.
