2347 3444
266 242 331 274 294

267 374 405 405 domino
432 374 463 404 lo
490 374 622 405 Vieario
649 373 851 414 Episcopale
877 377 907 404 et
933 373 986 413 aly
1024 372 1176 403 fabriceri
1204 371 1235 401 di
1263 373 1382 410 questa
1407 370 1496 407 citta,
1534 370 1655 400 havere
1692 377 1856 400 concesso
1885 377 1963 400 esso
2001 368 2082 399 frate

266 436 420 467 Mariano
446 436 488 467 ad
516 436 544 467 la
571 435 697 467 fabrica
724 436 764 466 de
792 435 998 471 Mediolano,
1026 434 1076 464 del
1104 434 1164 464 elie
1192 435 1259 463 tuta
1287 435 1405 472 questa
1431 432 1508 462 citta
1535 440 1570 462 se
1597 432 1720 462 ritrova
1755 431 1989 467 malcontenta,
2015 439 2083 461 ma-

267 499 353 529 xime
381 499 500 538 percli'e
527 508 591 529 non
618 498 763 529 essendo
790 497 877 528 tacto
903 497 985 527 altra
1013 495 1260 536 perquisicione
1279 494 1319 524 de
1340 494 1558 533 predicatore,
1576 493 1784 533 aspectandi)
1803 492 1910 523 solum
1930 501 2008 523 esso
2027 492 2085 522 do-

266 561 355 591 mino
382 560 463 591 frate
491 560 655 595 Mariano,
682 569 717 590 se
744 560 924 590 ritrovanio
952 566 1050 588 senza
1078 557 1286 597 predicatore
1304 556 1435 587 alcuno.
1464 555 1483 586 ll
1510 556 1570 586 elie
1590 555 1673 586 ultra
1691 555 1752 586 clie
1769 555 1888 586 cadera
1909 555 1938 585 in
1958 554 2084 595 grande

265 623 463 653 detrimento
489 623 529 653 de
557 623 584 653 le
609 622 729 657 anime,
756 621 872 651 cederit
899 620 1004 650 anclie
1033 620 1062 649 in
1091 618 1276 658 vilipendit)
1304 618 1343 649 de
1370 621 1452 649 tutta
1479 618 1508 648 la
1534 617 1611 648 01113
1638 620 1667 648 et
1695 617 1842 657 dampno
1881 626 1945 647 non
1973 616 2084 656 picolo

265 685 306 716 ad
334 688 452 725 questa
490 684 626 718 fabrica.
653 685 712 714 clie
752 692 815 713 non
854 682 1009 713 credeino
1036 681 1073 711 V.
1100 680 1132 712 S.
1160 681 1190 711 lo
1218 681 1316 711 dcbia
1355 681 1470 720 patire.
1498 679 1559 711 Per
1586 680 1615 710 la
1642 680 1719 719 qual
1746 688 1845 710 cossa
1871 679 2084 710 considerato

265 748 324 778 clie
361 756 437 778 essa
474 747 550 777 cittii
578 747 618 776 de
646 745 842 776 Mediolano
879 753 914 774 ce
953 744 993 774 113
1031 743 1258 783 grandissima
1285 743 1383 782 copia
1410 742 1450 773 de
1477 742 1690 782 predicatori,
1717 744 1747 772 et
1773 742 1833 772 clie
1859 744 1978 782 questa
2006 741 2082 772 resti

267 810 406 846 ν3011113,
433 809 644 848 supplicamo
672 807 782 847 quella
808 807 868 837 clie
895 815 929 836 se
956 806 1054 845 degni
1083 805 1122 836 de
1149 805 1254 845 gratia
1281 805 1412 845 spetiali
1441 805 1622 835 mandarne
1641 812 1719 835 esso
1738 803 1820 835 frate
1840 803 2004 841 Μ3113110,
2031 803 2084 834 dal

266 872 363 911 quale
390 880 544 911 spe-raino
571 870 770 909 consequire
794 869 922 908 optimo
949 867 1066 904 fructo,
1092 868 1182 898 cossi
1209 876 1227 898 a
1248 867 1275 897 le
1301 867 1421 903 anime,
1441 868 1567 906 quanto
1583 875 1639 906 per
1659 868 1777 906 questa
1796 865 1922 896 fabrica
1940 868 2085 896 etcomo

266 943 421 974 speramo
449 935 477 964 in
506 934 534 963 la
562 932 723 972 prelibata
751 931 787 962 V.
815 930 846 962 S.
873 940 890 961 a
907 931 935 961 la
952 930 1050 970 quale
1077 938 1208 970 sempre
1227 938 1262 960 se
1281 929 1551 960 recomandamo.
1571 927 1684 969 Papie,
1704 927 1784 959 Vllll
1804 928 1972 965 februarii,
1994 927 2086 959 1490.

1057 1095 1290 1135 DXLIII.

356 1209 489 1244 Legato
515 1207 784 1235 testamentario
810 1207 845 1234 di
871 1206 1010 1242 Filippo
1037 1205 1200 1234 Visconti
1227 1205 1298 1233 alla
1324 1204 1491 1241 Cappella
1519 1204 1554 1232 di
1580 1204 1615 1232 S.
1636 1203 1777 1232 Monica
1796 1204 1830 1231 in
1849 1204 1884 1232 S.
1904 1203 2088 1239 Agostino.

864 1328 1002 1352 1490
1015 1344 1028 1358 ,
1058 1327 1324 1353 ΐοὶ)1)ι·ε;ιίυ
1336 1342 1349 1358 ‚
1383 1327 1473 1351 24.

836 1418 913 1440 (Arcu.
933 1417 1013 1437 Notur.
1031 1417 1052 1436 di
1071 1416 1149 1437 Pavia.
1167 1428 1190 1429 j
1208 1416 1256 1436 Atti
1273 1416 1294 1436 di
1312 1416 1440 1436 Francesco
1456 1415 1511 1436 Sisti
1529 1432 1532 1435 .

332 1586 454 1703 N
515 1605 556 1631 fil„
584 1599 729 1632 Ccistello
755 1599 789 1630 (11
815 1598 990 1639 Groppello
1016 1598 1051 1629 <ii
1075 1597 1265 1629 Lomellina.
1296 1597 1504 1628 Testamenta
1529 1595 1583 1627 del
1611 1595 1809 1635 magnificus
1846 1595 2004 1626 dominus
2042 1594 2092 1625 Fi-

536 1662 625 1702 lipus
652 1661 848 1693 vicecomes
873 1658 934 1700 (1),
960 1660 1049 1691 1111113
1076 1660 1247 1700 quondam
1275 1659 1442 1700 magnifici
1470 1659 1596 1690 domini
1624 1658 1782 1689 Iohannis
1812 1657 2003 1699 Augustini,
2041 1657 2092 1688 col

534 1725 632 1765 quale
657 1725 749 1762 vult,
788 1724 878 1755 iubet
904 1726 935 1755 et
961 1723 1093 1754 ordinat
1119 1723 1211 1763 quod
1238 1731 1295 1762 per
1333 1721 1566 1761 infrascriptos
1602 1721 1675 1752 eius
1713 1720 1853 1751 heredes
1880 1719 2088 1751 universales

268 1787 386 1818 dentur
411 1790 441 1818 et
467 1787 642 1818 solvantur
668 1787 757 1817 omni
784 1795 884 1823 anno,
912 1789 989 1826 post
1016 1788 1154 1816 moi-tem
1182 1786 1290 1825 ipsius
1328 1785 1454 1815 domini
1482 1784 1663 1821 testatoris,
1690 1783 1772 1814 libre
1801 1783 1946 1814 sedecim
1985 1783 2088 1823 impe-

268 1850 367 1881 riales
392 1850 540 1890 capitulo
566 1852 596 1880 et
622 1850 801 1881 conventui
828 1849 968 1880 ecclesie
1006 1849 1111 1879 sancti
1151 1847 1329 1888 Augustini
1369 1847 1543 1888 papiensis
1568 1849 1599 1878 et
1636 1855 1693 1877 seu
1722 1847 1776 1877 uni
1803 1855 1843 1877 ex
1872 1846 1977 1886 ipsis,
2014 1855 2088 1877 cum

268 1922 367 1943 onere
393 1913 583 1943 celebrandi
612 1913 735 1943 missas
762 1921 822 1952 pro
859 1912 970 1943 anima
1009 1911 1116 1951 ipsius
1143 1910 1269 1941 domini
1308 1910 1478 1941 testatoris
1515 1912 1546 1940 et
1583 1911 1833 1940 antecessorum
1860 1917 2009 1946 suorum,
2046 1908 2088 1939 ad

271 1975 374 2006 altare
400 1978 514 2006 sancte
542 1975 696 2011 Nlonace,
722 1976 949 2005 constructum
978 1974 1008 2004 in
1036 1974 1189 2005 sacristia
1216 1973 1302 2004 dicte
1328 1972 1479 2009 ecclesie,
1504 1974 1535 2003 et
1561 1972 1623 2002 1100
1650 1972 1681 2002 111
1701 1974 1897 2011 perpetuum
1925 1971 2031 2001 donec
2056 1972 2087 2001 et

272 2046 450 2077 usquequo
478 2036 680 2077 infrascripti
707 2037 780 2067 eius
807 2036 947 2067 heredes
974 2036 1184 2067 universales
1210 2035 1362 2066 dederint
1387 2043 1424 2065 30
1457 2034 1732 2075 consignaverint
1769 2033 1832 2073 ipsi
1870 2031 2029 2073 Capitulo
2054 2035 2085 2063 et

271 2098 462 2132 conventui
491 2099 601 2130 lictum
630 2108 730 2130 unum
758 2100 956 2139 perpetuum
984 2098 1141 2129 idoneum
1168 2100 1199 2129 et
1225 2097 1398 2129 sufficiens
1424 2097 1581 2128 librarum
1601 2096 1746 2128 sedecim
1767 2095 2088 2136 imperialium,pre-

272 2162 428 2193 standum
455 2171 495 2192 ex
523 2161 627 2192 fondo
654 2170 712 2192 seu
740 2161 854 2192 fondis
881 2161 1012 2192 idoneis
1038 2163 1068 2192 et
1095 2170 1153 2201 per
1179 2168 1357 2200 personam
1385 2159 1539 2190 idoneam
1567 2168 1625 2190 seu
1653 2167 1816 2199 personas
1842 2158 1992 2189 idoneas.

1065 2318 1301 2357 DXLIV.

364 2428 619 2457 Deliberazione
644 2428 697 2456 del
723 2428 875 2456 Comune
901 2427 933 2456 di
957 2427 1061 2456 Pavia
1085 2436 1145 2464 per
1169 2428 1201 2455 13
1225 2426 1328 2455 solita
1354 2426 1476 2455 offerta
1499 2426 1642 2454 annuale
1665 2433 1685 2453 a
1709 2424 1741 2453 S.
1767 2425 1879 2453 Paolo.

942 2523 1082 2547 1400
1089 2537 1102 2551 ,
1134 2529 1241 2546 11151
1248 2528 1338 2548 rzo
1346 2539 1354 2552 ‚
1384 2521 1436 2546 3·

697 2612 780 2632 Museo
797 2611 845 2632 Civ.
862 2611 883 2631 di
900 2611 972 2632 storia
989 2613 1048 2637 patr.
1066 2611 1087 2631 di
1105 2610 1175 2631 Pavia
1191 2621 1215 2624 —
1233 2610 1318 2636 chist,
1336 2609 1425 2630 Provis.
1442 2615 1493 2630 31111,
1513 2609 1570 2634 1490,
1586 2608 1624 2629 iol,
1643 2608 1682 2629 121,

343 2795 492 2911 M
530 2806 722 2845 CCCCXC,
749 2808 801 2839 die
828 2809 928 2839 tercio
956 2808 1080 2846 marcii,
1107 2808 1137 2838 in
1165 2807 1286 2839 terciis.

302 2911 303 2922 γ
641 2869 840 2903 Convocato
866 2869 1051 2907 Conscilio,
1078 2873 1138 2902 etc.

643 2933 719 2964 ltem
757 2935 880 2964 attenta
918 2933 1142 2973 requisicione
1180 2932 1266 2963 facta
1304 2933 1396 2972 parte
1433 2930 1645 2961 dominorum
1683 2928 1819 2960 fratrum
1858 2929 1963 2960 sancti
2006 2927 2099 2959 Pauli

346 3093 376 3117 11)
392 3086 409 3112 Ε
424 3092 438 3112 11
454 3091 517 3117 liglio
531 3091 591 3112 della
606 3093 715 3112 contessa
730 3090 872 3115 Marglicrita
889 3089 1023 3114 8011011100,
1035 3089 1056 3109 di
1068 3089 1103 3110 cui
1119 3089 1171 3110 vedi
1227 3089 1268 3110 che
1283 3088 1304 3108 la
1319 3089 1428 3109 contessa
1445 3086 1572 3108 Borromeo
1587 3092 1625 3107 era
1641 3088 1730 3107 tutiora
1746 3086 1846 3107 vivente.

295 3137 308 3157 il
324 3136 465 3157 documento
481 3136 517 3157 del
532 3136 557 3156 27
571 3136 644 3162 aprile
662 3136 718 3156 1485.
735 3134 757 3156 Si
780 3135 850 3155 rileva
873 3134 901 3155 da
924 3135 1009 3160 questo
1028 3135 1170 3154 testamento
