2347 3444
304 209 368 242 322

304 345 476 383 parentum
503 352 640 374 suorum
669 344 785 380 iacent,
813 345 922 385 posita
948 348 1024 376 ante
1050 345 1152 376 altare
1171 348 1285 376 sancte
1316 345 1422 376 Marie
1451 348 1678 377 constructum
1700 347 1730 378 in
1750 347 1837 378 dicta
1856 347 2008 385 ecclesia,
2039 356 2122 388 quo-

303 406 541 446 cienscumque
567 409 597 437 et
624 407 908 446 quandocumque
934 408 1104 446 continget
1132 407 1241 447 ipsum
1269 410 1460 438 testatorem
1487 408 1530 438 ab
1557 408 1618 440 hoc
1656 409 1770 440 seculo
1807 409 1968 441 decedere
1993 412 2024 441 et
2049 411 2122 442 eius

303 468 447 499 animam
474 477 491 499 a
517 477 657 508 corpore
684 469 863 509 segregari,
890 469 987 499 etiam
1016 469 1041 499 si
1070 469 1244 500 decederet
1269 472 1362 500 extra
1380 468 1517 509 Papiam
1545 479 1603 510 per
1628 471 1826 502 distanciam
1846 471 2037 511 quindecim
2065 473 2124 503 mi-

305 530 432 560 liarium
461 531 540 565 vult.
569 531 657 561 iubet
683 533 713 561 et
740 531 874 561 mandat
911 539 1034 570 corpus
1072 539 1169 561 suum
1197 531 1332 570 portari,
1359 532 1474 571 reponi
1501 534 1532 562 et
1558 532 1691 572 sepeliri
1730 532 1851 564 debere
1878 533 1908 564 in
1935 533 2034 565 dictis
2070 542 2122 566 ec-

303 593 405 623 elesia
431 596 461 624 et
487 593 669 633 sepultura.

1055 740 1371 780 DLXXVII.

391 849 524 884 Legato
550 848 821 877 testamentario
848 848 882 876 di
909 848 1095 877 Leonardo
1121 850 1284 878 Belbello
1309 859 1329 878 a
1356 850 1477 878 favore
1503 850 1537 878 di
1565 850 1599 879 S.
1628 851 1751 880 Paolo.

941 945 1077 969 1493
1088 960 1102 976 9
1131 945 1351 977 21112110
1363 961 1376 977 ‚
1407 946 1469 970 10
1481 960 1494 971 0

869 1033 937 1055 (Arcli
964 1033 1044 1053 Notur.
1062 1033 1083 1053 di
1102 1033 1180 1054 ΡηνίειΔ
1199 1044 1221 1047 --
1239 1034 1286 1054 Atti
1303 1034 1324 1054 di
1341 1034 1446 1060 Gaspare
1462 1034 1580 1055 'facconiiv

370 1215 493 1332 N
549 1235 639 1261 ELLA
663 1239 743 1262 casa
769 1230 822 1262 del
846 1233 1011 1267 testatore,
1037 1232 1069 1262 ίη
1096 1231 1298 1263 Parrocclzia
1324 1232 1359 1264 cii
1383 1232 1415 1265 S.
1445 1232 1614 1265 Giovanm'
1637 1234 1668 1265 in
1695 1234 1816 1274 Borgo.
1860 1235 2068 1267 Testamento
2093 1235 2128 1267 di

570 1292 740 1324 Leonam'o
766 1292 923 1329 Bellieno,
951 1293 1062 1334 a'elflt
1090 1292 1265 1330 Οἱοναηηὶ,
1304 1295 1358 1326 nel
1392 1295 1490 1335 quale
1527 1296 1583 1327 dat
1608 1298 1639 1327 et
1665 1296 1752 1337 legat
1790 1298 1994 1329 monasterio
2020 1298 2125 1330 sancti

530 1391 534 1392 ⁷
570 1354 663 1386 Pauli
691 1356 755 1387 sito
782 1358 876 1387 extra
902 1358 933 1387 et
959 1365 1063 1396 prope
1092 1355 1243 1397 Papiam,
1270 1356 1409 1389 Ordinis
1435 1358 1657 1389 observancie
1683 1359 1788 1390 sancti
1806 1358 1997 1399 Augustini,
2025 1360 2128 1392 libras

300 1419 683 1459 centumquinquaginta
712 1419 914 1459 imperiales,
951 1427 1064 1450 amore
1102 1418 1219 1460 Dey....
1257 1428 1331 1450 curn
1369 1429 1469 1451 onere
1501 1420 1739 1452 celebrandi....
1765 1422 1855 1452 omni
1882 1431 1971 1453 anno
1998 1423 2029 1454 in
2055 1431 2129 1463 per-

301 1484 437 1521 petuum
464 1480 570 1512 offitia
596 1481 664 1512 duo
690 1490 764 1512 cum
791 1482 895 1513 missa
922 1482 952 1512 in
979 1485 1077 1513 cantu
1106 1490 1166 1522 pro
1192 1482 1303 1513 anima
1330 1482 1439 1522 ipsius
1465 1484 1647 1514 testatoris.

1043 1647 1386 1687 DLXXVIII.

390 1757 417 1784 11
444 1756 607 1792 Capitolo
633 1756 667 1784 di
695 1756 729 1785 S.
758 1756 931 1792 Agostino
957 1757 1001 1784 da
1028 1756 1240 1784 investitura
1267 1756 1302 1784 di
1328 1765 1396 1784 una
1423 1756 1528 1792 vigna
1555 1757 1588 1784 in
1615 1757 1812 1786 Ceranova.

952 1860 1112 1892 1493,
1141 1861 1379 1893 εὶιιεςιιυ,
1410 1863 1483 1886 21.

827 1949 904 1972 (Arch.
924 1949 1003 1969 Notnr.
1021 1949 1042 1969 di
1061 1949 1131 1970 Pavia
1149 1960 1172 1963 —-
1188 1950 1235 1970 Atti
1253 1950 1274 1970 di
1291 1949 1348 1970 Gian
1365 1950 1477 1970 Giacomo
1493 1950 1624 1973 Canevarn

405 2133 450 2248 I
546 2152 568 2178 Ν
594 2145 754 2187 Capitulo
781 2147 973 2178 monasterii
1000 2149 1031 2178 et
1056 2149 1245 2178 conventus
1270 2148 1376 2179 sancti
1404 2146 1595 2188 Augustini,
1623 2147 1677 2178 ubi
1705 2147 1815 2178 solent
1841 2147 1960 2179 fratres
1986 2157 2126 2189 congre-

567 2210 648 2250 gari,
675 2210 740 2241 sito
766 2210 796 2240 in
823 2208 990 2241 Citadella
1017 2208 1165 2250 Papie..„
1180 2209 1392 2241 Venerabilis
1408 2209 1593 2249 religioxus
1608 2209 1767 2240 dominus
1783 2210 1941 2250 magister
1956 2209 2124 2242 Antonius

529 2307 532 2308 ⁷
567 2273 608 2303 de
635 2271 694 2303 Ast
721 2271 815 2302 Prior
840 2272 980 2302 ecclesie
1005 2274 1036 2303 et
1061 2273 1249 2303 conventus
1287 2272 1479 2302 monasterii
1505 2271 1611 2302 sancti
1638 2270 1817 2311 Augustini
1846 2270 1949 2312 Papie
1975 2274 2005 2303 et
2030 2280 2123 2303 sacre

298 2335 467 2375 theologie
493 2335 661 2375 magister,
688 2336 718 2365 et
743 2343 817 2364 cum
846 2334 920 2374 ipso
946 2336 976 2364 et
1003 2342 1111 2374 penex
1140 2334 1250 2374 ipsum
1277 2333 1450 2365 reverendi
1478 2335 1589 2374 patres
1615 2333 1741 2364 domini
1769 2334 1928 2374 magister
1954 2333 2120 2365 lohannes

298 2397 338 2427 de
365 2399 481 2427 sancto
520 2395 660 2437 Angelo,
700 2396 857 2436 magister
895 2395 1074 2426 Alisander
1100 2396 1141 2426 de
1169 2394 1284 2436 Papia,
1324 2396 1482 2436 magister
1520 2395 1685 2426 lohannes
1723 2394 1956 2426 Bertolameus
1981 2395 2022 2426 de
2048 2395 2125 2427 Val-

300 2460 415 2490 macha
442 2467 571 2499 regens,
598 2467 690 2489 sacre
716 2458 885 2499 theologie
912 2459 1073 2499 magistri,
1100 2467 1158 2489 nec
1185 2467 1250 2489 non
1279 2458 1489 2489 venerabiles
1527 2458 1653 2488 domini
1680 2456 1780 2488 frater
1807 2457 1959 2489 Andreas
1986 2458 2026 2489 de
2053 2457 2125 2489 Me-

298 2521 435 2552 diolano
461 2521 685 2557 bachalarius,
712 2520 811 2551 frater
838 2520 1069 2552 Bertolameus
1095 2521 1135 2552 de
1161 2519 1353 2552 Castelacio
1380 2520 1525 2551 biblicus
1551 2522 1581 2550 et
1608 2522 1814 2560 procurator,
1840 2519 1940 2551 frater
1955 2519 2122 2551 Martinus

298 2584 338 2614 de
365 2583 516 2614 Valentia
543 2583 654 2620 lector,
682 2582 811 2623 filipus
837 2583 877 2614 de
904 2582 1053 2614 Vicentia
1081 2582 1193 2620 lector,
1220 2582 1346 2614 Paulus
1373 2582 1413 2613 de
1440 2581 1545 2613 Puteo
1564 2582 1715 2618 sacrista,
1735 2580 1891 2613 Didimus
1918 2582 1958 2612 de
1978 2581 2121 2622 Brayda,

300 2645 464 2676 lohannes
491 2645 530 2676 de
557 2645 680 2679 Tricio,
718 2645 817 2676 frater
854 2645 1034 2676 Zacharias
1060 2645 1100 2676 de
1128 2645 1325 2676 Mediolano
1363 2645 1521 2685 magister
1546 2643 1769 2680 studendum,
1796 2643 1895 2674 frater
1921 2643 2053 2675 Tomax
2080 2644 2120 2675 de

298 2706 429 2739 Cicillia
456 2717 582 2743 cursor,
609 2707 708 2738 irater
734 2706 895 2739 Silvester
921 2708 960 2738 de
988 2707 1103 2748 Papia,
1130 2707 1229 2738 frater
1255 2706 1441 2747 Gregorius
1467 2706 1507 2737 de
1534 2705 1650 2746 Papia.
1688 2705 1787 2737 frater
1813 2704 2055 2746 Simplicianus
2081 2706 2121 2737 de

299 2770 549 2805 Monteortono‚
576 2769 676 2800 frater
702 2769 830 2809 Filipus
857 2770 896 2800 de
924 2770 1046 2806 Laude,
1073 2769 1172 2800 frater
1199 2769 1394 2800 Leonardus
1420 2769 1460 2800 de
1488 2768 1650 2805 Marchia,
1689 2767 1787 2799 frater
1827 2767 1977 2808 Angelus
2003 2768 2043 2799 de
2070 2768 2121 2799 Li-

297 2832 444 2866 sandria,
471 2831 570 2863 frater
597 2832 740 2862 Lazarus
766 2832 806 2862 de
832 2831 992 2868 Novaria,
1018 2831 1118 2862 frater
1145 2832 1306 2863 Marchus
1332 2831 1371 2862 de
1399 2830 1526 2867 padua,
1563 2830 1662 2861 frater
1700 2829 1866 2861 lohannes
1892 2830 1932 2861 cle
1959 2829 2118 2868 Turonis,

299 2895 397 2925 frater
424 2894 590 2925 Antonius
617 2895 656 2925 de
685 2894 830 2929 Francia.
870 2894 968 2925 frater
996 2893 1121 2925 Paulus
1159 2894 1325 2931 Astensis,
1352 2893 1451 2924 frater
1489 2892 1686 2923 Laurentius
1712 2892 1753 2923 de
1780 2892 1987 2929 Mediolano,
2021 2892 2121 2923 frater

298 2956 416 2987 Petrus
443 2957 482 2987 de
509 2955 735 2993 Castronovo,
762 2956 860 2987 frater
886 2955 1031 2996 Spiritus
1057 2957 1097 2987 de
1126 2956 1334 2993 Mediolano,
1371 2954 1470 2986 frater
1508 2954 1700 2985 Lactantius
1726 2955 1766 2985 de
1794 2953 1974 2991 Placentia,
2001 2962 2119 2986 omnes

297 3019 414 3051 fratres
441 3018 585 3059 professi
624 3019 784 3058 degentes
811 3019 840 3049 in
869 3019 957 3050 dicto
995 3019 1199 3049 monasterio
1225 3020 1255 3048 et
1280 3018 1447 3048 conventu
1474 3018 1504 3047 et
1531 3024 1633 3047 voces
1670 3015 1830 3047 facientes
1857 3016 1887 3047 in
1914 3014 2118 3056 CapitulO....

299 3082 329 3111 in
357 3090 444 3120 quos
471 3082 621 3121 pervenit
649 3080 896 3120 infrascriptum
924 3081 1080 3111 fictum...
1118 3080 1214 3111 titulo
1251 3079 1494 3119 assignationis
1530 3078 1594 3109 sibi
1621 3077 1706 3109 facte
1733 3087 1790 3118 per
1816 3077 2061 3109 Bertolameum
2087 3080 2118 3109 et
