2347 3444
1949 210 2013 243 229

961 412 1265 453 CDXLVII.

284 517 421 546 Lascito
446 519 702 548 testamentario
727 520 780 548 del
804 520 879 549 nob.
906 520 1071 549 Giovanni
1095 522 1268 550 Manfredo
1293 522 1454 551 Beccaria
1477 531 1497 551 a
1521 523 1634 552 favore
1659 524 1691 552 di
1715 525 1748 553 S.
1774 526 1886 554 Paolo.

823 625 963 657 1481,
992 626 1274 658 genunio,
1306 625 1384 651 1¹⁷.

725 712 802 736 (Arch.
820 712 899 734 Notat.
925 713 946 734 di
963 713 1033 735 pavia
1048 725 1073 727 —
1089 713 1136 735 Atti
1153 713 1175 734 dl
1191 713 1340 735 Bartoiomco
1355 714 1485 738 Oandeilo).

433 852 436 908 l

212 852 215 991 Ἰ
262 894 384 1009 Ν
441 913 531 939 ELLA
555 917 636 940 casa
661 909 715 940 del
738 912 899 947 testatore,
927 911 958 942 in
984 911 1183 943 Pnrroccliia
1208 911 1243 943 di
1267 911 1299 944 S.
1326 911 1468 943 Marinio
1486 911 1580 952 fuori
1598 915 1705 953 porta.
1729 913 1936 945 Testamento
1962 915 2015 946 del

433 979 435 1017 i
461 970 535 1001 nob.
565 969 731 1003 Giovnnni
754 972 927 1012 Mcmsren'a
954 973 1112 1005 Beccarin
1137 974 1171 1005 cii
1195 973 1227 1006 S.
1257 973 1425 1013 Galliena,
1451 975 1555 1016 delfi!
1573 974 1670 1012 Sisto,
1691 976 1743 1007 col
1758 977 1856 1016 quale
1882 977 2012 1008 chiama

461 1032 550 1063 eredi
573 1033 750 1064 universali
774 1034 808 1065 αἰ·
831 1035 917 1065 metii
943 1035 1029 1066 della
1054 1045 1115 1066 sna
1140 1038 1299 1068 sosianza
1324 1037 1335 1068 i
1351 1038 1529 1069 monasteri
1545 1038 1579 1069 di
1596 1037 1628 1070 S.
1648 1038 1804 1079 Epifonm
1823 1048 1839 1070 e
1857 1039 1891 1070 cii
1908 1039 2011 1071 Santo

196 1093 349 1135 Spirita„
367 1091 418 1133 (1)
443 1103 516 1125 cum
543 1104 642 1125 onere
668 1095 769 1126 dandi
797 1096 956 1127 reddendi
983 1099 1013 1128 et
1039 1097 1192 1129 solvendi
1219 1099 1308 1130 omni
1335 1108 1422 1130 anno
1449 1101 1596 1140 tempore
1628 1100 1870 1131 vindemiarum
1891 1102 1921 1132 in
1941 1110 2013 1141 per-

197 1158 364 1196 petuum...
391 1156 425 1187 nl
449 1159 605 1187 convento
631 1157 665 1188 n'i
688 1156 720 1189 S.
748 1157 967 1197 Apollinare...
994 1157 1045 1198 (2)
1071 1159 1204 1191 brentas
1230 1169 1289 1192 sex
1317 1162 1497 1201 papienses
1524 1162 1590 1192 vini
1617 1162 1683 1192 albi
1711 1162 1788 1193 boni
1816 1165 1846 1193 et
1872 1164 1956 1203 puri,
1982 1166 2013 1194 et

196 1218 345 1249 similiter
371 1218 621 1250 venerabilibus
655 1219 800 1251 dominis
838 1219 941 1251 Priori
969 1223 999 1252 et
1026 1221 1195 1253 Fratribus
1231 1225 1418 1254 conventus
1444 1232 1501 1254 seu
1530 1225 1721 1255 monasterii
1760 1226 1864 1255 sancti
1904 1224 2009 1256 Paulli

195 1281 248 1311 siti
276 1290 380 1321 prope
405 1283 436 1312 et
461 1283 554 1312 extra
581 1282 688 1312 menia
714 1283 860 1313 civitatis
888 1282 1000 1323 papie,
1027 1283 1165 1315 Ordinis
1191 1285 1404 1316 observantie
1431 1286 1535 1317 sancti
1563 1285 1760 1326 Augustini,
1798 1288 2011 1327 presentibus

195 1345 226 1374 et
250 1342 381 1380 futuris,
408 1343 542 1374 brentas
568 1352 628 1374 sex
655 1344 722 1374 vini
749 1344 815 1375 albi
844 1345 921 1375 boni
948 1347 978 1375 et
1004 1346 1087 1385 puri.
1117 1345 1181 1383 Qui
1219 1347 1319 1377 ambo
1356 1346 1586 1379 Conventus...
1624 1349 1728 1379 sancti
1764 1347 1956 1388 Apolinaris
1981 1352 2012 1380 et

194 1406 298 1437 sancti
326 1404 432 1436 Paulli
459 1406 607 1446 predicta
645 1406 788 1437 habeant
814 1409 844 1437 et
870 1410 1119 1447 consequantur
1156 1411 1253 1449 prout
1287 1418 1398 1449 supra,
1435 1418 1508 1440 cum
1547 1419 1645 1441 onere
1682 1410 1871 1441 celebrandi
1897 1413 1928 1442 et
1954 1412 2009 1451 qui

195 1470 368 1499 teneantur
393 1470 424 1499 et
449 1468 588 1509 obligati
615 1469 681 1499 sint
706 1478 743 1500 ac
769 1469 913 1500 debeant
937 1469 1136 1501 celebrare...
1163 1471 1285 1502 missas
1312 1471 1396 1502 duas
1434 1472 1566 1512 singula
1591 1472 1781 1503 ebdomada
1806 1475 1838 1504 et
1863 1472 2009 1504 officium

193 1538 252 1561 seu
278 1531 544 1562 anniversarium
572 1540 672 1562 unum
700 1532 833 1572 singulo
859 1541 947 1563 anno
974 1533 1004 1563 in
1032 1535 1228 1573 perpetuum
1256 1542 1315 1573 pro
1343 1536 1482 1574 utroque
1509 1534 1658 1574 ipsorum
1684 1537 1943 1566 conventuum...

943 1705 1269 1749 CDXLVIII.

284 1813 334 1841 La
358 1812 538 1841 Comunita
562 1813 595 1842 di
619 1814 651 1842 S.
678 1813 837 1843 Mostiola
861 1815 1006 1843 concede
1031 1814 1050 1843 1¹
1066 1814 1266 1844 investitura
1290 1815 1323 1844 di
1346 1820 1435 1844 terre
1459 1815 1492 1844 in
1517 1816 1691 1844 Stradella.

818 1928 953 1959 1481,
990 1928 1271 1961 fel)l“›raio‚
1304 1929 1394 1955 28.

691 2016 767 2037 (Arci-1.
785 2016 864 2037 Notas.
882 2016 903 2037 di
921 2016 997 2037 Pavia.
1014 2027 1039 2030 ἡ
1054 2016 1102 2037 Atti
1118 2017 1139 2037 di
1156 2016 1268 2038 Giovanni
1284 2017 1384 2038 Antonio
1400 2017 1520 2042 Belcredi).

430 2165 432 2184 l

298 2209 341 2323 Ι
437 2228 456 2254 L
481 2223 624 2264 capitolo
649 2224 684 2254 di
708 2223 739 2255 S.
767 2223 932 2259 Mostiola,
959 2223 1121 2255 riui'nnnto
1146 2224 1232 2255 nella
1257 2232 1318 2255 sna
1343 2224 1499 2263 maggior
1515 2226 1610 2264 parte
1642 2224 1808 2254 costituii‘a
1840 2224 1883 2254 da
1909 2223 2007 2254 frater

430 2263 431 2286 Χ
459 2285 684 2317 Heustachius
710 2286 750 2317 de
777 2285 935 2317 Becharia
962 2287 1107 2317 vicarius
1133 2287 1210 2317 dicti
1236 2288 1433 2323 conventus,
1452 2285 1550 2316 frater
1569 2284 1686 2316 Petrus
1704 2286 1744 2316 de
1763 2284 1890 2323 Calvis,
1909 2285 2007 2316 frater

460 2348 629 2379 Melchion
664 2348 704 2379 de
731 2348 876 2385 LucinO,
914 2348 1012 2379 frater
1037 2347 1238 2380 Guillelmus
1272 2348 1311 2379 de
1339 2348 1564 2389 Arigonibus,
1602 2348 1701 2379 frater
1727 2348 1929 2379 Laurencius
1966 2348 2006 2379 de

192 2408 306 2447 Biella,
332 2409 430 2441 trater
457 2410 598 2451 Moyses
624 2410 663 2441 de
690 2410 795 2448 Busti,
821 2410 920 2441 frater
946 2410 1175 2441 Bertolameus
1201 2410 1241 2441 de
1268 2410 1296 2441 la
1324 2410 1482 2447 Ecclesia,
1508 2409 1606 2441 frater
1633 2409 1782 2450 Angelus
1815 2410 1854 2441 de
1882 2409 2008 2442 RuscO-

193 2471 292 2502 nibus
317 2474 347 2502 et
372 2471 471 2503 irater
497 2472 705 2504 Tholonieus
731 2473 771 2503 de
797 2471 1003 2504 Saraticho...
1022 2472 1064 2503 n'ci
1082 2473 1271 2503 investitura
1288 2472 1469 2503 nowennczle
1486 2481 1506 2503 a
1525 2471 1734 2503 Bnrtolomeo
1753 2471 1912 2504 Seliconzi
1928 2481 1944 2503 e
1962 2472 2008 2503 acl

191 2534 352 2573 Agostino
380 2533 537 2575 Campam·
559 2535 594 2566 di
617 2534 820 2571 Portalbern,
847 2535 882 2566 cli
903 2535 948 2566 30
967 2535 1110 2575 peiticlze
1135 2535 1169 2566 di
1193 2536 1275 2565 terra
1300 2535 1330 2566 in
1356 2535 1511 2565 territorio
1537 2534 1571 2565 di
1598 2533 1773 2571 Strndella,
1787 2542 1849 2574 per
1863 2534 1883 2565 l'
1897 2533 2005 2574 affitto

190 2605 300 2627 animo
325 2597 360 2628 cil
382 2597 406 2628 5
427 2596 541 2628 sacelli
564 2597 599 2628 cli
615 2596 782 2637 frumento
808 2597 851 2628 a'a
872 2597 1013 2637 pngarsi
1037 2596 1101 2627 alle
1125 2596 1261 2627 colende
1286 2596 1449 2636 d'agosto.

246 2754 276 2777 (bl)
292 2753 306 2774 ll
323 2755 456 2774 monastero
479 2753 501 2774 di
523 2753 546 2775 S.
573 2753 678 2780 Epifanio
701 2754 845 2775 ncll'inlerno
866 2754 924 2774 della
947 2753 1012 2778 cittii,
1028 2759 1071 2773 ove
1127 2752 1207 2773 dettini
1224 2752 1425 2773 dell'osservanza
1441 2752 1462 2773 di
1479 2752 1501 2774 S.
1518 2753 1624 2774 Giustina
1638 2753 1659 2773 di
1677 2752 1778 2773 Padova.

193 2797 244 2823 oggi
261 2797 279 2817 si
295 2797 425 2818 estendono
441 2798 445 2818 i
462 2797 584 2818 tabbricati
600 2798 755 2819 dell'istituto
772 2798 892 2821 Botanim.
912 2799 1070 2823 appartcncva
1180 2797 1210 2821 (2)
1226 2797 1240 2817 ll
1262 2799 1395 2818 monastero
1417 2797 1438 2817 di
1462 2796 1484 2818 S.
1508 2797 1640 2823 Apollinare
1662 2803 1760 2823 sorgeva
1785 2797 1844 2818 fuori
1861 2797 1919 2817 della
1942 2797 1996 2817 cittii

192 2842 212 2862 ai
229 2840 338 2863 eanonici
355 2841 468 2867 Regelari.
484 2842 566 2867 Queno
581 2842 603 2863 di
619 2842 642 2863 S.
659 2842 746 2868 Spirito
762 2848 800 2863 era
816 2842 874 2863 fuori
891 2842 950 2863 della
966 2841 1037 2866 cittst,
1061 2848 1071 2862 c
1128 2842 1194 2867 quasi
1211 2842 1232 2862 in
1255 2842 1372 2863 direzione
1387 2842 1409 2862 di
1433 2843 1509 2868 quello
1534 2842 1555 2862 di
1572 2842 1594 2863 S.
1619 2842 1738 2868 Epilanio,
1755 2842 1782 2863 ed
1802 2844 1961 2867 appartcneva
1976 2848 1996 2862 ai

193 2886 259 2911 quasi
274 2885 384 2906 aderente
399 2886 419 2906 al
436 2885 556 2907 eonvento
572 2886 594 2907 di
610 2886 632 2907 S.
650 2886 729 2912 Panlo,
745 2887 773 2907 cd
789 2893 827 2907 era
843 2887 933 2907 ubitam
949 2886 984 2906 dai
1000 2886 1071 2907 sscnc-
1126 2886 1275 2906 Donienicani
1291 2886 1501 2907 dell'Osservanza.
