2347 3444
1940 192 2004 223 299

954 374 1241 415 DXLVIII.

279 485 506 522 Disposizioni
530 485 786 514 testamentarie
811 485 897 514 della
921 485 996 513 nob.
1023 484 1224 513 Contessina
1248 483 1433 512 Fiamberti
1458 483 1579 512 Lonati
1603 492 1622 511 a
1647 483 1761 511 favore
1786 483 1817 511 di
1843 484 1875 512 S.
1904 485 2006 512 Paolo

191 555 209 576 e
235 547 267 576 di
291 548 324 576 S.
351 547 527 583 Agostino.

794 653 940 683 1490,
975 654 1312 683 nnovexxlbre,
1338 653 1390 677 6.

759 740 835 761 «Ascli.
854 740 933 761 Notus.
951 740 972 760 di
990 740 1067 761 l'avia.
1085 752 1109 753 j
1125 741 1172 761 Atti
1189 741 1210 761 di
1228 741 1354 761 Francesco
1370 739 1442 763 Sisti).

264 923 385 1038 N
436 943 525 970 ELLA
551 946 631 969 cusa
657 939 691 969 αι’
717 938 802 969 Giczn
829 939 1010 969 Ftuncesco
1036 939 1246 978 Mungiaria,
1284 939 1315 970 ιή
1352 938 1550 970 Parroccln'a
1575 939 1610 970 cli
1645 938 1677 970 S.
1715 938 1854 978 Filippo.
1897 939 2010 969 Testa-

457 1003 564 1032 mento
590 1000 676 1032 della
702 1000 810 1031 nobile
837 1000 1031 1032 Confessum
1058 1001 1245 1039 Ficunbctri,
1273 1002 1396 1033 vedova
1421 1002 1474 1032 del
1497 1001 1598 1032 milile
1623 1010 1639 1032 e
1665 1001 1944 1032 ‹lottoreAntom'o
1970 1001 2010 1032 cle

209 1102 237 1103 j
294 1101 298 1103 s
429 1088 430 1099 ³
457 1065 590 1100 Lomzle,
617 1063 669 1094 col
693 1063 790 1102 quale
815 1064 920 1095 [uscia
944 1065 1011 1095 300
1027 1064 1142 1103 fiorini
1165 1065 1199 1095 <sl
1225 1064 1391 1096 Convento
1416 1064 1451 1095 ιίῐ
1475 1064 1507 1096 S.
1536 1063 1696 1095 δῖοι-(11110
1722 1064 1808 1095 della
1831 1064 2010 1095 Vernavolu

190 1137 250 1169 per
271 1129 303 1160 la
329 1127 554 1159 celebraziorze
579 1126 612 1157 dl
637 1134 678 1156 1111
703 1125 816 1165 afficio
842 1126 885 1156 cla
910 1128 1012 1157 morto
1038 1127 1119 1164 ogni
1142 1135 1229 1157 mese
1254 1126 1418 1157 clcll'unno
1444 1127 1475 1157 in
1497 1128 1678 1166 perpetuo:
1715 1126 1772 1157 elle
1797 1135 1832 1157 se
1857 1126 1880 1157 il
1896 1135 2011 1157 mona-

192 1193 276 1222 stero
301 1199 365 1221 non
393 1189 518 1220 volesse
543 1190 705 1219 accetture
730 1188 753 1218 il
777 1188 886 1227 legato
914 1190 989 1219 tunc
1015 1192 1045 1219 et
1071 1199 1110 1219 eo
1143 1197 1222 1220 casu
1262 1189 1371 1228 ipsum
1411 1189 1554 1228 legatum
1592 1189 1794 1219 florenorum
1833 1189 2006 1220 tricentnni

193 1252 284 1283 dedit
310 1254 340 1283 et
367 1252 490 1292 legavit
517 1250 720 1281 monasterio
746 1252 776 1280 et
802 1251 980 1281 conventui
1009 1252 1113 1281 sancti
1143 1250 1235 1281 Pauli
1264 1260 1367 1291 prope
1393 1254 1423 1281 et
1449 1253 1541 1282 extra
1570 1250 2010 1291 Papiam,enrneodemmet

193 1323 292 1345 onere
318 1313 510 1345 celebrandi
537 1313 660 1343 dictum
688 1312 834 1343 officium
867 1315 1071 1343 mortuorum
1091 1313 1224 1352 singulo
1244 1322 1367 1344 mense.
1388 1313 1425 1343 Et
1443 1322 1522 1344 casu
1543 1322 1610 1352 quo
1629 1314 1752 1344 dictum
1773 1314 2010 1344 monasterium

192 1377 297 1408 sancti
326 1375 420 1407 Pauli
448 1384 513 1406 non
541 1375 640 1405 vellet
665 1376 839 1414 acceptare
865 1375 989 1405 dictuin
1007 1375 1184 1415 legatum...
1212 1376 1302 1406 dedit
1320 1378 1350 1406 et
1370 1376 1492 1416 legavit
1511 1376 1634 1406 dictum
1654 1376 1810 1415 legatum,
1829 1385 1902 1406 cuin
1922 1376 2010 1407 dicto

192 1447 302 1475 onere,
328 1438 468 1469 ecclesie
494 1440 524 1468 et
551 1437 755 1468 monasterio
782 1437 886 1468 sancti
915 1436 1122 1477 Apollinaris
1149 1446 1252 1477 prope
1278 1440 1308 1468 et
1334 1440 1426 1468 extra
1454 1436 1626 1477 Papiam...
1645 1446 1661 1468 e
1678 1438 2009 1469 rimmciamlounc-lie

192 1502 307 1540 questo
333 1500 367 1531 cll
392 1500 511 1539 legato,
540 1499 631 1530 dedit
657 1502 687 1530 et
714 1499 837 1539 legavit
864 1500 1068 1530 monasterio
1095 1500 1199 1530 sancti
1228 1499 1406 1540 Augustini
1434 1500 1608 1540 papiensis
1633 1509 1706 1530 cum
1726 1509 1824 1531 onere
1844 1501 1935 1540 quod
1955 1501 2013 1531 do-

193 1563 271 1593 mini
300 1561 393 1593 Prior
419 1564 450 1593 et
476 1561 617 1599 Fratres,
645 1562 700 1601 qui
728 1570 785 1601 per
811 1564 961 1601 tempora
987 1564 1082 1592 erunt
1110 1562 1140 1592 in
1167 1562 1255 1592 dicto
1283 1562 1497 1599 monasterio,
1524 1564 1696 1592 teneantur
1722 1564 1752 1592 et
1778 1562 1921 1593 debeant
1947 1563 2014 1593 sin-

193 1624 271 1665 gulo
298 1633 412 1655 mense
438 1633 570 1664 semper
596 1627 626 1654 et
653 1624 684 1654 in
712 1626 908 1664 perpetuum
935 1624 1102 1654 celebrare
1128 1623 1276 1655 officium
1293 1633 1392 1655 unum
1413 1627 1616 1655 mortuorum
1638 1633 1697 1664 pro
1717 1626 1913 1656 remissione
1940 1634 2015 1665 pec-

191 1689 340 1718 catorum
368 1688 398 1717 et
424 1687 535 1717 anima
561 1686 647 1716 dicte
674 1685 809 1716 domine
835 1686 1024 1717 testatricis.
1052 1685 1163 1716 Item...
1205 1686 1296 1716 dedit
1322 1689 1351 1716 et
1379 1686 1534 1726 legavit...
1561 1686 1649 1717 dicto
1677 1687 1880 1717 monasterio
1907 1688 2012 1718 sancti

194 1747 288 1779 Pauli
316 1749 496 1790 papiensis
517 1748 666 1779 florenos
692 1748 998 1788 vigintiquinque...
1024 1757 1098 1778 cum
1125 1757 1224 1778 onere
1250 1748 1439 1779 celebrandi
1467 1748 1568 1779 semel
1595 1750 1721 1779 tantum
1741 1748 1888 1779 officium
1908 1758 2008 1780 unum

193 1813 433 1842 mortuorum...
449 1810 526 1841 Item
554 1810 645 1841 dedit
671 1812 702 1841 et
729 1810 851 1851 legavit
870 1810 1009 1841 ecclesie
1036 1812 1066 1841 et
1092 1811 1271 1841 conventui
1287 1819 1344 1841 seu
1362 1811 1564 1841 monasterio
1580 1811 1684 1842 sancti
1702 1810 1879 1851 Augustini
1906 1810 2009 1851 Papie

194 1873 342 1904 florenos
368 1873 674 1913 vigintiquinque...
700 1881 774 1904 cum
801 1881 901 1903 onere
926 1872 1117 1903 celebrandi
1145 1872 1246 1903 semel
1273 1875 1398 1903 tantum
1425 1872 1572 1903 otticiurn
1600 1882 1701 1903 unum
1729 1875 1968 1904 mortuorum...

991 2048 1226 2087 DXLIX.

285 2157 336 2184 La
362 2156 549 2185 Comunita
575 2156 609 2184 di
636 2157 671 2185 S.
699 2156 874 2192 Agostino
911 2157 1028 2185 riceve
1055 2157 1078 2184 il
1105 2157 1218 2192 legato
1255 2157 1523 2185 testamentario
1560 2157 1594 2185 di
1632 2157 1722 2186 Gio:
1760 2157 1934 2193 Agostino
1971 2158 2013 2186 de

198 2209 393 2241 Muriculis‚

793 2289 951 2319 1490,
980 2291 1332 2318 110x⁷e1111)re,
1361 2289 1413 2314 8.

771 2377 848 2399 (Arcti.
866 2377 945 2397 Notat.
963 2377 984 2397 di
1003 2376 1080 2397 Pavia
1098 2388 1121 2390 —
1138 2377 1185 2397 Atti
1203 2377 1223 2397 di
1242 2377 1342 2397 Lucliino
1359 2376 1440 2399 Curti).

438 2535 440 2555 l

299 2562 346 2677 I
445 2579 468 2605 N
494 2574 568 2606 loco
594 2573 742 2615 Capituli
769 2573 968 2607 Conventus
994 2575 1099 2605 sancti
1127 2573 1305 2614 Augustini
1333 2572 1446 2614 Papie‚
1488 2574 1552 2604 sito
1580 2574 1610 2604 in
1638 2573 1737 2605 Porta
1775 2573 1915 2611 Palatii,
1954 2574 2016 2605 Pa-

467 2638 580 2668 rochia
606 2638 711 2668 sancti
739 2637 870 2669 Andree
897 2638 927 2668 in
947 2636 1124 2669 Citadella.
1151 2636 1349 2669 Convocato
1371 2636 1553 2676 capitulo...
1573 2636 1612 2667 de
1632 2637 1823 2668 mandato...
1842 2638 2013 2668 reverendi

217 2706 219 2731 1
437 2730 438 2733 ,
467 2708 559 2730 sacre
585 2700 754 2741 theologie
781 2700 985 2740 professoris
1011 2700 1137 2731 domini
1165 2699 1299 2730 Antonii
1327 2699 1366 2730 de
1394 2698 1464 2736 Ast,
1492 2698 1617 2730 prioris
1643 2699 1720 2730 dicti
1747 2698 1956 2737 Conventus,
1984 2701 2014 2731 in

203 2771 269 2802 quo
297 2761 433 2801 quidem
459 2759 618 2802 Capitulo
644 2764 735 2793 erant
761 2765 791 2793 et
817 2765 893 2793 sunt
921 2762 1070 2802 prefatus
1095 2762 1253 2792 dominus
1280 2761 1374 2792 Prior
1398 2764 1429 2792 et
1454 2770 1528 2792 euin
1554 2770 1627 2792 eo...
1665 2762 1822 2793 dominus
1859 2763 2016 2803 magister

203 2823 368 2854 lohannes
394 2823 434 2854 de
461 2826 577 2855 sancto
604 2823 744 2865 Angelo,
771 2825 928 2855 dominus
967 2825 1124 2865 magister
1162 2824 1391 2855 Bertolameus
1417 2824 1457 2855 de
1484 2824 1686 2861 Vahnacha,
1725 2825 1882 2855 dominus
1920 2824 2018 2856 frater

203 2885 436 2917 Bertolameus
461 2886 501 2916 de
527 2884 730 2918 Castellacio
758 2887 902 2918 biblicus
928 2890 958 2918 et
985 2889 1189 2927 procurator,
1217 2886 1374 2916 dominus
1400 2885 1499 2917 trater
1526 2886 1691 2917 lohannes
1710 2886 1876 2917 Antonius
1895 2887 1934 2917 de
1953 2887 2018 2917 Ne-

205 2948 329 2979 bruciis
355 2948 466 2985 lector,
492 2948 649 2980 dominus
674 2949 773 2980 trater
798 2949 1007 2981 Octavianus
1033 2949 1072 2980 de
1100 2948 1209 2985 lanua,
1236 2948 1394 2979 dominus
1434 2947 1533 2979 frater
1570 2948 1779 2990 Augustinus
1805 2949 1845 2980 de
1872 2949 2018 2980 Novaria

203 3010 372 3050 subprior,
398 3010 556 3042 dominus
580 3010 680 3042 frater
707 3010 833 3043 Paulus
858 3012 898 3042 de
926 3011 1041 3048 Puteo,
1068 3011 1226 3041 dominus
1263 3009 1362 3041 trater
1395 3010 1546 3051 Baptista
1573 3011 1613 3042 de
1639 3010 1831 3042 Tollentino
1862 3012 2019 3051 magister

207 3072 424 3110 studentium,
450 3072 608 3104 dominus
634 3072 733 3104 trater
759 3072 915 3105 Didimus
941 3073 981 3104 de
1009 3072 1124 3113 Papia,
1162 3073 1320 3104 dominus
1356 3071 1455 3104 frater
1482 3072 1609 3114 Filipus
1635 3074 1675 3105 de
1701 3073 1856 3105 Vicencia
1893 3082 2018 3111 cursor,
