2347 3444
1960 214 2018 244 221

960 389 1272 430 CDXXXV.

295 493 351 522 Gli
378 493 603 529 Agostiniani
629 495 663 523 di
690 496 723 526 S.
751 496 861 525 Paolo
899 497 1122 526 domandano
1147 498 1189 527 ed
1215 503 1404 534 ottengono
1441 499 1527 527 aiuti
1564 500 1622 528 dal
1660 500 1815 529 Cornune
1842 502 1876 530 di
1910 503 2023 531 Pavia

205 555 266 582 per
292 547 326 574 la
352 547 481 575 Chiesa
508 548 550 576 ed
576 548 600 576 il
627 549 820 579 Convento.

824 645 978 676 1480,
1011 647 1284 678 gel1l1aio‚
1317 648 1407 672 25.

731 734 808 754 <Areu
825 734 860 755 del
877 734 961 755 Mus-co
977 734 1025 755 Civ.
1043 735 1064 755 di
1081 735 1153 756 storia
1170 735 1243 760 patria
1262 746 1284 749 μ
1302 735 1376 756 Pacco
1394 736 1501 761 Ofscrl'c).

455 932 612 960 AGNIFICl
638 938 675 960 ac
700 930 876 961 clarissimi
904 930 1037 962 Domini
1066 933 1208 963 maiores
1235 934 1337 964 nostri
1371 933 1611 965 colendissimi.
1650 933 1778 965 Placuit
1804 935 1843 971 ei,
1871 936 1926 975 qui
1965 945 2027 967 nos

274 916 418 1031 M

438 1089 442 1091 Δ
476 1063 589 1085 semus
617 1055 646 1085 in
675 1055 735 1086 hac
762 1058 872 1086 vestra
898 1056 1083 1087 clarissima
1110 1057 1190 1087 urbe
1209 1066 1268 1097 pro
1288 1057 1387 1088 vobis
1406 1067 1534 1098 proque
1561 1059 1663 1089 totius
1689 1059 1733 1089 rei
1761 1059 1894 1099 publice
1920 1059 2027 1090 salute

477 992 517 1023 de
543 992 688 1023 tenebris
714 993 860 1033 gentium
888 994 918 1024 in
946 996 1067 1025 sortem
1095 1003 1279 1035 pauperum
1307 1003 1442 1026 suorum
1469 995 1589 1036 ellegit,
1627 996 1724 1027 etiam
1760 1005 1890 1034 vocare,
1919 999 1951 1027 ut
1977 1006 2029 1028 es-

209 1117 261 1148 die
288 1119 455 1157 noctuque
481 1119 625 1154 orantes:
645 1126 703 1148 nec
723 1117 857 1157 quidem
878 1118 908 1148 id
929 1118 1025 1158 plene
1052 1127 1235 1158 possumus
1261 1119 1454 1160 adimplere,
1471 1120 1533 1151 nisi
1554 1121 1619 1160 piis
1637 1119 1762 1152 Christi
1782 1121 1939 1152 fidelibus
1958 1121 2026 1162 ely-

209 1179 349 1210 mosinis
375 1179 582 1210 adiuvemur.
610 1178 775 1210 Affuimus
801 1180 910 1215 vobis,
938 1180 1107 1220 Magnifici
1136 1182 1207 1217 viri,
1235 1182 1297 1212 iam
1325 1182 1459 1213 duobus
1485 1191 1522 1213 ac
1548 1182 1649 1213 ferme
1676 1183 1782 1214 tribus
1809 1183 1921 1214 lustris
1950 1184 2029 1214 ella-

209 1241 280 1281 psis
297 1238 358 1281 (1),
385 1241 506 1272 nedum
544 1244 652 1272 tamen
691 1242 857 1282 religiosis
883 1242 1028 1274 officinis
1054 1244 1169 1274 muniti
1196 1246 1340 1274 atrocem
1359 1253 1396 1275 ac
1427 1253 1510 1284 pene
1540 1244 1738 1275 mortalibus
1765 1245 1923 1285 imparem
1951 1246 2030 1286 hye—

209 1312 293 1334 mem
321 1303 467 1341 nivibus,
495 1303 703 1344 hymbribus,
731 1304 839 1335 ventis
865 1304 1114 1345 frigoribusque
1141 1305 1301 1336 reffertam
1329 1306 1526 1346 propulsare
1552 1307 1733 1346 potuimus.
1760 1305 1900 1339 Coelum
1928 1307 2026 1339 nobis

210 1366 357 1405 undique
384 1368 473 1406 patet
498 1368 528 1397 et
554 1368 637 1397 terra
665 1366 766 1397 libera
793 1370 852 1397 est.
881 1367 963 1398 Hinc
990 1366 1061 1398 Deo
1087 1368 1280 1405 clamamus,
1307 1369 1382 1399 hinc
1400 1369 1616 1407 exaudimur;
1636 1369 1711 1400 Non
1730 1372 1779 1400 est
1798 1370 1896 1401 nobis
1915 1370 2025 1410 ampla

209 1428 340 1465 domus,
367 1437 432 1459 non
460 1430 536 1459 sunt
563 1428 647 1459 latae
674 1429 832 1468 porticus,
860 1438 924 1459 non
952 1429 1098 1469 ingentia
1123 1430 1278 1467 claustra,
1305 1430 1429 1470 quibus
1455 1431 1612 1462 omnibus
1650 1431 1768 1471 reliqui
1807 1432 1905 1463 huius
1942 1432 2027 1463 alme

208 1490 353 1521 civitatis
378 1490 525 1531 religiosi
554 1490 748 1521 habundant
766 1488 837 1530 (2)!
864 1489 1021 1523 Clamitat
1048 1492 1195 1531 undique
1213 1493 1338 1532 apertis
1363 1493 1624 1532 circumquaque
1650 1492 1805 1524 fenestris
1824 1495 2026 1525 sanctissimi

211 1551 304 1583 Pauli
332 1553 434 1583 nostri
462 1551 671 1584 Conventus.
699 1552 854 1593 lmplorat
879 1554 1015 1591 auxilia,
1043 1554 1123 1594 petit
1149 1554 1211 1585 sibi
1239 1554 1396 1595 suffragia
1423 1555 1504 1585 dari.
1531 1554 1626 1585 Adde
1653 1555 1743 1595 quod
1770 1555 1920 1593 ecclesia,
1940 1565 2026 1596 quae

209 1615 330 1646 domus
356 1614 415 1646 Dei
443 1617 492 1646 est
518 1617 548 1646 et
574 1614 697 1647 Christi
725 1624 863 1655 sponsa,
890 1624 996 1655 neque
1023 1616 1122 1647 nobis
1148 1616 1332 1654 orantibus,
1359 1625 1466 1656 neque
1485 1615 1610 1648 Christi
1630 1617 1786 1648 fidelibus
1813 1618 2027 1649 venientibus

210 1680 243 1708 ut
270 1678 400 1708 veniam
428 1680 611 1718 precentur,
639 1677 771 1709 sufficit.
800 1677 925 1719 lndiget
951 1679 1106 1718 reparari,
1134 1679 1259 1719 indiget
1283 1679 1446 1719 ampliari.
1473 1678 1549 1716 Quo
1575 1679 1684 1710 circha
1711 1688 1772 1711 nos
1798 1682 1947 1711 oratores
1974 1689 2029 1711 ve-

209 1740 265 1771 stri
293 1742 323 1770 et
349 1739 421 1770 Deo
459 1740 639 1771 militantes
678 1740 844 1771 humiliter
881 1740 1112 1780 supplicamus
1137 1742 1168 1772 et
1205 1741 1349 1781 petimus
1375 1743 1409 1772 ut
1435 1741 1474 1772 de
1500 1742 1605 1781 gratia
1647 1742 1784 1781 speciali
1811 1744 1841 1773 et
1866 1745 2026 1773 consueta

208 1802 404 1833 liberalitate
431 1802 461 1833 in
489 1801 560 1840 Dei,
587 1811 715 1839 servos,
743 1802 991 1843 Magnificentie
1018 1804 1126 1834 vestre
1164 1803 1263 1834 nobis
1288 1803 1470 1834 concedere
1508 1803 1685 1844 dignentur
1714 1804 1904 1835 oblationes
1930 1813 2030 1845 gene-

209 1865 295 1896 rales
320 1866 351 1896 et
376 1865 539 1896 annuales
566 1874 623 1905 pei·
648 1873 755 1896 annos
782 1866 847 1896 tres
873 1865 924 1896 vel
963 1868 1106 1905 quatuor
1141 1864 1229 1905 (sine
1269 1867 1378 1896 tamen
1419 1866 1558 1897 aliorum
1598 1866 1716 1907 injuria
1757 1868 1788 1897 et
1814 1864 2028 1905 detrimento)

212 1935 298 1966 quas
325 1935 432 1967 usque
459 1927 560 1957 modo
587 1936 647 1967 pro
673 1929 782 1958 vestra
809 1927 1033 1958 munificentia
1059 1927 1134 1958 aliis
1160 1928 1326 1968 religiosis
1352 1928 1580 1965 concessistis,
1618 1929 1690 1959 sive
1717 1929 1747 1959 in
1782 1929 2025 1968 reparationem

207 1990 430 2029 antiquarum,
457 1990 528 2020 sive
555 1990 586 2020 in
614 1998 775 2020 novarum
802 1989 1046 2021 dedicationem
1072 1989 1298 2021 ecclesiarum.
1325 1989 1427 2020 Erunt
1453 1990 1551 2020 nobis
1578 1990 1809 2021 huiuscemodi
1837 1990 2027 2022 oblationes

208 2055 238 2083 et
265 2052 319 2092 pia
346 2060 481 2083 munera
508 2054 575 2082 tum
602 2052 741 2083 ecclesie
767 2052 871 2083 sancti
900 2051 1015 2083 Pauli:
1054 2054 1120 2082 tum
1148 2061 1226 2083 vero
1252 2050 1442 2084 Conventui
1463 2052 1652 2083 subsidium
1672 2062 1737 2083 non
1757 2053 1933 2083 mediocre.
1954 2053 2026 2083 Hiis

206 2114 311 2156 adjuti
338 2116 368 2145 et
394 2114 560 2145 sublevati
587 2123 660 2145 cum
687 2114 868 2145 familiares
894 2115 1142 2145 extruxerimus
1167 2114 1331 2152 officinas,
1358 2114 1517 2145 delectam
1545 2114 1620 2145 huic
1639 2116 1730 2145 tanto
1749 2113 1884 2146 Senatui
1912 2115 2024 2155 reique

206 2176 338 2217 publice
364 2176 523 2207 familiam
550 2176 782 2217 religiosorum
820 2177 1161 2216 doctissimorumque
1199 2176 1344 2206 virorum
1371 2176 1449 2206 dare
1476 2176 1677 2216 poterimus,
1705 2177 1760 2216 qui
1787 2176 1937 2214 civibus,
1963 2177 2018 2216 qui

207 2238 429 2276 scholaribus,
456 2239 511 2278 qui
539 2238 697 2269 omnibus
722 2238 940 2269 communiter
981 2237 1159 2275 sufficiant,
1185 2238 1226 2268 ad
1254 2238 1426 2268 utilitatem
1454 2238 1602 2277 ipsorum
1629 2240 1659 2268 et
1685 2237 1890 2278 voluptatem
1929 2238 2028 2278 spiri-

206 2301 305 2332 tualis
330 2298 673 2339 conversationis(3).
701 2300 918 2336 Miseremini,
943 2300 1119 2331 clarissimi
1146 2300 1259 2337 cives,
1297 2300 1497 2331 miseremini
1525 2300 1639 2337 nostri,
1666 2303 1696 2330 et
1722 2300 1775 2340 pia
1813 2300 1913 2331 nobis
1954 2309 2027 2340 pre-

208 2365 291 2394 state
318 2363 496 2403 stipendia.
524 2363 639 2394 Estote
666 2362 765 2393 nobis
791 2363 834 2402 pii
862 2364 1027 2402 parentes,
1054 2364 1086 2392 ut
1112 2362 1218 2393 simus
1245 2362 1343 2393 vobis
1369 2362 1481 2392 devoti
1508 2362 1575 2399 filii,
1602 2363 1632 2392 et
1658 2362 1829 2402 supplices
1863 2364 2023 2393 oratores.

205 2425 313 2457 Nobis
338 2425 561 2457 clamantibus
587 2426 661 2465 pias
687 2425 787 2456 nolite
812 2424 966 2455 claudere
992 2433 1099 2455 aures.
1126 2423 1190 2455 Sed
1219 2424 1248 2454 in
1269 2432 1330 2455 nos
1360 2424 1507 2454 mitiores
1536 2423 1640 2454 effecti
1661 2424 1886 2455 misericordie
1916 2426 2025 2455 vestre

207 2488 236 2518 in
265 2497 327 2519 nos
353 2489 481 2519 viscera
509 2489 693 2519 sentiamus
721 2490 753 2518 ut
779 2486 1050 2527 Omnipotentem
1093 2486 1198 2517 Deum
1237 2487 1452 2526 deprecemur
1478 2487 1533 2526 qui
1560 2486 1659 2517 vobis
1684 2488 1715 2517 et
1740 2486 1898 2517 omnibus
1936 2487 2022 2517 bona

204 2549 405 2581 facientibus
430 2550 621 2590 centuplum
648 2550 751 2590 gratie
777 2558 836 2580 sue
864 2549 999 2589 prebeat
1026 2549 1055 2579 in
1083 2548 1246 2588 presenti:
1265 2550 1296 2578 et
1322 2549 1422 2578 vitam
1450 2548 1480 2578 in
1507 2547 1653 2578 futurum
1679 2548 1841 2578 concedat
1866 2550 2022 2578 eternam.

264 2700 292 2723 il)
308 2699 424 2723 Rignardo
439 2699 459 2719 al
477 2700 555 2724 tempo
570 2698 731 2723 dell'ingresso
743 2698 801 2723 degli
815 2698 937 2718 Eremitmii
950 2697 970 2716 in
982 2696 996 2716 S
1018 2696 1088 2716 Paulo

209 2744 260 2764 vedi
276 2744 289 2764 il
306 2744 447 2764 documento
461 2742 618 2764 cccxxxm,
635 2742 757 2763 Mettendo
773 2742 794 2762 in
811 2742 925 2762 relazione
948 2741 1023 2766 questi
1040 2741 1084 2760 due

209 2788 341 2808 documenti
357 2788 375 2807 si
392 2787 438 2813 pub
453 2787 557 2807 stabilire
573 2787 614 2807 elie
630 2787 675 2807 tale
698 2786 803 2811 ingresso
819 2791 921 2806 avvemie
946 2786 1087 2805 certamcnte

208 2832 281 2857 prima
297 2832 332 2852 del
350 2831 407 2856 1⁴68,
423 2832 532 2856 sebbcne,
548 2836 612 2851 come
627 2831 750 2856 apparisce
765 2830 802 2851 dai
818 2829 949 2850 documenti
966 2828 1083 2850 CCCXlle

208 2876 324 2901 cccxm,
340 2877 369 2901 gli
387 2876 629 2897 Eremitaniavcssero
645 2877 753 2896 ottenuto
770 2875 783 2895 il
799 2874 920 2896 Conveni«)
936 2874 956 2894 di
973 2873 995 2894 S.
1014 2873 1084 2894 l‘aiolo

209 2922 259 2942 sino
275 2921 312 2941 dal
330 2921 387 2941 1465.

261 2966 291 2989 (2)
307 2966 382 2986 Ancne
398 2965 535 2986 l'Anoniiuo
551 2965 655 2985 Ticinese
671 2965 705 2985 sin
722 2964 758 2984 dat
777 2964 826 2985 1330
840 2969 913 2984 avcva
929 2963 1010 2983 scritto
1022 2962 1084 2984 (ker.

210 3010 262 3031 ltuI.
279 3010 363 3035 ScrIpt.
380 3010 424 3030 vul.
442 3009 467 3030 Χ1
483 3009 525 3030 cul.
542 3009 586 3029 421:
603 3017 612 3025 α
629 3009 696 3029 Plura
713 3010 765 3029 sunt
783 3008 922 3029 monasteria
938 3007 968 3029 (in
986 3007 1082 3032 Pzipialr.

208 3055 286 3074 tantas
301 3054 384 3074 domos
399 3053 507 3074 habentia
522 3054 545 3074 et
560 3053 644 3079 spatia,
661 3054 685 3074 ut
702 3053 776 3079 possit
793 3053 813 3073 in
830 3053 871 3077 eis,
883 3052 1022 3077 quicumque
1034 3051 1086 3071 illuc

208 3098 304 3123 venerit,
320 3103 417 3123 magnus
433 3098 559 3123 praelatus,
575 3098 610 3118 vel
626 3097 752 3123 imperator
767 3098 807 3118 aut
819 3103 865 3122 rex,
877 3096 998 3117 commode
1009 3096 1086 3120 hospi-

1144 2696 1194 2720 tari,
1212 2696 1347 2721 praesertim
1365 2695 1530 2716 monasterium
1547 2694 1623 2716 Sancti
1641 2694 1702 2715 Petri
1718 2695 1739 2715 in
1755 2694 1826 2716 Coelo
1843 2695 1927 2719 Aureo,
1943 2694 2020 2715 Sam-n

1140 2740 1268 2761 Salvatoris
1285 2740 1377 2760 iiiaioris
1393 2742 1414 2760 et
1431 2740 1503 2760 sancti
1520 2739 1632 2765 Sepulcri.
1645 2739 1740 2765 Reliqua
1753 2740 1892 2759 monasteria
1904 2741 1925 2759 et
1938 2739 2020 2759 dumus

1143 2784 1310 2809 Religiosorum
1326 2785 1384 2804 satis
1399 2785 1475 2809 ampla
1492 2784 1623 2804 habitacula
1639 2785 1661 2804 et
1678 2784 1778 2804 claustra
1795 2784 1878 2804 decorn
1909 2784 2009 2805 hubent),

1192 2829 1221 2851 (3¹
1237 2829 1326 2853 Questo
1343 2830 1415 2854 punto
1430 2829 1536 2849 contione
1552 2829 1572 2849 in
1589 2829 1651 2849 brevi
1668 2829 1746 2854 parole
1762 2829 1776 2848 il
1787 2828 1862 2848 nobile
1875 2833 2019 2853 programma

1140 2874 1181 2894 che
1197 2873 1225 2898 gli
1243 2873 1365 2893 Eremitani
1382 2873 1403 2893 di
1421 2872 1489 2893 l‘avia
1506 2872 1541 2898 gia
1558 2878 1600 2893 cim
1617 2874 1683 2893 tanto
1703 2872 1826 2897 splendore
1849 2877 1954 2891 avevano
1976 2872 2020 2891 svb

1139 2918 1237 2943 luppato
1253 2917 1274 2937 in
1290 2916 1312 2937 S.
1336 2917 1448 2941 Agosnno
1471 2917 1498 2937 cd
1521 2917 1542 2937 in
1565 2922 1620 2942 gran
1644 2918 1709 2941 parte
1731 2922 1743 2936 a
1769 2915 1790 2936 S,
1808 2916 1921 2935 Mustiolzi.
1940 2915 1954 2935 ll
1971 2916 2019 2935 loro

1140 2967 1212 2986 scopo
1228 2961 1251 2981 fu
1274 2966 1365 2986 sempre
1387 2961 1464 2986 quello
1480 2961 1500 2980 di
1518 2960 1571 2980 dare
1594 2960 1736 2980 incremento
1758 2960 1802 2979 alla
1825 2959 1916 2979 scit-nm
1932 2958 1959 2978 ed
1975 2958 2018 2978 alla

1139 3005 1207 3026 virm.
1225 3006 1241 3026 E
1257 3005 1279 3025 fu
1295 3007 1359 3025 certo
1375 3011 1418 3025 una
1434 3007 1501 3025 santa
1517 3004 1661 3025 emulazionc
1677 3004 1717 3024 che
1729 3004 1807 3028 spinse
1820 3003 1848 3027 gli
1862 3003 1984 3022 {immitam
1997 3002 2018 3022 di

1142 3050 1164 3071 S⁴
1183 3050 1253 3070 Paiolo
1268 3049 1297 3070 ad
1313 3050 1402 3070 imitare
1418 3049 1437 3069 le
1460 3051 1526 3073 gesta
1542 3049 1600 3074 degli
1625 3048 1747 3068 Eremitani
1771 3048 1805 3067 del
1822 3047 1942 3068 Cunvcnto
1958 3046 1978 3066 di
1995 3046 2017 3067 S.

1141 3095 1262 3120 Agostino.
