2347 3444
1934 219 1997 250 285

943 400 1241 440 DXXXIII.

274 528 505 557 Intimazione
531 529 565 556 di
593 529 681 556 frate
708 528 854 556 Alberto
881 528 1092 561 Guidoboni‚
1121 527 1382 556 Conservatore
1408 527 1442 555 di
1470 528 1504 556 S.
1533 528 1719 563 Agostino,
1740 538 1759 556 a
1778 538 1821 556 un
1841 529 2000 557 debitore

187 582 243 610 del
270 582 464 610 convento.

814 677 967 707 1489,
1002 683 1105 701 1115]
1111 676 1201 708 gg?
1208 683 1251 708 ο,
1284 676 1374 701 29.

709 782 785 805 (Arch.
806 782 884 803 Notat.
903 782 923 802 di
941 782 1010 803 Pavifl
1028 793 1051 795 A
1067 782 1114 803 Atti
1131 782 1152 802 di
1169 783 1297 803 Frnucesco
1316 782 1491 808 Strazzapatti).

205 1030 206 1033 Ἴ
275 974 362 1090 F
434 992 554 1020 RATER
579 987 736 1019 Albertus
762 989 802 1019 de
828 988 1055 1027 Guidobonis,
1093 998 1184 1020 sacre
1222 990 1390 1030 theologie
1428 990 1595 1030 magister,
1629 989 1737 1021 abbas
1763 990 1902 1020 abbacie
1930 999 2006 1021 sau-

205 1039 206 1064 *
426 1059 427 1094 1
454 1052 581 1081 ctorum
608 1050 763 1082 Gervasii
790 1054 821 1082 et
847 1051 988 1083 Protasii
1016 1055 1098 1083 terre
1125 1052 1354 1083 Montisbellis
1372 1052 1412 1083 de
1431 1052 1514 1083 ultra
1534 1051 1662 1083 Padum
1682 1050 1871 1084 Comitatus
1891 1051 2005 1092 Papie

204 1073 206 1150 i
237 1149 261 1150 ἶ
296 1149 299 1150 ⁷
323 1149 339 1150 W
454 1112 682 1145 Conservator
707 1115 916 1154 apostolicus
942 1115 1130 1154 specialiter
1156 1115 1336 1155 deputatus
1362 1115 1612 1146 venerabilibus
1639 1115 1719 1146 viris
1745 1115 1882 1145 domino
1902 1114 2005 1145 Priori

187 1178 218 1207 et
245 1176 381 1207 ¹:ratrib
378 1185 415 1207 is
441 1177 633 1207 monasterii
661 1177 765 1207 sancti
794 1176 971 1217 Augustini
1000 1176 1113 1217 Papie,
1141 1178 1366 1209 mediantibus
1392 1178 1559 1209 autentico
1585 1186 1643 1209 seu
1672 1177 1772 1208 bullis
1797 1177 2004 1214 apostolicis,

189 1241 249 1270 etc
267 1236 318 1278 (l)
343 1241 373 1270 et
399 1239 439 1270 de
466 1239 590 1279 quibus
627 1239 797 1269 olfeiimus
836 1248 897 1270 uos
936 1242 1071 1279 paratos
1108 1240 1253 1280 'implam
1291 1240 1389 1271 iidem
1416 1239 1523 1271 facere
1550 1240 1576 1271 si
1603 1242 1634 1270 et
1660 1239 1797 1279 quando
1824 1248 1910 1279 opus
1936 1240 2006 1273 e,rit

189 1302 310 1333 dilecto
337 1302 436 1333 nobis
461 1302 492 1332 in
519 1300 655 1334 Christo
681 1300 856 1333 Simonino
882 1302 922 1332 de
949 1302 1073 1343 Vegiis,
1101 1303 1286 1340 molinario,
1313 1303 1490 1333 habitatori
1527 1301 1629 1342 Papie
1656 1303 1686 1332 in
1714 1301 1876 1333 Parochia
1902 1302 2006 1333 sancti

189 1362 325 1404 Georgii
354 1364 384 1394 in
412 1363 700 1401 Montefalchono,
727 1363 867 1395 salutem
896 1364 925 1394 in
954 1363 1099 1394 Domino
1125 1366 1155 1395 et
1182 1364 1349 1395 mandatis
1386 1365 1520 1401 nostris,
1560 1365 1625 1394 imo
1660 1364 1772 1395 verius
1797 1364 2007 1403 apostolicis,

191 1427 326 1457 firmiter
350 1428 381 1457 et
408 1426 574 1457 humiliter
600 1426 748 1457 obedire.

281 1487 348 1520 Sua
375 1488 509 1528 querela
547 1489 646 1519 nobis
682 1489 842 1529 exposuit
880 1489 1082 1519 venerabilis
1110 1490 1158 1520 vir
1184 1489 1342 1520 dominus
1368 1488 1467 1520 frater
1493 1488 1724 1520 Bertolameus
1750 1488 1790 1519 de
1816 1487 2007 1520 Castelacio

192 1551 343 1582 sindicus
367 1553 398 1582 et
425 1553 619 1591 procurator
645 1551 885 1582 venerabilium
913 1552 1039 1582 domiui
1068 1551 1192 1582 prioris
1218 1553 1248 1582 et
1275 1551 1421 1582 Fratrum
1449 1551 1667 1591 suprascripti
1695 1551 1898 1587 monasterii,
1918 1550 2008 1590 quod

190 1622 208 1644 a
234 1617 264 1644 te
291 1613 412 1644 habere
438 1613 537 1644 debet
562 1614 666 1644 rubos
692 1614 1085 1654 quinquagintaquatuor
1122 1613 1227 1644 farine
1265 1613 1431 1651 furmenti,
1458 1622 1555 1653 quos,
1582 1616 1615 1644 tu
1642 1613 1825 1650 molinarie,
1853 1613 1916 1653 ipsi
1944 1613 2012 1643 sin-

192 1676 267 1707 dico
293 1676 382 1707 dicto
408 1676 552 1713 nomine,
578 1676 741 1707 retinuisti
769 1676 915 1707 indebite
940 1679 971 1706 et
997 1677 1117 1707 iniuste
1155 1685 1214 1716 pro
1252 1676 1398 1707 sachetis
1423 1675 1577 1706 furmenti
1605 1676 1679 1706 hinc
1717 1677 1802 1706 retro
1837 1676 2011 1706 macinatis

193 1747 250 1778 per
274 1740 304 1769 te
331 1739 394 1779 ipsi
423 1739 648 1777 monasterio;
687 1748 746 1770 nec
772 1748 837 1769 non
866 1739 987 1769 habere
1014 1738 1112 1769 debet
1138 1739 1168 1769 in
1197 1747 1261 1769 una
1287 1738 1388 1769 altera
1415 1740 1507 1778 parte
1532 1738 1680 1769 florenos
1717 1738 1846 1778 viginti,
1874 1737 2010 1773 valoris,

191 1805 251 1832 etc.
277 1810 364 1841 quos
391 1802 463 1841 ipse
489 1801 650 1839 sindicus,
677 1801 766 1832 dicto
793 1801 937 1837 nomine,
964 1801 1021 1831 tibi
1050 1801 1224 1837 mutuavit,
1250 1801 1434 1831 occaxione
1462 1801 1565 1831 mutui
1592 1801 1695 1841 gratis
1713 1802 1743 1831 et
1762 1809 1884 1830 amore.
1904 1798 2011 1839 Super

192 1864 317 1904 quibus
343 1863 501 1894 omnibus
527 1864 621 1904 petiit
658 1863 767 1895 dictus
805 1864 962 1894 dominus
1000 1863 1161 1900 sindicus,
1200 1863 1288 1894 dicto
1316 1863 1459 1899 nomine,
1486 1863 1526 1894 de
1553 1865 1720 1903 oportuno
1755 1863 1836 1893 iuris
1862 1861 2009 1892 remedio

191 1927 255 1958 sibi
283 1926 451 1966 provideri
479 1926 600 1957 debere
626 1928 656 1957 et
683 1926 734 1957 ius
760 1928 791 1957 et
818 1926 983 1957 iusticiam
1011 1925 1074 1956 sibi
1102 1925 1280 1956 ministrari
1307 1924 1439 1956 debere.
1458 1924 1648 1962 Quocircha
1675 1923 1825 1964 prefatus
1851 1924 2010 1954 (lominus

191 1987 429 2025 Conservator,
457 1997 604 2028 sequens
630 1988 770 2019 formam
798 1989 879 2019 iuris
904 1990 934 2018 et
961 1988 1066 2019 salvis
1101 1988 1229 2018 iuribus
1254 1989 1285 2018 et
1310 1987 1500 2018 actionibus
1537 1987 1614 2018 dicti
1654 1987 1858 2023 monasterii,
1895 1986 1937 2016 ad
1964 1994 2012 2016 re-

192 2052 413 2091 quisicionem
440 2053 471 2082 et
498 2051 695 2082 instanciam
722 2051 799 2082 dicti
827 2050 958 2087 sindici,
985 2052 1014 2081 te
1040 2051 1192 2086 citamus,
1219 2050 1420 2089 requirimus
1445 2051 1476 2080 et
1502 2058 1677 2080 monemus
1715 2049 1833 2088 primo,
1860 2048 2009 2079 secundo

191 2115 222 2144 et
248 2114 348 2144 tercio
374 2116 405 2144 et
431 2114 695 2153 perhemptorie,
723 2113 841 2144 dantes
867 2113 924 2143 tibi
964 2112 1201 2143 nichilominus
1229 2112 1258 2142 in
1286 2112 1405 2142 virtute
1431 2113 1544 2142 sancte
1581 2111 1771 2142 obedientie
1798 2112 1828 2141 et
1854 2110 1917 2141 sub
1955 2119 2013 2140 ex-

191 2176 512 2207 communicacionis
549 2185 634 2216 pena
671 2176 854 2207 districtius
882 2176 912 2206 in
940 2175 1116 2211 mandatis,
1155 2176 1321 2214 quatenus
1360 2173 1443 2204 infra
1480 2175 1546 2205 tres
1584 2174 1656 2204 dies
1690 2173 1842 2213 proxime
1868 2172 2010 2206 futuros.

193 2247 335 2278 quorum
362 2239 459 2269 trium
486 2239 613 2270 dierum
652 2248 752 2269 unum
791 2247 851 2278 pro
889 2238 1006 2278 primo,
1041 2246 1141 2267 unum
1180 2246 1239 2277 pro
1277 2236 1436 2271 secundo,
1464 2236 1627 2276 reliquum
1655 2244 1734 2266 vero
1760 2236 1895 2266 tercium
1923 2235 2009 2266 diem

193 2309 252 2340 pro
278 2301 390 2339 tercio,
417 2301 533 2332 ultimo
559 2303 589 2332 et
616 2301 841 2341 peremptorio
879 2301 1019 2331 termino
1056 2302 1086 2330 et
1124 2299 1312 2329 monicione
1352 2299 1513 2329 canonica
1551 2298 1609 2329 tibi
1648 2297 1845 2338 prefigimus
1871 2300 1901 2328 et
1927 2297 2012 2328 assi-

191 2372 345 2403 gnamus,
371 2363 509 2395 studeas
535 2366 565 2394 et
591 2363 718 2394 debeas
744 2363 873 2394 realiter
898 2365 928 2393 et
954 2371 1028 2393 cum
1055 2362 1171 2392 eliectu
1199 2361 1306 2392 eidem
1334 2361 1475 2398 sindico,
1513 2361 1602 2391 dicto
1640 2361 1785 2397 nomine,
1819 2360 1955 2390 dedisse
1981 2362 2012 2390 et

193 2425 339 2456 solvisse
366 2427 615 2466 suprascriptos
653 2426 756 2457 rubos
794 2425 1186 2465 quinquagintaquatuor
1223 2423 1327 2454 farine
1353 2424 1383 2453 et
1409 2423 1518 2453 dictos
1555 2422 1702 2453 florenos
1739 2422 1867 2463 viginti,
1901 2423 1957 2452 aut
1983 2423 2012 2452 te

193 2488 412 2519 amicabiliter
435 2489 647 2526 convenisse;
673 2489 823 2528 alioquin
850 2488 877 2518 si
905 2488 1021 2518 horum
1050 2486 1281 2517 mandatorum
1309 2485 1591 2522 nostrorum‚imo
1607 2485 1718 2515 verius
1736 2484 2012 2524 apostolicorum,

194 2551 403 2590 contemptor
440 2549 543 2582 fueris
580 2559 637 2582 seu
675 2550 820 2587 rebellis,
857 2549 949 2589 quod
987 2558 1051 2579 non
1089 2547 1267 2585 credimus,
1306 2556 1347 2577 ex
1386 2555 1472 2577 nunc
1510 2548 1607 2586 prout
1632 2555 1673 2577 ex
1699 2548 1777 2577 tunc
1802 2548 1832 2577 et
1858 2554 1898 2576 ex
1934 2548 2010 2576 tunc

195 2613 292 2651 prout
318 2621 359 2643 ex
387 2622 483 2651 nunc,
521 2613 689 2644 antedicta
727 2613 916 2643 monicione
953 2611 1114 2642 canonica
1152 2610 1327 2650 premissa,
1355 2609 1385 2639 in
1413 2609 1465 2640 his
1491 2609 1625 2649 scriptis
1650 2608 2011 2640 exc01mnunicationis

194 2675 392 2706 sententiam
419 2678 533 2706 contra
558 2678 588 2706 te
614 2675 816 2716 proferimus
841 2676 871 2705 et
898 2673 1162 2714 promulgamus.
1189 2671 1222 2703 Si
1249 2674 1358 2702 tamen
1384 2680 1425 2702 ex
1453 2671 1628 2711 premissis
1647 2671 1677 2701 in
1697 2671 1811 2711 aliquo
1830 2673 1859 2701 te
1878 2670 2007 2709 gravari

194 2738 351 2775 senseris,
377 2746 574 2778 compareas
599 2739 630 2769 et
655 2746 847 2778 comparere
873 2736 999 2767 debeas
1024 2743 1135 2766 coram
1162 2734 1272 2771 nobis,
1299 2734 1413 2765 ultima
1440 2734 1492 2764 die
1519 2733 1596 2764 dicti
1623 2734 1764 2771 termini,
1785 2734 1864 2764 hora
1892 2741 2011 2772 vespe-

193 2810 313 2839 rarum,
339 2801 370 2832 in
397 2801 498 2831 domo
525 2800 749 2831 habitacionis
775 2801 886 2830 nostre
912 2799 975 2829 sita
1002 2798 1032 2828 in
1060 2796 1158 2827 Porta
1186 2796 1358 2836 Marenga‚
1386 2794 1549 2827 Parochia
1576 2796 1680 2827 sancti
1709 2794 1863 2831 lnvencii,
1890 2802 2011 2825 causas

193 2864 238 2894 tui
265 2863 470 2904 gravaminis
496 2863 719 2894 hostensurus
744 2864 775 2893 et
799 2870 817 2892 a
844 2860 943 2891 nobis
969 2861 1162 2899 recepturus
1201 2858 1330 2889 iusticie
1366 2858 1659 2898 complementum.
1697 2856 1745 2888 De
1772 2865 1911 2897 quarum
1938 2865 2011 2896 pre—

193 2926 385 2957 sentacione
411 2924 546 2956 cuilibet
571 2933 683 2956 earum
711 2924 817 2961 latori,
844 2923 965 2954 nuncio
992 2922 1117 2957 nostro,
1143 2929 1216 2951 cum
1244 2920 1429 2951 iuramento
1455 2919 1506 2950 vel
1533 2919 1599 2950 alio
1626 2919 1762 2960 publico
1790 2919 2010 2949 instrumento

251 3101 281 3125 tl)
295 3100 352 3122 Vedi
367 3100 381 3121 il
397 3100 537 3121 documento
552 3100 588 3121 del
603 3100 615 3120 7
630 3099 701 3125 luglio
719 3099 776 3120 1478.
