2347 3444
1924 176 1966 207 87

157 306 198 337 de
224 305 327 337 verbo
352 304 392 336 ad
420 304 558 335 verbum
586 307 683 345 prout
709 306 827 343 iacent,
853 305 1048 337 confirmare
1074 307 1105 336 et
1130 305 1294 345 aprobare
1321 314 1448 346 eosque
1475 307 1505 337 et
1530 315 1567 337 ea
1593 307 1634 338 de
1665 316 1753 338 novo
1779 308 1964 339 concedere

157 377 194 399 ac
220 367 261 399 de
287 376 375 398 novo
400 375 564 398 concessa
590 376 665 399 csse
691 367 776 399 velle
802 369 833 399 et
859 367 981 399 iubere.
1009 367 1047 398 Et
1072 367 1230 398 mandare
1268 368 1434 399 universis
1460 370 1491 400 et
1517 369 1660 409 singulis
1697 369 1898 400 officialibus
1936 372 1967 401 et

157 430 302 461 subditis
327 429 449 460 vestris
475 430 689 469 presentibus
715 432 745 461 et
771 430 890 461 futuris
915 429 956 461 ad
983 438 1069 470 quos
1095 431 1224 470 spectat
1249 432 1280 461 et
1306 430 1482 469 spectabit,
1512 432 1679 470 quatenus
1717 432 1966 471 suprascriptas

156 492 396 524 concessiones
422 492 452 522 et
478 491 749 523 confirmationes
775 492 940 532 binasque
966 492 1204 523 concessiones
1209 517 1314 522 ..........
1333 489 1384 529 (1)
1410 492 1582 523 observari
1603 494 1633 523 et
1652 493 1847 524 execucioni
1876 502 1968 524 man-

155 554 225 585 dari
251 553 373 585 faciant
399 553 532 593 penitus
558 554 588 583 et
614 553 760 591 omnino,
786 554 944 593 omnique
970 553 1168 593 exceptione
1194 554 1224 584 et
1250 553 1514 585 contradictione
1539 556 1705 591 cessante,
1732 554 1796 585 sub
1815 555 1968 594 indigna-

157 616 259 647 tionis
285 616 395 646 vestre
421 623 518 655 pena.

243 675 326 717 [Nos
350 677 462 717 itaque
499 674 604 716 prius]
637 677 811 716 premissis
841 677 1075 715 consideratis,
1102 677 1253 717 visisque
1279 677 1457 717 diligenter
1481 678 1512 708 et
1537 678 1737 709 examinatis
1756 687 1814 718 per
1831 677 1970 719 Specta-

156 739 240 771 biles
266 739 306 771 de
332 737 484 771 Consilio
511 740 624 769 nostro
652 738 776 770 lustitie
804 740 918 771 litteris
945 740 1096 770 binarum
1134 739 1391 771 concessionum
1398 765 1481 770 ........
1520 739 1680 771 factarum
1720 750 1777 780 per
1814 741 1969 772 illustris-

157 802 262 833 simos
298 801 469 842 quondam
508 800 684 831 recolende
723 802 878 832 memorie
917 802 1072 832 dominos
1109 801 1368 842 predecessores
1395 803 1540 839 nostros,
1567 802 1608 833 de
1641 803 1766 842 quibus
1805 811 1906 842 supra
1932 803 1966 833 fit

156 865 296 901 mencio,
322 864 542 903 volentesque
568 865 599 893 et
625 871 686 893 nos
705 864 760 903 qni
781 872 844 893 non
865 864 1024 895 minorem
1044 864 1238 895 beatissimo
1254 862 1444 904 Augustino
1462 864 1682 895 devocionem
1700 866 1730 895 et
1747 865 1965 896 reverentiam

157 927 316 968 gerimus,
353 926 479 957 eisdem
517 925 789 965 supplicantibus
816 926 846 956 in
873 926 1047 966 premissis
1086 926 1274 966 benigniter
1306 926 1525 966 complacere,
1551 928 1665 958 tenore
1693 927 1897 967 presentium
1923 936 1965 958 ex

155 990 243 1021 certa
270 988 410 1020 scientia
435 988 467 1019 et
492 987 532 1018 de
560 989 671 1018 nostre
709 988 885 1027 potestatis
923 987 1128 1028 plenitudine
1154 990 1184 1019 et
1210 989 1298 1019 omni
1326 988 1438 1026 modo,
1464 989 1544 1026 iure,
1571 989 1624 1019 via
1650 990 1681 1020 et
1707 988 1812 1020 forma
1838 989 1963 1028 quibus

156 1050 275 1082 melius
300 1051 332 1081 et
369 1049 514 1080 validius
551 1058 745 1089 possumus,
784 1050 951 1089 predictas
989 1058 1106 1081 omnes
1143 1050 1400 1081 concessionum
1438 1051 1469 1081 et
1502 1051 1797 1082 confirmacionum
1829 1051 1965 1085 litteras,

155 1121 241 1153 quas
268 1112 319 1143 liic
346 1112 469 1143 habere
507 1111 663 1142 volumus
697 1120 756 1151 pro
793 1112 978 1151 expressis,
1004 1121 1041 1143 ac
1068 1113 1178 1143 omnia
1204 1114 1234 1144 et
1260 1112 1393 1153 singula
1419 1113 1450 1143 in
1477 1113 1526 1144 eis
1551 1121 1714 1153 expressa
1741 1114 1772 1144 et
1798 1115 1964 1149 contenta,

156 1175 187 1206 in
213 1174 370 1205 omnibus
396 1175 427 1205 et
453 1183 511 1214 per
536 1174 647 1205 onmia
673 1182 710 1205 ac
736 1174 776 1205 de
803 1174 906 1205 verbo
932 1174 972 1205 ad
1000 1174 1139 1205 verbum
1166 1176 1264 1215 prout
1289 1175 1396 1206 iacent
1422 1175 1669 1213 confirmamus,
1695 1175 1964 1212 corroboramus,

156 1237 358 1269 ratificamus
384 1238 414 1268 et
439 1236 668 1276 approbamus
706 1245 832 1276 easque
858 1242 889 1268 et
914 1245 951 1268 ea
990 1239 1143 1277 respectu
1181 1246 1294 1268 eorum
1332 1246 1397 1277 que
1422 1246 1460 1269 ac
1485 1239 1652 1278 quatenus
1693 1238 1840 1269 nondum
1868 1247 1964 1269 suum

155 1299 307 1331 effectum
334 1299 450 1330 sortita
476 1300 553 1329 sunt
578 1299 619 1330 de
646 1308 734 1329 novo
771 1299 999 1330 concedimus.
1037 1299 1240 1330 Mandantes
1279 1300 1446 1331 universis
1472 1301 1502 1331 et
1528 1300 1670 1340 singulis
1704 1300 1908 1331 officialibus
1934 1302 1965 1332 et

157 1361 302 1393 subditis
329 1361 452 1392 nostris
479 1360 694 1401 presentibus
720 1362 751 1392 et
776 1360 895 1391 futuris
920 1361 961 1391 ad
988 1369 1075 1400 quos
1102 1363 1231 1401 spectat
1256 1363 1286 1392 et
1312 1362 1479 1401 spectabit
1511 1364 1678 1402 quatenus
1716 1363 1965 1402 suprascriptas

155 1423 280 1454 litteras
317 1432 499 1463 eorumque
537 1423 772 1454 continentiam
799 1425 830 1454 et
855 1423 1007 1454 effectum
1034 1425 1065 1454 et
1090 1423 1150 1454 lias
1188 1425 1321 1454 nostras
1357 1424 1619 1455 confirmationis
1646 1426 1677 1455 et
1704 1434 1789 1456 nove
1827 1433 1967 1456 conces-

155 1486 261 1517 sionis
287 1485 412 1516 litteras
438 1486 619 1516 observent
645 1487 676 1516 et
702 1487 911 1525 exequantur
936 1494 973 1517 ac
1002 1485 1238 1517 inviolabiliter
1263 1486 1436 1517 observari
1464 1488 1495 1517 et
1520 1487 1710 1517 executioni
1742 1487 1890 1517 mandari
1918 1486 1966 1518 fa—

154 1548 251 1585 ciant,
277 1548 365 1579 omni
393 1556 531 1587 prorsus
557 1547 756 1587 exceptione
783 1549 813 1578 ct
839 1548 1102 1579 contradictione
1129 1549 1294 1585 cessante,
1321 1548 1385 1579 sub
1411 1548 1652 1589 indignationis
1671 1551 1782 1580 nostre
1809 1558 1905 1589 pena.
1934 1548 1964 1579 ln

153 1619 295 1650 quorum
323 1610 550 1641 testimonium
578 1612 751 1649 presentes
777 1610 844 1640 fieri
872 1611 902 1641 et
928 1610 1094 1649 registrari
1123 1610 1284 1641 iussimus
1310 1611 1483 1650 nostrique
1519 1611 1620 1651 sigilli
1659 1611 1840 1642 munimine
1867 1611 1966 1642 robo-

154 1673 227 1703 rari.
254 1671 328 1703 Dat.
356 1671 479 1709 Laude,
505 1672 558 1703 die
585 1673 704 1711 quarto
730 1672 941 1711 septembris,
968 1670 1127 1704 MCCCC
1153 1672 1447 1713 quinquagesimo,
1485 1673 1666 1704 indictione
1704 1673 1963 1713 quartadecima.

154 1734 364 1765 Lanzalotus.
396 1733 525 1765 Petrus.

873 1855 1255 1896 CCXXXVIII.

219 1963 461 2000 Disposizioni
486 1964 752 1992 testamentarie
778 1964 834 1992 del
859 1964 978 1992 notaio
1013 1964 1234 2000 Galvagnino
1260 1964 1302 1992 de
1327 1964 1525 1993 Mombreto
1552 1973 1571 1993 a
1597 1965 1718 1993 favore
1744 1965 1778 1993 di
1805 1974 1868 1994 suo
1894 1966 1963 1994 fra-

151 2016 236 2045 tello
262 2017 351 2045 frate
376 2016 597 2045 Manfredino
623 2017 666 2045 de
691 2017 901 2051 Mombreto,
929 2017 1134 2046 eremitano.

794 2120 947 2152 1450,
972 2122 1209 2153 ottoDre,
1240 2121 1314 2146 18.

637 2208 713 2231 (Αῐεὴ.
731 2209 810 2229 Notar.
827 2209 848 2229 di
866 2208 934 2229 Pavia
950 2220 975 2223 —
991 2209 1037 2230 Atti
1054 2209 1075 2229 di
1091 2209 1148 2230 Gian
1165 2209 1281 2230 Lodovico
1297 2208 1472 2235 Strazzapaiii).

166 2352 168 2376 ι

223 2391 330 2508 Τ
387 2410 627 2473 ΙΕΞΤΑΜΕΝΤΟ
652 2405 705 2437 ciel
730 2405 852 2437 nobilis
878 2407 908 2436 et
934 2405 1082 2445 prudens
1108 2405 1157 2435 vir
1179 2403 1414 2445 Galvagninus
1439 2405 1480 2436 de
1506 2404 1696 2436 Mombreto
1728 2405 1771 2445 fq.
1798 2404 1837 2436 D.
1866 2405 1960 2436 loha-

388 2501 389 2505 ,
418 2467 494 2505 noli,
521 2467 606 2499 civis
631 2469 662 2498 et
688 2468 837 2498 notarius
864 2467 1047 2507 papiensis,
1073 2467 1104 2498 ιή
1130 2467 1183 2498 cui
1207 2466 1322 2497 arditio
1347 2466 1404 2497 che
1429 2466 1538 2497 alsuo
1549 2465 1701 2506 funerale
1719 2467 1880 2498 interesse
1900 2466 1958 2497 de-

173 2565 272 2567 —ffi
344 2565 349 2566 ⁷
388 2508 389 2537 ¹
417 2530 517 2561 beant
543 2530 757 2561 sulummodo
783 2529 822 2561 D.
850 2529 1047 2570 Prepositus
1085 2529 1226 2560 ecclesie
1252 2527 1284 2561 S.
1311 2528 1480 2560 Theodori
1508 2538 1582 2560 cum
1609 2529 1680 2560 suis
1718 2527 1902 2560 Canonicis
1927 2530 1958 2560 et

148 2592 333 2632 capellanis
360 2601 466 2633 usque
491 2592 531 2623 acl
559 2601 730 2623 numerum
757 2594 831 2623 octo
857 2594 887 2623 et
913 2591 1031 2624 Hector
1056 2591 1198 2622 ecclesie
1224 2589 1256 2622 S.
1284 2591 1389 2622 Nlarie
1415 2589 1554 2631 Capelle
1581 2600 1688 2631 usque
1715 2591 1755 2622 ad
1783 2600 1956 2622 numerum

148 2656 301 2694 quatuor,
327 2655 403 2686 item
430 2652 627 2686 Conventus
654 2654 802 2686 Fratrum
830 2654 1070 2685 Heremitarum
1097 2653 1202 2685 sancti
1229 2652 1420 2693 Augustini,
1451 2653 1526 2684 item
1546 2655 1732 2685 conventus
1751 2656 1866 2685 sancte
1885 2653 1960 2684 Nla-

148 2716 193 2747 rie
218 2716 259 2747 de
285 2716 400 2747 Monte
427 2714 593 2748 Carmello
598 2741 648 2747 .....
675 2715 752 2747 Item
780 2716 852 2756 ipse
878 2718 1017 2747 testator
1042 2724 1101 2755 pro
1128 2715 1277 2746 incontro
1318 2715 1417 2746 unius
1453 2715 1519 2746 ficti
1546 2715 1723 2746 sachorum
1761 2715 1857 2746 trium
1891 2714 1959 2745 fru-

149 2778 259 2815 menti,
285 2778 375 2818 quod
402 2778 471 2809 dari
497 2780 528 2809 et
554 2779 692 2819 prestari
720 2778 864 2809 debebat
890 2787 947 2818 per
975 2777 1039 2808 lon.
1078 2776 1257 2808 Antonium
1296 2775 1460 2808 Grossum
1487 2777 1527 2808 de
1554 2776 1776 2818 Bassignana,
1802 2778 1842 2808 de
1870 2777 1957 2817 petia

148 2848 212 2870 una
239 2840 436 2880 perticarum
463 2840 623 2871 decem...
649 2842 681 2872 et
705 2840 795 2880 quod
823 2841 895 2880 ipse
922 2841 1060 2871 testator
1085 2839 1282 2879 assignavit,
1309 2839 1401 2870 dedit
1426 2841 1457 2870 et
1482 2839 1649 2871 transtulit
1676 2839 1812 2870 domino
1846 2839 1956 2879 Magi-

148 2903 216 2933 stro
242 2901 455 2933 Manfredino
480 2902 522 2933 de
549 2902 739 2933 Nlombreto
765 2903 838 2934 eius
864 2902 964 2939 fratri,
1005 2900 1142 2933 Ordinis
1180 2901 1315 2932 fratrum
1354 2901 1594 2932 Heremitarum
1632 2902 1736 2932 sancti
1776 2900 1953 2941 Augustini

202 3056 232 3081 (Ι)
247 3056 289 3081 Qui
305 3063 317 3078 e
333 3057 371 3083 piu
387 3059 451 3079 sotto
466 3058 573 3079 abbiamo
589 3064 633 3079 una
649 3059 730 3080 lacuna
746 3064 786 3084 per
802 3060 886 3084 guasto
911 3058 1022 3084 prodotto
1077 3057 1130 3078 dall'
1141 3056 1236 3078 umidita
1252 3057 1432 3083 nell’originale.
