2347 3444
319 210 362 241 44

319 343 360 374 de
387 340 519 383 Crispis
545 351 641 374 sacre
666 342 836 383 theologie
863 342 1046 383 professori
1073 341 1224 373 eiusdem
1251 339 1390 373 Ordinis
1416 349 1454 372 ac
1480 341 1654 381 provincie
1680 341 1787 372 sancti
1825 341 2011 382 Augustini,
2047 340 2138 372 salu-

318 408 382 437 tem
410 405 441 436 in
467 404 614 436 Domino
640 405 890 446 sempiternam.

409 467 534 508 Magna
561 467 659 499 nobis
685 476 764 499 cura
791 467 876 499 inest
902 475 1018 507 pacem
1045 469 1075 498 et
1102 466 1258 497 unionem
1286 465 1316 496 in
1343 467 1412 496 toto
1438 463 1565 496 Ordine
1590 466 1714 497 nutrire
1739 465 1781 496 ad
1808 465 1910 506 idque
1935 465 2014 497 totis
2039 465 2140 497 affec-

319 530 410 562 tibus
435 530 645 567 anhelamus,
672 530 817 570 ideoque
843 530 934 560 viros
960 531 991 560 et
1017 529 1206 569 religiosos,
1232 535 1319 568 quos
1345 529 1457 559 nostre
1483 527 1671 559 affectionis
1697 527 1880 559 imitatores
1897 528 2138 568 conspicimus,

321 601 450 624 summe
475 592 648 633 diligimus
673 594 704 623 et
728 591 854 632 quibus
880 599 1064 631 possumus
1101 589 1276 621 favoribus
1313 589 1558 629 prosequimur.
1597 587 1684 621 Sane
1722 589 1821 621 nobis
1858 589 1995 621 relatum
2032 589 2141 621 extitit

320 655 411 695 quod
439 663 499 695 pro
525 663 609 695 pace
635 657 666 685 et
693 653 919 693 tranquilitate
945 652 1118 693 provincie
1144 651 1305 692 predicte,
1332 652 1415 683 inter
1441 652 1599 683 maiorem
1626 654 1753 692 partem
1780 651 2020 693 Magistrorum
2051 651 2141 683 ordi-

322 721 434 748 natum
461 716 532 753 fuit,
558 716 648 756 quod
675 715 822 747 officium
850 714 1121 746 Provincialatus
1147 714 1332 745 secundum
1360 714 1613 746 successionem
1632 714 1866 755 magistrorum
1886 714 2053 746 incederet
2078 711 2140 754 (1),

322 779 413 819 quod
452 787 514 810 nos
551 787 687 818 quoque
713 777 954 818 approbamus,
992 785 1067 808 cum
1095 777 1126 807 in
1153 777 1326 816 aliquibus
1363 777 1461 808 etiam
1499 775 1606 808 Ytalie
1645 777 1823 817 provintiis
1860 777 1891 808 id
1930 777 2140 815 observetur,

323 844 459 882 propter
484 841 574 881 quod
603 849 662 871 nec
689 840 719 870 in
747 838 915 879 Capitulis
952 848 1067 870 eorum
1097 839 1169 870 rixe
1195 841 1251 870 aut
1276 839 1510 870 contentiones
1536 839 1628 870 fiunt.
1665 837 1750 871 Cum
1788 839 1901 879 itaque
1938 839 2142 871 venerabilis

323 905 481 944 magister
517 903 694 934 Nicolinus
720 902 761 933 de
787 900 954 933 Cremona
980 900 1030 941 (2)
1063 903 1233 942 tamquam
1261 901 1289 933 is
1315 902 1370 942 qui
1410 902 1495 942 paci,
1534 901 1647 932 unioni
1674 903 1705 933 et
1730 902 1948 942 tranquilitati
1976 902 2142 942 provintie

322 966 518 1006 supradicte
544 965 622 996 totis
648 964 826 996 affectibus
853 964 1012 1001 intendat,
1039 973 1104 994 non
1132 963 1288 1004 potuerit,
1315 966 1452 1004 propter
1477 963 1599 995 multas
1637 964 1854 996 rationabiles
1882 972 2016 1002 causas,
2054 972 2140 1004 quas

324 1029 422 1060 nobis
448 1027 663 1068 significavit,
690 1024 884 1066 Capitulum
912 1025 1113 1066 provintiale
1139 1026 1320 1061 celebrare,
1347 1034 1553 1066 quamquam
1581 1034 1643 1057 nos
1669 1034 1791 1057 causas
1810 1026 2003 1057 huiusmodi
2023 1034 2144 1067 accepâ€”

323 1092 432 1122 tantes
457 1099 531 1121 eum
557 1089 754 1120 confirmare
781 1088 1042 1126 intenderemus,
1070 1088 1142 1128 ipse
1168 1090 1278 1119 tamen
1306 1090 1427 1128 sponte
1453 1090 1484 1119 et
1511 1087 1623 1126 libere,
1649 1097 1710 1128 pro
1729 1088 1818 1119 bono
1843 1088 1939 1129 pacis
1957 1088 2048 1119 illius
2066 1096 2143 1128 pro-

324 1153 438 1189 vintie,
463 1152 611 1183 officium
646 1151 914 1192 provincialatus
941 1151 972 1181 in
999 1150 1156 1182 manibus
1194 1150 1318 1182 nostris
1344 1159 1402 1190 per
1427 1159 1508 1182 suas
1545 1150 1657 1182 literas
1695 1150 1908 1188 renuntiavit,
1946 1150 2144 1191 rogavitque

323 1215 468 1252 absolvi,
494 1216 550 1246 aut
575 1214 688 1246 alium,
715 1214 767 1245 cui
795 1214 888 1244 iuxta
914 1213 1066 1244 ordinem
1093 1213 1252 1253 superius
1278 1221 1480 1253 expressum
1507 1213 1683 1244 sucessive
1702 1213 1874 1251 incumbit,
1900 1213 2039 1244 institui.
2067 1212 2145 1245 ideo

324 1280 437 1309 tenore
456 1276 662 1317 presentium
689 1276 812 1307 dictam
840 1275 1025 1307 renuntiam
1053 1275 1208 1315 Magistri
1235 1274 1380 1306 Nicolini
1401 1275 1464 1306 iam
1483 1275 1562 1306 dicti
1582 1277 1810 1315 acceptamus,
1825 1275 2043 1306 absolventes
2058 1283 2145 1313 eum,

324 1340 365 1371 ad
385 1340 436 1370 sui
464 1339 665 1379 peticionem
693 1340 724 1369 et
750 1338 952 1373 instantiam,
980 1337 1022 1368 ab
1049 1337 1242 1369 huiusmodi
1269 1337 1384 1368 officio
1399 1336 1676 1377 provincialatus.
1696 1336 1734 1368 Et
1753 1346 1792 1368 ne
1811 1337 1962 1377 predicta
1977 1337 2146 1377 provintia

327 1403 424 1434 sistat
449 1400 625 1441 acephala,
651 1402 681 1432 te
707 1400 908 1441 Magistrum
936 1399 1108 1431 Albertum
1143 1399 1206 1430 iam
1240 1399 1378 1437 dictum,
1405 1399 1446 1430 de
1472 1399 1569 1430 cuius
1607 1398 1785 1439 prudentia
1810 1401 1841 1430 et
1866 1399 2069 1430 discretione
2106 1407 2145 1430 ac

325 1464 539 1496 solicitudine
565 1464 653 1495 circa
679 1463 955 1503 gubernationem
994 1462 1091 1502 plene
1128 1461 1332 1493 confidimus
1357 1470 1396 1493 ac
1422 1461 1521 1492 etiam
1547 1469 1590 1492 ex
1616 1461 1732 1492 ordine
1769 1461 1944 1501 sepedicto
1986 1460 2147 1492 incumbit

327 1526 538 1563 successivo,
565 1525 683 1557 eodem
710 1527 824 1556 tenore
851 1524 995 1556 facimus
1020 1526 1051 1556 et
1078 1524 1284 1555 instituimus
1310 1523 1459 1555 Priorem
1486 1523 1733 1564 provintiallem
1761 1523 1928 1564 provintie
1954 1524 2059 1555 sancti
2079 1522 2148 1554 Au-

326 1589 402 1620 stini
431 1589 494 1619 iam
521 1588 619 1624 dicte,
646 1587 766 1618 dantes
791 1587 850 1618 tibi
877 1587 1109 1618 auctoritatem
1129 1586 1276 1627 regendi,
1295 1586 1505 1627 gubernandi
1524 1587 1556 1617 et
1573 1585 1831 1617 administrandi
1851 1586 1882 1617 in
1901 1585 2147 1626 temporalibus

327 1653 357 1682 et
386 1650 620 1690 spiritualibus
647 1652 806 1690 quantam
833 1649 931 1680 ceteri
958 1648 1178 1689 provintiales
1204 1648 1292 1680 dicte
1319 1648 1485 1689 provintie
1511 1648 1634 1679 habere
1660 1650 1919 1679 consueverunt.
1947 1647 1980 1679 ln
2014 1648 2147 1680 nomine

327 1712 437 1744 Patris
463 1715 493 1744 et
521 1712 592 1743 Filii
620 1714 650 1743 et
676 1710 822 1752 Spiritus
848 1710 972 1743 Sancti.
1000 1710 1043 1743 Ut
1068 1713 1179 1742 autem
1206 1711 1329 1742 dictam
1356 1711 1558 1751 provintiam
1587 1710 1707 1742 melius
1745 1710 1914 1751 gubernes
1940 1719 2008 1751 quo
2045 1709 2148 1742 fueris

327 1775 482 1816 pluribus
509 1774 625 1815 gratiis
652 1774 873 1814 premunitus,
900 1773 940 1804 de
960 1773 1078 1804 eodem
1097 1775 1212 1804 tenore
1231 1773 1289 1804 tibi
1310 1772 1542 1813 infrascriptas
1559 1773 1685 1814 gratias
1704 1773 1894 1813 singulares
1913 1772 2147 1804 concedimus:

417 1837 541 1873 Primo,
568 1839 602 1868 ut
628 1836 813 1877 quemlibet
838 1836 896 1867 tibi
933 1836 1105 1867 subditum
1143 1835 1276 1867 fratrem
1315 1836 1443 1876 septies
1480 1844 1498 1867 a
1535 1835 1701 1867 sententia
1727 1835 2052 1866 excomunicationis
2079 1835 2151 1867 sive

328 1900 506 1931 sententiis
532 1899 710 1930 absolvere
737 1898 862 1938 possis,
888 1907 926 1929 ac
953 1907 1028 1929 cum
1055 1898 1174 1929 eodem
1201 1898 1324 1929 totiens
1350 1898 1570 1938 dispenssare
1597 1906 1702 1938 super
1727 1897 1856 1929 macula
1883 1897 2149 1938 irregularitatis,

328 1963 422 1993 iuxta
449 1962 549 1993 nobis
575 1961 617 1992 ab
643 1960 841 2001 Apostolica
868 1959 954 1992 Sede
982 1960 1158 1991 indultum.

423 2024 500 2056 Item
528 2024 618 2065 quod
645 2026 774 2064 septem
802 2024 904 2054 nostri
921 2022 1059 2055 Ordinis
1085 2025 1116 2054 et
1141 2025 1196 2054 tue
1222 2022 1394 2054 Provintie
1420 2024 1606 2063 apostatas,
1621 2023 1648 2055 si
1664 2023 1723 2054 tibi
1739 2025 1952 2054 occurrerent
1977 2024 2008 2054 et
2027 2023 2067 2054 ad
2088 2021 2151 2054 Or-

330 2087 442 2118 dinem
470 2087 577 2118 redire
604 2086 782 2122 voluerint,
809 2094 1021 2126 quorumque
1047 2085 1272 2125 receptionem
1299 2085 1340 2116 ad
1368 2094 1430 2117 nos
1456 2086 1659 2126 cognoveris
1696 2085 1873 2126 pertinere,
1899 2085 1997 2116 etiam
2017 2085 2043 2116 si
2065 2084 2148 2117 ultra

330 2159 455 2181 annum
482 2151 576 2180 extra
603 2147 763 2180 Ordinem
791 2150 965 2185 steterunt,
991 2147 1086 2179 salva
1112 2150 1223 2179 tamen
1250 2147 1441 2188 disciplina,
1467 2148 1616 2188 recipere
1650 2148 1764 2188 possis
1790 2150 1821 2179 et
1848 2148 1943 2188 ipsos
1972 2147 2151 2179 absolvere

329 2220 347 2242 a
373 2211 539 2243 sententia
565 2213 595 2242 et
621 2210 798 2242 sententiis
825 2210 1155 2241 excomunicationis
1181 2212 1212 2241 et
1238 2219 1312 2241 curn
1340 2210 1424 2250 ipsis
1451 2210 1651 2250 dispensare
1689 2218 1791 2250 super
1830 2209 1961 2241 macula
1995 2209 2154 2250 irregula-

331 2274 436 2305 ritatis
463 2274 489 2304 si
518 2274 733 2311 incurrerent,
760 2275 860 2313 atque
887 2274 952 2303 tam
980 2273 1064 2313 ipsis
1090 2281 1191 2312 quam
1218 2272 1492 2313 quibuscumque
1518 2272 1593 2303 aliis
1612 2271 1856 2303 Fratribustibi
1872 2271 2018 2303 subditis
2037 2271 2153 2312 possis

331 2345 437 2376 penas
464 2338 590 2367 mutare
617 2336 647 2366 in
675 2335 834 2372 mitiores,
860 2344 898 2366 ac
924 2335 1055 2366 tociens
1081 2335 1239 2375 quotiens
1264 2337 1319 2366 tue
1345 2335 1539 2366 discretioni
1566 2335 1675 2365 visum
1702 2333 1800 2365 fuerit
1825 2334 1988 2365 breviare.

422 2396 590 2435 Quoniam
617 2400 727 2429 autem
754 2397 938 2437 aliquando
964 2399 1102 2437 propter
1126 2397 1259 2437 aliquas
1285 2398 1443 2437 urgentes
1469 2404 1592 2428 causas
1618 2405 1705 2436 opus
1731 2397 1782 2427 est
1807 2396 1979 2436 aliquibus
2008 2404 2156 2427 conven-

329 2460 421 2491 tibus
447 2460 559 2500 aliqua
587 2460 675 2491 bona
702 2460 743 2491 dc
771 2460 1002 2490 immobilibus
1028 2460 1186 2497 vendere,
1213 2459 1290 2491 ideo
1315 2459 1374 2491 tibi
1401 2459 1622 2490 concedimus
1649 2458 1738 2498 quod
1774 2459 1889 2498 possis
1919 2456 2154 2490 Conventibus

337 2643 408 2663 Roma
425 2648 464 2669 per
480 2643 500 2663 la
516 2642 640 2667 conferma,
658 2643 724 2663 trovsi
740 2643 780 2663 elie
797 2643 809 2663 Î¹á¼¸
828 2642 889 2668 lâ€™apa
907 2643 1008 2667 Euat-nio
1025 2643 1052 2663 Î
1076 2648 1116 2668 per
1131 2643 1144 2663 il
1161 2643 1218 2663 benc

337 2687 477 2708 dull'Ordinc
494 2687 515 2707 lo
531 2687 611 2707 volt-va
628 2693 763 2707 successore
779 2688 799 2707 al
816 2687 893 2707 Iâ€˜riorc
910 2687 1020 2708 Geueralc
1036 2687 1094 2708 frate
1106 2688 1219 2713 Agostino

339 2732 458 2755 Favaroni,
476 2732 593 2751 nominato
609 2732 679 2751 all-Â»ra
697 2732 851 2751 Arcivcscmui
868 2732 888 2751 di
906 2731 1016 2755 ssarlctta,
1029 2732 1056 2752 cd
1068 2732 1110 2755 culi
1123 2732 1218 2752 dove-tte

337 2776 384 2800 cosi
397 2776 543 2796 sobbarcarsi
555 2775 673 2795 all'utticio
685 2776 705 2795 di
719 2776 808 2795 Vicario
824 2776 954 2801 apostolico
966 2776 1114 2799 â€¹icll'Ordinm
1132 2778 1219 2796 mentre

338 2820 359 2840 la
376 2820 467 2840 Dincesi
485 2820 505 2839 di
523 2819 610 2840 Ces-ena
628 2825 707 2839 verum
725 2819 760 2839 dal
779 2819 895 2839 lâ€˜onteiicc
912 2819 965 2839 datu
982 2820 1002 2839 in
1019 2820 1154 2839 commenda
1174 2820 1218 2840 allo

338 2867 416 2884 stesso
432 2863 489 2883 frate
506 2863 618 2887 Agusium
635 2863 754 2887 lfavamni,
772 2863 885 2884 'lljnelimh
903 2863 939 2885 x'l,
955 2863 1000 2883 Â³321,
1028 2864 1093 2884 Frate
1117 2863 1219 2884 Gcrardo

339 2908 361 2928 iu
379 2908 415 2933 poi
432 2908 504 2928 eletto
521 2907 598 2927 Priore
615 2907 726 2927 iit-neran-
742 2907 776 2927 Î¹Î¹Î¹-1
793 2907 900 2932 Capitoli)
923 2908 1060 2928 celebratosi
1077 2914 1088 2928 a
1108 2908 1219 2928 Mamm-a

339 2952 352 2972 il
371 2952 428 2977 143â´,
445 2958 456 2972 c
473 2951 495 2972 fu
512 2951 655 2972 confermato
671 2952 691 2971 in
708 2951 785 2976 quello
801 2951 822 2971 di
841 2951 936 2977 l'crugia
953 2952 966 2971 ll
985 2952 1041 2973 1439.

392 2996 422 3020 (1)
438 2995 525 3021 Questa
542 2996 708 3021 dispositione,
724 2995 852 3016 introdotta
869 2996 927 3016 nella
951 2996 1069 3017 Provincia
1086 2996 1106 3017 di
1123 2996 1145 3017 S.
1162 2997 1222 3022 Ago-

340 3041 409 3065 stino,
426 3046 439 3060 o
455 3040 583 3064 lombarda,
599 3039 758 3065 sull'csempio
775 3039 795 3059 di
812 3040 893 3060 alcunc
908 3040 966 3060 altre
983 3039 1102 3061 Provincia:
1118 3041 1220 3066 â€¹l'ltaliaâ€š

340 3085 351 3105 á½²
368 3085 440 3110 degna
457 3085 478 3104 di
495 3086 549 3105 nota
566 3090 605 3110 per
621 3085 641 3105 la
657 3084 729 3105 storia
745 3084 780 3105 dcl
797 3084 940 3109 rcggirucnto
956 3084 1111 3106 dell'Ordine.

1326 2642 1357 2666 (2)
1373 2642 1439 2663 Frate
1455 2641 1558 2662 Nicolino
1574 2641 1602 2661 da
1618 2640 1731 2662 Cremona
1753 2644 1897 2667 appartcnne
1918 2641 1962 2661 alla
1985 2640 2107 2662 Comunita
2130 2640 2151 2661 di

1275 2686 1296 2707 S.
1315 2686 1392 2707 Pietro
1407 2687 1428 2706 in
1444 2686 1491 2707 Cicl
1508 2686 1573 2706 d'oro
1589 2686 1624 2706 ncl
1642 2686 1692 2706 1398
1706 2685 1766 2708 (doc,
1783 2691 1804 2706 n.
1817 2685 1912 2711 cxxu),
1925 2685 1954 2706 La
1966 2686 2098 2711 riluttanza,
2109 2691 2152 2706 con

1273 2731 1308 2751 cui
1325 2731 1338 2751 il
1355 2730 1466 2751 â€¹Jeneraie
1490 2732 1580 2750 accettn
1596 2730 1616 2750 lc
1631 2736 1672 2750 sue
1695 2732 1823 2755 spontanee
1839 2735 1850 2750 e
1866 2730 1954 2750 sincere
1976 2730 2103 2750 dimissioni
2115 2729 2152 2750 dal

1275 2775 1452 2799 Prot-metarum,
1475 2780 1486 2795 e
1502 2774 1522 2794 la
1538 2774 1695 2800 disposizione
1712 2779 1751 2799 per
1767 2774 1802 2794 cui
1818 2774 1861 2798 egli
1877 2774 1889 2794 á½¸
1904 2774 2026 2799 designato
2048 2773 2101 2799 qual
2116 2773 2153 2794 Vi-

1274 2820 1336 2840 cario
1358 2819 1393 2840 del
1415 2818 1557 2839 Provincialc
1579 2818 1614 2839 nel
1637 2818 1758 2839 Convento
1780 2818 1801 2838 di
1819 2818 1940 2843 Cremona,
1965 2818 2109 2839 dimostrano
2131 2817 2152 2838 in

1275 2864 1343 2889 quale
1365 2864 1432 2883 stima
1456 2863 1498 2888 egli
1521 2862 1583 2883 fosse
1599 2864 1680 2883 tcuuto
1696 2862 1731 2883 dai
1748 2862 1873 2888 Superiori.
1891 2862 1938 2884 Con
1964 2864 2024 2883 tutta
2047 2862 2154 2888 probabi-

1275 2907 1314 2928 lita
1337 2908 1379 2933 egli
1396 2907 1407 2927 e
1423 2907 1476 2932 quel
1499 2907 1614 2931 magister
1635 2906 1747 2927 Nicotaus
1763 2907 1791 2927 diÎ‡
1808 2906 1930 2929 Cremona.
1947 2907 1988 2927 clio
2004 2906 2040 2927 dal
2061 2906 2111 2927 1426
2131 2906 2152 2927 al

1277 2952 1327 2973 1430
1341 2951 1363 2972 fu
1380 2952 1437 2972 nella
1456 2951 1586 2973 Universita
1603 2951 1623 2971 di
1641 2951 1710 2971 Pavia
1726 2951 1839 2976 deputato
1855 2951 1886 2972 ud
1900 2951 2014 2972 lecturam
2035 2951 2116 2977 loycae
2131 2952 2153 2972 ef

1274 2997 1440 3023 philosophiae
1462 2996 1568 3017 moralis.
1593 2996 1640 3021 Egli
1656 2995 1678 3016 fu
1694 2996 1766 3017 anche
1782 2996 1887 3017 inscritto
1903 2996 1937 3016 nel
1956 2995 2059 3021 Collegio
2082 2995 2155 3016 teolo-

1277 3042 1328 3067 gico
1343 3041 1513 3061 universitario.
1537 3040 1592 3061 Vcdi
1616 3040 1744 3066 ROBOLlNl,
1769 3040 1872 3066 Nofizie,
1888 3040 1932 3061 vol.
1949 3040 1975 3066 V,
1992 3042 2051 3066 part.
2069 3039 2094 3065 ll,
2116 3045 2155 3066 pa-

1275 3085 1326 3111 gina
1345 3085 1380 3106 134
1395 3090 1407 3105 e
1423 3085 1467 3105 222.
