<?xml version="1.0" encoding="UTF-8"?>
<!DOCTYPE html PUBLIC "-//W3C//DTD XHTML 1.0 Transitional//EN"
    "http://www.w3.org/TR/xhtml1/DTD/xhtml1-transitional.dtd">
<html xmlns="http://www.w3.org/1999/xhtml" xml:lang="en" lang="en">
 <head>
  <title>
</title>
<meta http-equiv="Content-Type" content="text/html;charset=utf-8" />
  <meta name='ocr-system' content='tesseract 3.04.00' />
  <meta name='ocr-capabilities' content='ocr_page ocr_carea ocr_par ocr_line ocrx_word'/>
</head>
<body>
  <div class='ocr_page' id='page_1' title='image "./codexdiplomaticu02maiouoft_0320.png"; bbox 0 0 2347 3444; ppageno 0'>
   <div class='ocr_carea' id='block_1_1' title="bbox 325 208 389 240">
    <p class='ocr_par' dir='ltr' id='par_1_1' title="bbox 325 208 389 240">
     <span class='ocr_line' id='line_1_1' title="bbox 325 208 389 240; baseline 0.016 -1"><span class='ocrx_word' id='word_1_1' title='bbox 325 208 389 240; x_wconf 84' lang='lat'>266</span> 
     </span>
    </p>
   </div>
   <div class='ocr_carea' id='block_1_2' title="bbox 323 340 2188 2123">
    <p class='ocr_par' dir='ltr' id='par_1_2' title="bbox 323 340 2188 2123">
     <span class='ocr_line' id='line_1_2' title="bbox 323 340 2138 382; baseline 0.001 -10"><span class='ocrx_word' id='word_1_2' title='bbox 323 341 463 372; x_wconf 88' lang='lat' dir='ltr'>tendunt</span> <span class='ocrx_word' id='word_1_3' title='bbox 489 341 665 373; x_wconf 83' lang='lat' dir='ltr'>visibiliter</span> <span class='ocrx_word' id='word_1_4' title='bbox 689 342 731 373; x_wconf 92' lang='lat' dir='ltr'>ad</span> <span class='ocrx_word' id='word_1_5' title='bbox 759 350 823 373; x_wconf 90' lang='lat' dir='ltr'>non</span> <span class='ocrx_word' id='word_1_6' title='bbox 849 350 935 377; x_wconf 81' lang='lat' dir='ltr'>esse,</span> <span class='ocrx_word' id='word_1_7' title='bbox 961 344 993 372; x_wconf 88' lang='lat' dir='ltr'>tu</span> <span class='ocrx_word' id='word_1_8' title='bbox 1022 342 1082 372; x_wconf 90' lang='lat' dir='ltr'>hac</span> <span class='ocrx_word' id='word_1_9' title='bbox 1108 340 1232 372; x_wconf 80' lang='lat' dir='ltr'>salubri</span> <span class='ocrx_word' id='word_1_10' title='bbox 1260 340 1474 371; x_wconf 81' lang='lat' dir='ltr'>meditatione</span> <span class='ocrx_word' id='word_1_11' title='bbox 1501 340 1713 380; x_wconf 89' lang='lat' dir='ltr'>precogitans</span> <span class='ocrx_word' id='word_1_12' title='bbox 1742 340 1828 371; x_wconf 93' lang='lat' dir='ltr'>diem</span> <span class='ocrx_word' id='word_1_13' title='bbox 1866 342 1920 372; x_wconf 91' lang='lat' dir='ltr'>tue</span> <span class='ocrx_word' id='word_1_14' title='bbox 1949 341 2138 382; x_wconf 90' lang='lat' dir='ltr'>peregrina-</span> 
     </span>
     <span class='ocr_line' id='line_1_3' title="bbox 324 401 2139 444; baseline -0.001 -10"><span class='ocrx_word' id='word_1_15' title='bbox 324 403 425 434; x_wconf 84' lang='lat' dir='ltr'>tionis</span> <span class='ocrx_word' id='word_1_16' title='bbox 450 406 645 440; x_wconf 81' lang='lat' dir='ltr'>extremum,</span> <span class='ocrx_word' id='word_1_17' title='bbox 672 404 895 444; x_wconf 84' lang='lat' dir='ltr'>dispositione</span> <span class='ocrx_word' id='word_1_18' title='bbox 921 411 1076 443; x_wconf 91' lang='lat' dir='ltr'>suprema</span> <span class='ocrx_word' id='word_1_19' title='bbox 1103 402 1276 433; x_wconf 83' lang='lat' dir='ltr'>desideras</span> <span class='ocrx_word' id='word_1_20' title='bbox 1302 401 1486 441; x_wconf 86' lang='lat' dir='ltr'>prevenire,</span> <span class='ocrx_word' id='word_1_21' title='bbox 1512 409 1574 432; x_wconf 91' lang='lat' dir='ltr'>nos</span> <span class='ocrx_word' id='word_1_22' title='bbox 1589 401 1654 432; x_wconf 88' lang='lat' dir='ltr'>tuis</span> <span class='ocrx_word' id='word_1_23' title='bbox 1674 402 1704 432; x_wconf 95' lang='lat' dir='ltr'>in</span> <span class='ocrx_word' id='word_1_24' title='bbox 1724 402 1784 432; x_wconf 90' lang='lat' dir='ltr'>hac</span> <span class='ocrx_word' id='word_1_25' title='bbox 1803 404 1895 442; x_wconf 90' lang='lat' dir='ltr'>parte</span> <span class='ocrx_word' id='word_1_26' title='bbox 1920 402 2139 443; x_wconf 90' lang='lat' dir='ltr'>supplicatio-</span> 
     </span>
     <span class='ocr_line' id='line_1_4' title="bbox 323 461 2135 505; baseline -0.001 -9"><span class='ocrx_word' id='word_1_27' title='bbox 323 465 422 496; x_wconf 84' lang='lat' dir='ltr'>nibus</span> <span class='ocrx_word' id='word_1_28' title='bbox 460 465 616 502; x_wconf 85' lang='lat' dir='ltr'>inclinati,</span> <span class='ocrx_word' id='word_1_29' title='bbox 643 465 712 502; x_wconf 84' lang='lat' dir='ltr'>tibi,</span> <span class='ocrx_word' id='word_1_30' title='bbox 739 466 794 505; x_wconf 83' lang='lat' dir='ltr'>qui</span> <span class='ocrx_word' id='word_1_31' title='bbox 823 466 853 496; x_wconf 96' lang='lat' dir='ltr'>in</span> <span class='ocrx_word' id='word_1_32' title='bbox 880 465 1008 496; x_wconf 89' lang='lat' dir='ltr'>artibus</span> <span class='ocrx_word' id='word_1_33' title='bbox 1033 467 1062 495; x_wconf 81' lang='lat' dir='ltr'>et</span> <span class='ocrx_word' id='word_1_34' title='bbox 1089 463 1258 503; x_wconf 69' lang='lat' dir='ltr'>theologia</span> <span class='ocrx_word' id='word_1_35' title='bbox 1298 463 1455 503; x_wconf 86' lang='lat' dir='ltr'>magister</span> <span class='ocrx_word' id='word_1_36' title='bbox 1488 465 1518 493; x_wconf 86' lang='lat' dir='ltr'>et</span> <span class='ocrx_word' id='word_1_37' title='bbox 1551 461 1690 494; x_wconf 82' lang='lat' dir='ltr'>Ordinis</span> <span class='ocrx_word' id='word_1_38' title='bbox 1723 462 1858 494; x_wconf 79' lang='lat' dir='ltr'>fratrum</span> <span class='ocrx_word' id='word_1_39' title='bbox 1895 463 2135 495; x_wconf 83' lang='lat' dir='ltr'>Heremitarum</span> 
     </span>
     <span class='ocr_line' id='line_1_5' title="bbox 323 523 2138 568; baseline -0.001 -10"><span class='ocrx_word' id='word_1_40' title='bbox 323 527 427 558; x_wconf 83' lang='lat' dir='ltr'>sancti</span> <span class='ocrx_word' id='word_1_41' title='bbox 455 526 631 568; x_wconf 83' lang='lat' dir='ltr'>Augustini</span> <span class='ocrx_word' id='word_1_42' title='bbox 660 526 831 567; x_wconf 79' lang='lat' dir='ltr'>professor</span> <span class='ocrx_word' id='word_1_43' title='bbox 856 527 1041 563; x_wconf 84' lang='lat' dir='ltr'>exhistens,</span> <span class='ocrx_word' id='word_1_44' title='bbox 1068 526 1156 556; x_wconf 90' lang='lat' dir='ltr'>dicto</span> <span class='ocrx_word' id='word_1_45' title='bbox 1184 525 1388 555; x_wconf 84' lang='lat' dir='ltr'>monasterio</span> <span class='ocrx_word' id='word_1_46' title='bbox 1415 523 1582 564; x_wconf 83' lang='lat' dir='ltr'>prefectus</span> <span class='ocrx_word' id='word_1_47' title='bbox 1608 525 1638 555; x_wconf 90' lang='lat' dir='ltr'>in</span> <span class='ocrx_word' id='word_1_48' title='bbox 1665 524 1820 556; x_wconf 82' lang='lat' dir='ltr'>abbatem</span> <span class='ocrx_word' id='word_1_49' title='bbox 1847 525 2138 566; x_wconf 84' lang='lat' dir='ltr'>extitisti,quique</span> 
     </span>
     <span class='ocr_line' id='line_1_6' title="bbox 326 586 2135 628; baseline -0.001 -8"><span class='ocrx_word' id='word_1_50' title='bbox 326 590 356 620; x_wconf 92' lang='lat' dir='ltr'>in</span> <span class='ocrx_word' id='word_1_51' title='bbox 377 589 546 620; x_wconf 84' lang='lat' dir='ltr'>nonnuliis</span> <span class='ocrx_word' id='word_1_52' title='bbox 572 589 846 620; x_wconf 82' lang='lat' dir='ltr'>universitatibus</span> <span class='ocrx_word' id='word_1_53' title='bbox 872 588 1057 619; x_wconf 89' lang='lat' dir='ltr'>studiorum</span> <span class='ocrx_word' id='word_1_54' title='bbox 1084 586 1286 627; x_wconf 79' lang='lat' dir='ltr'>generalium</span> <span class='ocrx_word' id='word_1_55' title='bbox 1305 586 1496 617; x_wconf 81' lang='lat' dir='ltr'>cathedram</span> <span class='ocrx_word' id='word_1_56' title='bbox 1513 587 1543 617; x_wconf 90' lang='lat' dir='ltr'>in</span> <span class='ocrx_word' id='word_1_57' title='bbox 1561 586 1666 627; x_wconf 86' lang='lat' dir='ltr'>loyca,</span> <span class='ocrx_word' id='word_1_58' title='bbox 1683 587 1900 627; x_wconf 84' lang='lat' dir='ltr'>philosophia</span> <span class='ocrx_word' id='word_1_59' title='bbox 1918 590 1949 618; x_wconf 90' lang='lat' dir='ltr'>et</span> <span class='ocrx_word' id='word_1_60' title='bbox 1967 587 2135 628; x_wconf 78' lang='lat' dir='ltr'>theologia</span> 
     </span>
     <span class='ocr_line' id='line_1_7' title="bbox 324 647 2139 692; baseline -0.001 -10"><span class='ocrx_word' id='word_1_61' title='bbox 324 651 531 692; x_wconf 82' lang='lat' dir='ltr'>aliquamdiu</span> <span class='ocrx_word' id='word_1_62' title='bbox 557 652 682 687; x_wconf 81' lang='lat' dir='ltr'>rexisti,</span> <span class='ocrx_word' id='word_1_63' title='bbox 700 655 730 682; x_wconf 91' lang='lat' dir='ltr'>et</span> <span class='ocrx_word' id='word_1_64' title='bbox 749 651 918 690; x_wconf 82' lang='lat' dir='ltr'>quondam</span> <span class='ocrx_word' id='word_1_65' title='bbox 946 649 1067 680; x_wconf 88' lang='lat' dir='ltr'>dillecti</span> <span class='ocrx_word' id='word_1_66' title='bbox 1095 649 1150 679; x_wconf 91' lang='lat' dir='ltr'>filii</span> <span class='ocrx_word' id='word_1_67' title='bbox 1178 648 1301 680; x_wconf 89' lang='lat' dir='ltr'>nobilis</span> <span class='ocrx_word' id='word_1_68' title='bbox 1321 649 1380 679; x_wconf 93' lang='lat' dir='ltr'>viri</span> <span class='ocrx_word' id='word_1_69' title='bbox 1400 647 1524 680; x_wconf 85' lang='lat' dir='ltr'>Galeaz</span> <span class='ocrx_word' id='word_1_70' title='bbox 1542 648 1648 680; x_wconf 88' lang='lat' dir='ltr'>Marie</span> <span class='ocrx_word' id='word_1_71' title='bbox 1675 648 1779 680; x_wconf 91' lang='lat' dir='ltr'>Ducis</span> <span class='ocrx_word' id='word_1_72' title='bbox 1797 649 1981 680; x_wconf 87' lang='lat' dir='ltr'>Mediolani</span> <span class='ocrx_word' id='word_1_73' title='bbox 1999 650 2139 689; x_wconf 85' lang='lat' dir='ltr'>eiusque</span> 
     </span>
     <span class='ocr_line' id='line_1_8' title="bbox 325 710 2140 753; baseline -0.002 -8"><span class='ocrx_word' id='word_1_74' title='bbox 325 715 491 745; x_wconf 89' lang='lat' dir='ltr'>consortis</span> <span class='ocrx_word' id='word_1_75' title='bbox 516 713 710 753; x_wconf 84' lang='lat' dir='ltr'>capellanus</span> <span class='ocrx_word' id='word_1_76' title='bbox 737 713 838 746; x_wconf 79' lang='lat' dir='ltr'>fuisti.</span> <span class='ocrx_word' id='word_1_77' title='bbox 857 721 894 742; x_wconf 89' lang='lat' dir='ltr'>ac</span> <span class='ocrx_word' id='word_1_78' title='bbox 914 720 972 751; x_wconf 91' lang='lat' dir='ltr'>pro</span> <span class='ocrx_word' id='word_1_79' title='bbox 998 714 1128 742; x_wconf 92' lang='lat' dir='ltr'>tuorum</span> <span class='ocrx_word' id='word_1_80' title='bbox 1156 710 1421 741; x_wconf 88' lang='lat' dir='ltr'>remuneratione</span> <span class='ocrx_word' id='word_1_81' title='bbox 1448 710 1598 741; x_wconf 91' lang='lat' dir='ltr'>laborum</span> <span class='ocrx_word' id='word_1_82' title='bbox 1625 719 1712 750; x_wconf 82' lang='lat' dir='ltr'>quos</span> <span class='ocrx_word' id='word_1_83' title='bbox 1739 711 1914 751; x_wconf 88' lang='lat' dir='ltr'>pertulisti,</span> <span class='ocrx_word' id='word_1_84' title='bbox 1940 713 2026 742; x_wconf 91' lang='lat' dir='ltr'>certa</span> <span class='ocrx_word' id='word_1_85' title='bbox 2053 711 2140 742; x_wconf 89' lang='lat' dir='ltr'>bona</span> 
     </span>
     <span class='ocr_line' id='line_1_9' title="bbox 327 772 2139 814; baseline -0.002 -8"><span class='ocrx_word' id='word_1_86' title='bbox 327 776 462 807; x_wconf 90' lang='lat' dir='ltr'>mobilia</span> <span class='ocrx_word' id='word_1_87' title='bbox 488 779 518 807; x_wconf 89' lang='lat' dir='ltr'>et</span> <span class='ocrx_word' id='word_1_88' title='bbox 545 776 727 806; x_wconf 75' lang='lat' dir='ltr'>immobilia</span> <span class='ocrx_word' id='word_1_89' title='bbox 754 778 783 805; x_wconf 83' lang='lat' dir='ltr'>et</span> <span class='ocrx_word' id='word_1_90' title='bbox 811 774 1025 814; x_wconf 78' lang='lat' dir='ltr'>pecuniarum</span> <span class='ocrx_word' id='word_1_91' title='bbox 1053 780 1213 809; x_wconf 89' lang='lat' dir='ltr'>summas,</span> <span class='ocrx_word' id='word_1_92' title='bbox 1240 774 1347 812; x_wconf 87' lang='lat' dir='ltr'>preter</span> <span class='ocrx_word' id='word_1_93' title='bbox 1373 772 1523 803; x_wconf 88' lang='lat' dir='ltr'>redditus</span> <span class='ocrx_word' id='word_1_94' title='bbox 1549 772 1740 803; x_wconf 88' lang='lat' dir='ltr'>monasterii</span> <span class='ocrx_word' id='word_1_95' title='bbox 1780 772 1917 812; x_wconf 87' lang='lat' dir='ltr'>predicti</span> <span class='ocrx_word' id='word_1_96' title='bbox 1944 774 1974 803; x_wconf 89' lang='lat' dir='ltr'>et</span> <span class='ocrx_word' id='word_1_97' title='bbox 1999 772 2139 803; x_wconf 87' lang='lat' dir='ltr'>aliorum</span> 
     </span>
     <span class='ocr_line' id='line_1_10' title="bbox 327 834 2142 876; baseline -0.001 -8"><span class='ocrx_word' id='word_1_98' title='bbox 327 839 562 869; x_wconf 81' lang='lat' dir='ltr'>beneficiorum</span> <span class='ocrx_word' id='word_1_99' title='bbox 589 841 730 871; x_wconf 77' lang='lat' dir='ltr'>tuorum,</span> <span class='ocrx_word' id='word_1_100' title='bbox 756 836 959 876; x_wconf 72' lang='lat' dir='ltr'>aquisivisti,</span> <span class='ocrx_word' id='word_1_101' title='bbox 976 837 1008 865; x_wconf 94' lang='lat' dir='ltr'>ut</span> <span class='ocrx_word' id='word_1_102' title='bbox 1035 835 1075 865; x_wconf 92' lang='lat' dir='ltr'>de</span> <span class='ocrx_word' id='word_1_103' title='bbox 1102 834 1200 865; x_wconf 88' lang='lat' dir='ltr'>bonis</span> <span class='ocrx_word' id='word_1_104' title='bbox 1226 834 1267 864; x_wconf 93' lang='lat' dir='ltr'>ad</span> <span class='ocrx_word' id='word_1_105' title='bbox 1294 836 1324 865; x_wconf 89' lang='lat' dir='ltr'>te</span> <span class='ocrx_word' id='word_1_106' title='bbox 1351 834 1604 874; x_wconf 69' lang='lat' dir='ltr'>pertinentibusy</span> <span class='ocrx_word' id='word_1_107' title='bbox 1623 835 1720 865; x_wconf 87' lang='lat' dir='ltr'>etiam</span> <span class='ocrx_word' id='word_1_108' title='bbox 1741 835 1766 865; x_wconf 89' lang='lat' dir='ltr'>si</span> <span class='ocrx_word' id='word_1_109' title='bbox 1788 834 1842 865; x_wconf 88' lang='lat' dir='ltr'>illa</span> <span class='ocrx_word' id='word_1_110' title='bbox 1860 843 1901 865; x_wconf 90' lang='lat' dir='ltr'>ex</span> <span class='ocrx_word' id='word_1_111' title='bbox 1921 834 2142 874; x_wconf 88' lang='lat' dir='ltr'>proventibus</span> 
     </span>
     <span class='ocr_line' id='line_1_11' title="bbox 326 894 2139 931; baseline -0.002 0"><span class='ocrx_word' id='word_1_112' title='bbox 326 901 562 931; x_wconf 83' lang='lat' dir='ltr'>ecclesiasticis</span> <span class='ocrx_word' id='word_1_113' title='bbox 588 902 642 930; x_wconf 86' lang='lat' dir='ltr'>aut</span> <span class='ocrx_word' id='word_1_114' title='bbox 670 898 860 929; x_wconf 85' lang='lat' dir='ltr'>monasterii</span> <span class='ocrx_word' id='word_1_115' title='bbox 899 900 1089 928; x_wconf 89' lang='lat' dir='ltr'>sanctorum</span> <span class='ocrx_word' id='word_1_116' title='bbox 1127 895 1282 928; x_wconf 87' lang='lat' dir='ltr'>Gervasii</span> <span class='ocrx_word' id='word_1_117' title='bbox 1320 898 1351 926; x_wconf 91' lang='lat' dir='ltr'>et</span> <span class='ocrx_word' id='word_1_118' title='bbox 1388 894 1536 926; x_wconf 81' lang='lat' dir='ltr'>Protaxii</span> <span class='ocrx_word' id='word_1_119' title='bbox 1563 896 1604 926; x_wconf 92' lang='lat' dir='ltr'>de</span> <span class='ocrx_word' id='word_1_120' title='bbox 1631 896 1838 927; x_wconf 87' lang='lat' dir='ltr'>Montebello</span> <span class='ocrx_word' id='word_1_121' title='bbox 1872 895 2010 927; x_wconf 89' lang='lat' dir='ltr'>Ordinis</span> <span class='ocrx_word' id='word_1_122' title='bbox 2035 896 2139 927; x_wconf 88' lang='lat' dir='ltr'>sancti</span> 
     </span>
     <span class='ocr_line' id='line_1_12' title="bbox 327 958 2141 1001; baseline -0.002 -8"><span class='ocrx_word' id='word_1_123' title='bbox 327 962 494 993; x_wconf 74' lang='lat' dir='ltr'>Benedicti</span> <span class='ocrx_word' id='word_1_124' title='bbox 524 962 710 1001; x_wconf 63' lang='lat' dir='ltr'>plasezitiiie</span> <span class='ocrx_word' id='word_1_125' title='bbox 737 960 894 993; x_wconf 82' lang='lat' dir='ltr'>diocesis.</span> <span class='ocrx_word' id='word_1_126' title='bbox 919 960 970 990; x_wconf 90' lang='lat' dir='ltr'>cui</span> <span class='ocrx_word' id='word_1_127' title='bbox 999 967 1133 999; x_wconf 82' lang='lat' dir='ltr'>preesse</span> <span class='ocrx_word' id='word_1_128' title='bbox 1160 958 1380 998; x_wconf 75' lang='lat' dir='ltr'>dignosceris,</span> <span class='ocrx_word' id='word_1_129' title='bbox 1406 960 1462 988; x_wconf 89' lang='lat' dir='ltr'>aut</span> <span class='ocrx_word' id='word_1_130' title='bbox 1487 958 1582 995; x_wconf 86' lang='lat' dir='ltr'>alias,</span> <span class='ocrx_word' id='word_1_131' title='bbox 1609 966 1751 998; x_wconf 87' lang='lat' dir='ltr'>persone</span> <span class='ocrx_word' id='word_1_132' title='bbox 1777 960 1830 989; x_wconf 88' lang='lat' dir='ltr'>tue</span> <span class='ocrx_word' id='word_1_133' title='bbox 1848 958 2141 998; x_wconf 84' lang='lat' dir='ltr'>contemplatione,</span> 
     </span>
     <span class='ocr_line' id='line_1_13' title="bbox 326 1019 2141 1064; baseline -0.002 -9"><span class='ocrx_word' id='word_1_134' title='bbox 326 1025 367 1055; x_wconf 91' lang='lat' dir='ltr'>ad</span> <span class='ocrx_word' id='word_1_135' title='bbox 395 1029 423 1055; x_wconf 86' lang='lat' dir='ltr'>te</span> <span class='ocrx_word' id='word_1_136' title='bbox 451 1026 670 1064; x_wconf 82' lang='lat' dir='ltr'>pervenerunt</span> <span class='ocrx_word' id='word_1_137' title='bbox 696 1026 726 1054; x_wconf 91' lang='lat' dir='ltr'>et</span> <span class='ocrx_word' id='word_1_138' title='bbox 753 1022 947 1063; x_wconf 83' lang='lat' dir='ltr'>pervenient</span> <span class='ocrx_word' id='word_1_139' title='bbox 973 1022 1003 1052; x_wconf 88' lang='lat' dir='ltr'>in</span> <span class='ocrx_word' id='word_1_140' title='bbox 1042 1020 1186 1052; x_wconf 91' lang='lat' dir='ltr'>futurum</span> <span class='ocrx_word' id='word_1_141' title='bbox 1226 1029 1333 1060; x_wconf 86' lang='lat' dir='ltr'>usque</span> <span class='ocrx_word' id='word_1_142' title='bbox 1370 1019 1411 1050; x_wconf 91' lang='lat' dir='ltr'>ad</span> <span class='ocrx_word' id='word_1_143' title='bbox 1449 1028 1612 1051; x_wconf 89' lang='lat' dir='ltr'>summam</span> <span class='ocrx_word' id='word_1_144' title='bbox 1644 1020 1732 1051; x_wconf 91' lang='lat' dir='ltr'>mille</span> <span class='ocrx_word' id='word_1_145' title='bbox 1768 1020 1969 1051; x_wconf 78' lang='lat' dir='ltr'>florenorum</span> <span class='ocrx_word' id='word_1_146' title='bbox 2003 1021 2072 1051; x_wconf 89' lang='lat' dir='ltr'>auri</span> <span class='ocrx_word' id='word_1_147' title='bbox 2100 1020 2141 1051; x_wconf 91' lang='lat' dir='ltr'>de</span> 
     </span>
     <span class='ocr_line' id='line_1_14' title="bbox 327 1082 2143 1123; baseline -0.002 -6"><span class='ocrx_word' id='word_1_148' title='bbox 327 1095 455 1117; x_wconf 82' lang='lat' dir='ltr'>camera</span> <span class='ocrx_word' id='word_1_149' title='bbox 481 1095 518 1116; x_wconf 87' lang='lat' dir='ltr'>ac</span> <span class='ocrx_word' id='word_1_150' title='bbox 545 1086 584 1116; x_wconf 78' lang='lat' dir='ltr'>de</span> <span class='ocrx_word' id='word_1_151' title='bbox 611 1085 709 1115; x_wconf 91' lang='lat' dir='ltr'>bonis</span> <span class='ocrx_word' id='word_1_152' title='bbox 736 1084 919 1115; x_wconf 82' lang='lat' dir='ltr'>mobilibus</span> <span class='ocrx_word' id='word_1_153' title='bbox 945 1083 1109 1114; x_wconf 88' lang='lat' dir='ltr'>ressiduis</span> <span class='ocrx_word' id='word_1_154' title='bbox 1135 1092 1192 1123; x_wconf 89' lang='lat' dir='ltr'>per</span> <span class='ocrx_word' id='word_1_155' title='bbox 1217 1084 1246 1113; x_wconf 91' lang='lat' dir='ltr'>te</span> <span class='ocrx_word' id='word_1_156' title='bbox 1274 1082 1350 1113; x_wconf 92' lang='lat' dir='ltr'>liciti</span> <span class='ocrx_word' id='word_1_157' title='bbox 1377 1083 1553 1122; x_wconf 83' lang='lat' dir='ltr'>acquisitis</span> <span class='ocrx_word' id='word_1_158' title='bbox 1579 1091 1643 1122; x_wconf 84' lang='lat' dir='ltr'>que</span> <span class='ocrx_word' id='word_1_159' title='bbox 1661 1082 1775 1114; x_wconf 89' lang='lat' dir='ltr'>altaris</span> <span class='ocrx_word' id='word_1_160' title='bbox 1794 1082 1844 1113; x_wconf 90' lang='lat' dir='ltr'>vel</span> <span class='ocrx_word' id='word_1_161' title='bbox 1864 1082 2015 1113; x_wconf 90' lang='lat' dir='ltr'>altarium</span> <span class='ocrx_word' id='word_1_162' title='bbox 2035 1083 2143 1122; x_wconf 90' lang='lat' dir='ltr'>ipsius</span> 
     </span>
     <span class='ocr_line' id='line_1_15' title="bbox 328 1144 2141 1186; baseline -0.002 -7"><span class='ocrx_word' id='word_1_163' title='bbox 328 1149 518 1179; x_wconf 77' lang='lat' dir='ltr'>{nonasterii</span> <span class='ocrx_word' id='word_1_164' title='bbox 546 1147 729 1178; x_wconf 83' lang='lat' dir='ltr'>ministerio</span> <span class='ocrx_word' id='word_1_165' title='bbox 748 1156 805 1178; x_wconf 74' lang='lat' dir='ltr'>seu</span> <span class='ocrx_word' id='word_1_166' title='bbox 833 1147 930 1177; x_wconf 88' lang='lat' dir='ltr'>alicui</span> <span class='ocrx_word' id='word_1_167' title='bbox 958 1145 1094 1186; x_wconf 83' lang='lat' dir='ltr'>speciali</span> <span class='ocrx_word' id='word_1_168' title='bbox 1121 1145 1303 1176; x_wconf 86' lang='lat' dir='ltr'>eorundem</span> <span class='ocrx_word' id='word_1_169' title='bbox 1324 1145 1439 1175; x_wconf 92' lang='lat' dir='ltr'>divino</span> <span class='ocrx_word' id='word_1_170' title='bbox 1458 1144 1558 1175; x_wconf 86' lang='lat' dir='ltr'>cultui</span> <span class='ocrx_word' id='word_1_171' title='bbox 1587 1145 1637 1175; x_wconf 92' lang='lat' dir='ltr'>vel</span> <span class='ocrx_word' id='word_1_172' title='bbox 1665 1145 1738 1176; x_wconf 92' lang='lat' dir='ltr'>usui</span> <span class='ocrx_word' id='word_1_173' title='bbox 1759 1154 1824 1175; x_wconf 91' lang='lat' dir='ltr'>non</span> <span class='ocrx_word' id='word_1_174' title='bbox 1844 1144 1964 1175; x_wconf 84' lang='lat' dir='ltr'>fuerint</span> <span class='ocrx_word' id='word_1_175' title='bbox 1983 1145 2141 1184; x_wconf 83' lang='lat' dir='ltr'>deputata</span> 
     </span>
     <span class='ocr_line' id='line_1_16' title="bbox 328 1199 2188 1251; baseline -0.002 -10"><span class='ocrx_word' id='word_1_176' title='bbox 328 1220 385 1251; x_wconf 84' lang='lat' dir='ltr'>pro</span> <span class='ocrx_word' id='word_1_177' title='bbox 413 1210 608 1241; x_wconf 61' lang='lat' dir='ltr'>dessntibus</span> <span class='ocrx_word' id='word_1_178' title='bbox 634 1212 663 1240; x_wconf 83' lang='lat' dir='ltr'>et</span> <span class='ocrx_word' id='word_1_179' title='bbox 690 1209 841 1240; x_wconf 80' lang='lat' dir='ltr'>honestis</span> <span class='ocrx_word' id='word_1_180' title='bbox 867 1208 1028 1248; x_wconf 63' lang='lat' dir='ltr'>expensis</span> <span class='ocrx_word' id='word_1_181' title='bbox 1054 1207 1205 1238; x_wconf 85' lang='lat' dir='ltr'>funerum</span> <span class='ocrx_word' id='word_1_182' title='bbox 1233 1209 1262 1237; x_wconf 92' lang='lat' dir='ltr'>et</span> <span class='ocrx_word' id='word_1_183' title='bbox 1293 1216 1352 1246; x_wconf 85' lang='lat' dir='ltr'>pro</span> <span class='ocrx_word' id='word_1_184' title='bbox 1390 1207 1654 1238; x_wconf 87' lang='lat' dir='ltr'>remuneratione</span> <span class='ocrx_word' id='word_1_185' title='bbox 1690 1207 1819 1238; x_wconf 88' lang='lat' dir='ltr'>illorum</span> <span class='ocrx_word' id='word_1_186' title='bbox 1851 1207 1905 1247; x_wconf 83' lang='lat' dir='ltr'>qui</span> <span class='ocrx_word' id='word_1_187' title='bbox 1933 1207 1990 1238; x_wconf 92' lang='lat' dir='ltr'>tibi</span> <span class='ocrx_word' id='word_1_188' title='bbox 2019 1207 2142 1238; x_wconf 82' lang='lat' dir='ltr'>viventi</span> <span class='ocrx_word' id='word_1_189' title='bbox 2183 1199 2188 1203; x_wconf 61' lang='grc'><strong>”</strong></span> 
     </span>
     <span class='ocr_line' id='line_1_17' title="bbox 327 1269 2145 1311; baseline -0.002 -8"><span class='ocrx_word' id='word_1_190' title='bbox 327 1273 522 1307; x_wconf 79' lang='lat' dir='ltr'>servierunt.</span> <span class='ocrx_word' id='word_1_191' title='bbox 538 1273 609 1303; x_wconf 81' lang='lat' dir='ltr'>sive</span> <span class='ocrx_word' id='word_1_192' title='bbox 629 1272 693 1303; x_wconf 90' lang='lat' dir='ltr'>sint</span> <span class='ocrx_word' id='word_1_193' title='bbox 712 1271 953 1311; x_wconf 78' lang='lat' dir='ltr'>consanguinei</span> <span class='ocrx_word' id='word_1_194' title='bbox 974 1271 1045 1301; x_wconf 86' lang='lat' dir='ltr'>sive</span> <span class='ocrx_word' id='word_1_195' title='bbox 1063 1270 1129 1306; x_wconf 69' lang='lat' dir='ltr'>alii,</span> <span class='ocrx_word' id='word_1_196' title='bbox 1147 1270 1238 1300; x_wconf 85' lang='lat' dir='ltr'>iuxta</span> <span class='ocrx_word' id='word_1_197' title='bbox 1254 1269 1384 1300; x_wconf 89' lang='lat' dir='ltr'>servicii</span> <span class='ocrx_word' id='word_1_198' title='bbox 1401 1270 1563 1305; x_wconf 87' lang='lat' dir='ltr'>meritum,</span> <span class='ocrx_word' id='word_1_199' title='bbox 1587 1269 1766 1306; x_wconf 86' lang='lat' dir='ltr'>moderate,</span> <span class='ocrx_word' id='word_1_200' title='bbox 1785 1271 1905 1305; x_wconf 81' lang='lat' dir='ltr'>tamen,</span> <span class='ocrx_word' id='word_1_201' title='bbox 1921 1269 2100 1310; x_wconf 87' lang='lat' dir='ltr'>disponere</span> <span class='ocrx_word' id='word_1_202' title='bbox 2114 1271 2145 1300; x_wconf 88' lang='lat' dir='ltr'>et</span> 
     </span>
     <span class='ocr_line' id='line_1_18' title="bbox 326 1331 2145 1375; baseline -0.002 -9"><span class='ocrx_word' id='word_1_203' title='bbox 326 1344 462 1375; x_wconf 68' lang='lat' dir='ltr'>erogare</span> <span class='ocrx_word' id='word_1_204' title='bbox 482 1335 595 1374; x_wconf 88' lang='lat' dir='ltr'>possis</span> <span class='ocrx_word' id='word_1_205' title='bbox 614 1337 644 1365; x_wconf 91' lang='lat' dir='ltr'>et</span> <span class='ocrx_word' id='word_1_206' title='bbox 664 1334 788 1370; x_wconf 75' lang='lat' dir='ltr'>valeas,</span> <span class='ocrx_word' id='word_1_207' title='bbox 809 1333 901 1373; x_wconf 88' lang='lat' dir='ltr'>prius</span> <span class='ocrx_word' id='word_1_208' title='bbox 920 1335 1027 1363; x_wconf 89' lang='lat' dir='ltr'>tamen</span> <span class='ocrx_word' id='word_1_209' title='bbox 1048 1332 1088 1363; x_wconf 93' lang='lat' dir='ltr'>de</span> <span class='ocrx_word' id='word_1_210' title='bbox 1107 1332 1265 1363; x_wconf 89' lang='lat' dir='ltr'>omnibus</span> <span class='ocrx_word' id='word_1_211' title='bbox 1281 1332 1439 1372; x_wconf 84' lang='lat' dir='ltr'>predictis</span> <span class='ocrx_word' id='word_1_212' title='bbox 1454 1340 1506 1362; x_wconf 91' lang='lat' dir='ltr'>ere</span> <span class='ocrx_word' id='word_1_213' title='bbox 1528 1331 1637 1362; x_wconf 88' lang='lat' dir='ltr'>alieno</span> <span class='ocrx_word' id='word_1_214' title='bbox 1656 1334 1686 1362; x_wconf 92' lang='lat' dir='ltr'>et</span> <span class='ocrx_word' id='word_1_215' title='bbox 1705 1331 1769 1363; x_wconf 91' lang='lat' dir='ltr'>hiis</span> <span class='ocrx_word' id='word_1_216' title='bbox 1788 1340 1852 1371; x_wconf 83' lang='lat' dir='ltr'>que</span> <span class='ocrx_word' id='word_1_217' title='bbox 1871 1340 1930 1372; x_wconf 91' lang='lat' dir='ltr'>pro</span> <span class='ocrx_word' id='word_1_218' title='bbox 1949 1331 2145 1372; x_wconf 83' lang='lat' dir='ltr'>reparandis</span> 
     </span>
     <span class='ocr_line' id='line_1_19' title="bbox 328 1393 2144 1434; baseline -0.002 -6"><span class='ocrx_word' id='word_1_219' title='bbox 328 1397 485 1428; x_wconf 77' lang='lat' dir='ltr'>domibus</span> <span class='ocrx_word' id='word_1_220' title='bbox 510 1400 541 1427; x_wconf 89' lang='lat' dir='ltr'>et</span> <span class='ocrx_word' id='word_1_221' title='bbox 566 1397 706 1427; x_wconf 86' lang='lat' dir='ltr'>edificiis</span> <span class='ocrx_word' id='word_1_222' title='bbox 732 1395 996 1427; x_wconf 86' lang='lat' dir='ltr'>consistentibus</span> <span class='ocrx_word' id='word_1_223' title='bbox 1023 1395 1053 1425; x_wconf 92' lang='lat' dir='ltr'>in</span> <span class='ocrx_word' id='word_1_224' title='bbox 1082 1395 1164 1425; x_wconf 90' lang='lat' dir='ltr'>locis</span> <span class='ocrx_word' id='word_1_225' title='bbox 1199 1394 1306 1434; x_wconf 90' lang='lat' dir='ltr'>ipsius</span> <span class='ocrx_word' id='word_1_226' title='bbox 1344 1394 1535 1425; x_wconf 88' lang='lat' dir='ltr'>monasterii</span> <span class='ocrx_word' id='word_1_227' title='bbox 1573 1393 1670 1434; x_wconf 87' lang='lat' dir='ltr'>culpa</span> <span class='ocrx_word' id='word_1_228' title='bbox 1701 1393 1751 1424; x_wconf 91' lang='lat' dir='ltr'>vel</span> <span class='ocrx_word' id='word_1_229' title='bbox 1779 1393 1980 1433; x_wconf 69' lang='lat' dir='ltr'>negligentia</span> <span class='ocrx_word' id='word_1_230' title='bbox 2005 1396 2060 1424; x_wconf 92' lang='lat' dir='ltr'>tua</span> <span class='ocrx_word' id='word_1_231' title='bbox 2087 1402 2144 1424; x_wconf 92' lang='lat' dir='ltr'>seu</span> 
     </span>
     <span class='ocr_line' id='line_1_20' title="bbox 328 1455 2144 1499; baseline -0.002 -9"><span class='ocrx_word' id='word_1_232' title='bbox 328 1463 458 1490; x_wconf 87' lang='lat' dir='ltr'>tuorum</span> <span class='ocrx_word' id='word_1_233' title='bbox 486 1462 736 1499; x_wconf 88' lang='lat' dir='ltr'>procuratorum</span> <span class='ocrx_word' id='word_1_234' title='bbox 764 1458 942 1488; x_wconf 89' lang='lat' dir='ltr'>destructis</span> <span class='ocrx_word' id='word_1_235' title='bbox 968 1465 1026 1488; x_wconf 84' lang='lat' dir='ltr'>seu</span> <span class='ocrx_word' id='word_1_236' title='bbox 1054 1456 1280 1493; x_wconf 81' lang='lat' dir='ltr'>deterioratis‚</span> <span class='ocrx_word' id='word_1_237' title='bbox 1308 1465 1366 1487; x_wconf 88' lang='lat' dir='ltr'>nec</span> <span class='ocrx_word' id='word_1_238' title='bbox 1393 1465 1457 1486; x_wconf 93' lang='lat' dir='ltr'>non</span> <span class='ocrx_word' id='word_1_239' title='bbox 1485 1456 1713 1487; x_wconf 85' lang='lat' dir='ltr'>restaurandis</span> <span class='ocrx_word' id='word_1_240' title='bbox 1739 1455 1814 1487; x_wconf 90' lang='lat' dir='ltr'>aliis</span> <span class='ocrx_word' id='word_1_241' title='bbox 1841 1456 1969 1487; x_wconf 90' lang='lat' dir='ltr'>iuribus</span> <span class='ocrx_word' id='word_1_242' title='bbox 1995 1455 2144 1487; x_wconf 89' lang='lat' dir='ltr'>eiusdem</span> 
     </span>
     <span class='ocr_line' id='line_1_21' title="bbox 333 1517 2145 1561; baseline -0.002 -9"><span class='ocrx_word' id='word_1_243' title='bbox 333 1522 536 1555; x_wconf 73' lang='lat' dir='ltr'>monasterii,</span> <span class='ocrx_word' id='word_1_244' title='bbox 563 1521 746 1561; x_wconf 74' lang='lat' dir='ltr'>deperditis</span> <span class='ocrx_word' id='word_1_245' title='bbox 772 1530 812 1551; x_wconf 85' lang='lat' dir='ltr'>ex</span> <span class='ocrx_word' id='word_1_246' title='bbox 839 1520 937 1560; x_wconf 90' lang='lat' dir='ltr'>culpa</span> <span class='ocrx_word' id='word_1_247' title='bbox 965 1519 1015 1550; x_wconf 83' lang='lat' dir='ltr'>vel</span> <span class='ocrx_word' id='word_1_248' title='bbox 1043 1519 1244 1559; x_wconf 82' lang='lat' dir='ltr'>negligentia</span> <span class='ocrx_word' id='word_1_249' title='bbox 1270 1518 1482 1558; x_wconf 82' lang='lat' dir='ltr'>supradictis,</span> <span class='ocrx_word' id='word_1_250' title='bbox 1513 1517 1634 1548; x_wconf 87' lang='lat' dir='ltr'>fuerint</span> <span class='ocrx_word' id='word_1_251' title='bbox 1670 1520 1878 1558; x_wconf 78' lang='lat' dir='ltr'>oppurtuna,</span> <span class='ocrx_word' id='word_1_252' title='bbox 1917 1517 2080 1554; x_wconf 81' lang='lat' dir='ltr'>deductis,</span> <span class='ocrx_word' id='word_1_253' title='bbox 2115 1517 2145 1548; x_wconf 93' lang='lat' dir='ltr'>in</span> 
     </span>
     <span class='ocr_line' id='line_1_22' title="bbox 329 1579 2146 1624; baseline -0.001 -11"><span class='ocrx_word' id='word_1_254' title='bbox 329 1585 404 1624; x_wconf 73' lang='lat' dir='ltr'>pios</span> <span class='ocrx_word' id='word_1_255' title='bbox 431 1593 513 1615; x_wconf 83' lang='lat' dir='ltr'>usus</span> <span class='ocrx_word' id='word_1_256' title='bbox 539 1592 575 1614; x_wconf 90' lang='lat' dir='ltr'>ac</span> <span class='ocrx_word' id='word_1_257' title='bbox 603 1583 710 1614; x_wconf 82' lang='lat' dir='ltr'>licitos</span> <span class='ocrx_word' id='word_1_258' title='bbox 736 1584 929 1613; x_wconf 82' lang='lat' dir='ltr'>convertere</span> <span class='ocrx_word' id='word_1_259' title='bbox 956 1581 1081 1617; x_wconf 74' lang='lat' dir='ltr'>valeas,</span> <span class='ocrx_word' id='word_1_260' title='bbox 1108 1590 1173 1611; x_wconf 87' lang='lat' dir='ltr'>non</span> <span class='ocrx_word' id='word_1_261' title='bbox 1200 1580 1415 1611; x_wconf 88' lang='lat' dir='ltr'>obstantibus</span> <span class='ocrx_word' id='word_1_262' title='bbox 1442 1580 1532 1620; x_wconf 84' lang='lat' dir='ltr'>quod</span> <span class='ocrx_word' id='word_1_263' title='bbox 1560 1580 1636 1611; x_wconf 88' lang='lat' dir='ltr'>dicti</span> <span class='ocrx_word' id='word_1_264' title='bbox 1663 1580 1791 1611; x_wconf 88' lang='lat' dir='ltr'>ordinis</span> <span class='ocrx_word' id='word_1_265' title='bbox 1818 1579 1990 1620; x_wconf 84' lang='lat' dir='ltr'>professor</span> <span class='ocrx_word' id='word_1_266' title='bbox 2016 1580 2146 1616; x_wconf 84' lang='lat' dir='ltr'>existis,</span> 
     </span>
     <span class='ocr_line' id='line_1_23' title="bbox 331 1642 2149 1683; baseline -0.002 -6"><span class='ocrx_word' id='word_1_267' title='bbox 331 1656 388 1678; x_wconf 88' lang='lat' dir='ltr'>nec</span> <span class='ocrx_word' id='word_1_268' title='bbox 416 1656 479 1677; x_wconf 86' lang='lat' dir='ltr'>non</span> <span class='ocrx_word' id='word_1_269' title='bbox 506 1645 804 1677; x_wconf 74' lang='lat' dir='ltr'>constitutionibus</span> <span class='ocrx_word' id='word_1_270' title='bbox 830 1648 860 1675; x_wconf 88' lang='lat' dir='ltr'>et</span> <span class='ocrx_word' id='word_1_271' title='bbox 886 1643 1157 1675; x_wconf 84' lang='lat' dir='ltr'>ordinationibus</span> <span class='ocrx_word' id='word_1_272' title='bbox 1182 1643 1380 1683; x_wconf 82' lang='lat' dir='ltr'>apostolicis</span> <span class='ocrx_word' id='word_1_273' title='bbox 1405 1652 1443 1674; x_wconf 91' lang='lat' dir='ltr'>ac</span> <span class='ocrx_word' id='word_1_274' title='bbox 1469 1643 1603 1673; x_wconf 91' lang='lat' dir='ltr'>statutis</span> <span class='ocrx_word' id='word_1_275' title='bbox 1628 1645 1658 1673; x_wconf 84' lang='lat' dir='ltr'>et</span> <span class='ocrx_word' id='word_1_276' title='bbox 1695 1642 1998 1673; x_wconf 74' lang='lat' dir='ltr'>consuetudinilms</span> <span class='ocrx_word' id='word_1_277' title='bbox 2035 1650 2149 1673; x_wconf 89' lang='lat' dir='ltr'>mona-</span> 
     </span>
     <span class='ocr_line' id='line_1_24' title="bbox 330 1705 2147 1748; baseline -0.003 -8"><span class='ocrx_word' id='word_1_278' title='bbox 330 1710 420 1740; x_wconf 85' lang='lat' dir='ltr'>sterii</span> <span class='ocrx_word' id='word_1_279' title='bbox 447 1712 476 1740; x_wconf 90' lang='lat' dir='ltr'>et</span> <span class='ocrx_word' id='word_1_280' title='bbox 503 1708 641 1740; x_wconf 82' lang='lat' dir='ltr'>Ordinis</span> <span class='ocrx_word' id='word_1_281' title='bbox 668 1708 902 1748; x_wconf 82' lang='lat' dir='ltr'>predictorum,</span> <span class='ocrx_word' id='word_1_282' title='bbox 930 1707 1125 1741; x_wconf 78' lang='lat' dir='ltr'>iuramento,</span> <span class='ocrx_word' id='word_1_283' title='bbox 1151 1706 1402 1736; x_wconf 86' lang='lat' dir='ltr'>confirmatione</span> <span class='ocrx_word' id='word_1_284' title='bbox 1440 1705 1626 1745; x_wconf 86' lang='lat' dir='ltr'>apostolica</span> <span class='ocrx_word' id='word_1_285' title='bbox 1665 1705 1715 1736; x_wconf 89' lang='lat' dir='ltr'>vel</span> <span class='ocrx_word' id='word_1_286' title='bbox 1743 1705 1865 1744; x_wconf 81' lang='lat' dir='ltr'>quavis</span> <span class='ocrx_word' id='word_1_287' title='bbox 1894 1705 1957 1735; x_wconf 90' lang='lat' dir='ltr'>alia</span> <span class='ocrx_word' id='word_1_288' title='bbox 1995 1705 2147 1735; x_wconf 87' lang='lat' dir='ltr'>firmitate</span> 
     </span>
     <span class='ocr_line' id='line_1_25' title="bbox 331 1767 2146 1810; baseline -0.003 -8"><span class='ocrx_word' id='word_1_289' title='bbox 331 1772 508 1808; x_wconf 86' lang='lat' dir='ltr'>roboratis,</span> <span class='ocrx_word' id='word_1_290' title='bbox 534 1771 709 1802; x_wconf 85' lang='lat' dir='ltr'>contrariis</span> <span class='ocrx_word' id='word_1_291' title='bbox 736 1770 1018 1810; x_wconf 75' lang='lat' dir='ltr'>quibuscumque,</span> <span class='ocrx_word' id='word_1_292' title='bbox 1044 1768 1102 1799; x_wconf 91' lang='lat' dir='ltr'>tibi</span> <span class='ocrx_word' id='word_1_293' title='bbox 1130 1768 1261 1808; x_wconf 90' lang='lat' dir='ltr'>plenam</span> <span class='ocrx_word' id='word_1_294' title='bbox 1289 1771 1318 1799; x_wconf 92' lang='lat' dir='ltr'>et</span> <span class='ocrx_word' id='word_1_295' title='bbox 1353 1768 1489 1798; x_wconf 87' lang='lat' dir='ltr'>liberam</span> <span class='ocrx_word' id='word_1_296' title='bbox 1527 1768 1756 1798; x_wconf 88' lang='lat' dir='ltr'>auctoritatem</span> <span class='ocrx_word' id='word_1_297' title='bbox 1794 1769 1907 1798; x_wconf 88' lang='lat' dir='ltr'>tenore</span> <span class='ocrx_word' id='word_1_298' title='bbox 1945 1767 2146 1807; x_wconf 90' lang='lat' dir='ltr'>presentium</span> 
     </span>
     <span class='ocr_line' id='line_1_26' title="bbox 332 1829 2152 1870; baseline -0.003 -5"><span class='ocrx_word' id='word_1_299' title='bbox 332 1834 550 1866; x_wconf 83' lang='lat' dir='ltr'>concedimus</span> <span class='ocrx_word' id='word_1_300' title='bbox 568 1842 605 1864; x_wconf 89' lang='lat' dir='ltr'>ac</span> <span class='ocrx_word' id='word_1_301' title='bbox 625 1832 827 1864; x_wconf 88' lang='lat' dir='ltr'>facultatem.</span> <span class='ocrx_word' id='word_1_302' title='bbox 847 1831 1011 1863; x_wconf 88' lang='lat' dir='ltr'>Volumus</span> <span class='ocrx_word' id='word_1_303' title='bbox 1029 1833 1138 1861; x_wconf 87' lang='lat' dir='ltr'>autem</span> <span class='ocrx_word' id='word_1_304' title='bbox 1158 1830 1249 1870; x_wconf 85' lang='lat' dir='ltr'>quod</span> <span class='ocrx_word' id='word_1_305' title='bbox 1270 1831 1300 1861; x_wconf 91' lang='lat' dir='ltr'>in</span> <span class='ocrx_word' id='word_1_306' title='bbox 1319 1830 1500 1861; x_wconf 89' lang='lat' dir='ltr'>eorundem</span> <span class='ocrx_word' id='word_1_307' title='bbox 1516 1830 1740 1870; x_wconf 89' lang='lat' dir='ltr'>dispositione</span> <span class='ocrx_word' id='word_1_308' title='bbox 1760 1830 1922 1860; x_wconf 88' lang='lat' dir='ltr'>bonorum</span> <span class='ocrx_word' id='word_1_309' title='bbox 1940 1829 2031 1860; x_wconf 87' lang='lat' dir='ltr'>iuxta</span> <span class='ocrx_word' id='word_1_310' title='bbox 2047 1837 2152 1869; x_wconf 84' lang='lat' dir='ltr'>quan-</span> 
     </span>
     <span class='ocr_line' id='line_1_27' title="bbox 332 1891 2148 1935; baseline -0.003 -7"><span class='ocrx_word' id='word_1_311' title='bbox 332 1898 456 1928; x_wconf 85' lang='lat' dir='ltr'>titatem</span> <span class='ocrx_word' id='word_1_312' title='bbox 484 1896 607 1927; x_wconf 81' lang='lat' dir='ltr'>residui</span> <span class='ocrx_word' id='word_1_313' title='bbox 634 1904 711 1935; x_wconf 70' lang='lat' dir='ltr'>erga</span> <span class='ocrx_word' id='word_1_314' title='bbox 738 1895 861 1926; x_wconf 88' lang='lat' dir='ltr'>dictum</span> <span class='ocrx_word' id='word_1_315' title='bbox 882 1894 1119 1925; x_wconf 86' lang='lat' dir='ltr'>monasterium</span> <span class='ocrx_word' id='word_1_316' title='bbox 1139 1895 1169 1923; x_wconf 89' lang='lat' dir='ltr'>et</span> <span class='ocrx_word' id='word_1_317' title='bbox 1188 1893 1356 1923; x_wconf 90' lang='lat' dir='ltr'>liberalem</span> <span class='ocrx_word' id='word_1_318' title='bbox 1376 1892 1540 1923; x_wconf 87' lang='lat' dir='ltr'>exhibeas</span> <span class='ocrx_word' id='word_1_319' title='bbox 1559 1895 1656 1932; x_wconf 87' lang='lat' dir='ltr'>prout</span> <span class='ocrx_word' id='word_1_320' title='bbox 1674 1892 1878 1923; x_wconf 88' lang='lat' dir='ltr'>conscientia</span> <span class='ocrx_word' id='word_1_321' title='bbox 1897 1891 1955 1922; x_wconf 90' lang='lat' dir='ltr'>tibi</span> <span class='ocrx_word' id='word_1_322' title='bbox 1975 1891 2148 1922; x_wconf 87' lang='lat' dir='ltr'>dictaverit</span> 
     </span>
     <span class='ocr_line' id='line_1_28' title="bbox 333 1953 2149 1996; baseline -0.004 -5"><span class='ocrx_word' id='word_1_323' title='bbox 333 1964 362 1991; x_wconf 90' lang='lat' dir='ltr'>et</span> <span class='ocrx_word' id='word_1_324' title='bbox 389 1959 487 1990; x_wconf 87' lang='lat' dir='ltr'>saluti</span> <span class='ocrx_word' id='word_1_325' title='bbox 514 1959 623 1990; x_wconf 86' lang='lat' dir='ltr'>anime</span> <span class='ocrx_word' id='word_1_326' title='bbox 649 1960 702 1989; x_wconf 83' lang='lat' dir='ltr'>tue</span> <span class='ocrx_word' id='word_1_327' title='bbox 729 1957 855 1988; x_wconf 91' lang='lat' dir='ltr'>videris</span> <span class='ocrx_word' id='word_1_328' title='bbox 880 1956 1050 1996; x_wconf 85' lang='lat' dir='ltr'>expedire.</span> <span class='ocrx_word' id='word_1_329' title='bbox 1078 1954 1151 1986; x_wconf 91' lang='lat' dir='ltr'>Dat.</span> <span class='ocrx_word' id='word_1_330' title='bbox 1180 1954 1293 1991; x_wconf 74' lang='lat' dir='ltr'>Rome,</span> <span class='ocrx_word' id='word_1_331' title='bbox 1319 1954 1409 1995; x_wconf 91' lang='lat' dir='ltr'>apud</span> <span class='ocrx_word' id='word_1_332' title='bbox 1436 1956 1586 1986; x_wconf 89' lang='lat' dir='ltr'>sanctum</span> <span class='ocrx_word' id='word_1_333' title='bbox 1626 1953 1769 1991; x_wconf 78' lang='lat' dir='ltr'>Petrum,</span> <span class='ocrx_word' id='word_1_334' title='bbox 1795 1963 1883 1985; x_wconf 91' lang='lat' dir='ltr'>anno</span> <span class='ocrx_word' id='word_1_335' title='bbox 1910 1953 2149 1984; x_wconf 89' lang='lat' dir='ltr'>incarnationis</span> 
     </span>
     <span class='ocr_line' id='line_1_29' title="bbox 334 2014 2151 2060; baseline -0.004 -7"><span class='ocrx_word' id='word_1_336' title='bbox 334 2021 508 2053; x_wconf 89' lang='lat' dir='ltr'>Dominice</span> <span class='ocrx_word' id='word_1_337' title='bbox 535 2021 711 2052; x_wconf 87' lang='lat' dir='ltr'>millesimo</span> <span class='ocrx_word' id='word_1_338' title='bbox 737 2019 1035 2060; x_wconf 82' lang='lat' dir='ltr'>quatrigentesimo</span> <span class='ocrx_word' id='word_1_339' title='bbox 1061 2018 1291 2058; x_wconf 84' lang='lat' dir='ltr'>octuagesimo</span> <span class='ocrx_word' id='word_1_340' title='bbox 1318 2019 1448 2057; x_wconf 74' lang='lat' dir='ltr'>quarm,</span> <span class='ocrx_word' id='word_1_341' title='bbox 1486 2017 1591 2057; x_wconf 91' lang='lat' dir='ltr'>pridie</span> <span class='ocrx_word' id='word_1_342' title='bbox 1630 2016 1798 2047; x_wconf 83' lang='lat' dir='ltr'>Kalendas</span> <span class='ocrx_word' id='word_1_343' title='bbox 1825 2015 1976 2053; x_wconf 83' lang='lat' dir='ltr'>ianuarii,</span> <span class='ocrx_word' id='word_1_344' title='bbox 2014 2014 2151 2046; x_wconf 84' lang='lat' dir='ltr'>Pontifi-</span> 
     </span>
     <span class='ocr_line' id='line_1_30' title="bbox 327 2083 818 2123; baseline -0.008 -7"><span class='ocrx_word' id='word_1_345' title='bbox 327 2087 427 2116; x_wconf 90' lang='lat' dir='ltr'>catus</span> <span class='ocrx_word' id='word_1_346' title='bbox 454 2084 556 2115; x_wconf 88' lang='lat' dir='ltr'>nostri</span> <span class='ocrx_word' id='word_1_347' title='bbox 583 2092 672 2114; x_wconf 90' lang='lat' dir='ltr'>anno</span> <span class='ocrx_word' id='word_1_348' title='bbox 700 2083 818 2123; x_wconf 90' lang='lat' dir='ltr'>primo.</span> 
     </span>
    </p>
   </div>
   <div class='ocr_carea' id='block_1_3' title="bbox 1172 2227 1308 2266">
    <p class='ocr_par' dir='ltr' id='par_1_3' title="bbox 1172 2227 1308 2266">
     <span class='ocr_line' id='line_1_31' title="bbox 1172 2227 1308 2266; baseline 0 0"><span class='ocrx_word' id='word_1_349' title='bbox 1172 2227 1308 2266; x_wconf 90' lang='lat' dir='ltr'>DIII.</span> 
     </span>
    </p>
   </div>
   <div class='ocr_carea' id='block_1_4' title="bbox 335 2333 2146 2430">
    <p class='ocr_par' dir='ltr' id='par_1_4' title="bbox 335 2333 2146 2430">
     <span class='ocr_line' id='line_1_32' title="bbox 423 2333 2146 2377; baseline -0.004 -8"><span class='ocrx_word' id='word_1_350' title='bbox 423 2341 450 2369; x_wconf 90' lang='lat'>11</span> <span class='ocrx_word' id='word_1_351' title='bbox 477 2340 640 2377; x_wconf 86' lang='lat' dir='ltr'>Capitolo</span> <span class='ocrx_word' id='word_1_352' title='bbox 666 2339 700 2368; x_wconf 87' lang='lat' dir='ltr'>di</span> <span class='ocrx_word' id='word_1_353' title='bbox 727 2340 762 2368; x_wconf 91' lang='lat' dir='ltr'>S.</span> <span class='ocrx_word' id='word_1_354' title='bbox 790 2339 964 2374; x_wconf 84' lang='lat' dir='ltr'>Agostino</span> <span class='ocrx_word' id='word_1_355' title='bbox 990 2346 1050 2374; x_wconf 88' lang='lat' dir='ltr'>per</span> <span class='ocrx_word' id='word_1_356' title='bbox 1075 2337 1197 2366; x_wconf 87' lang='lat' dir='ltr'>ordine</span> <span class='ocrx_word' id='word_1_357' title='bbox 1223 2337 1279 2366; x_wconf 86' lang='lat' dir='ltr'>del</span> <span class='ocrx_word' id='word_1_358' title='bbox 1305 2336 1428 2364; x_wconf 86' lang='lat' dir='ltr'>Priore</span> <span class='ocrx_word' id='word_1_359' title='bbox 1454 2335 1627 2364; x_wconf 86' lang='lat' dir='ltr'>Generale</span> <span class='ocrx_word' id='word_1_360' title='bbox 1653 2335 1807 2363; x_wconf 87' lang='lat' dir='ltr'>concede</span> <span class='ocrx_word' id='word_1_361' title='bbox 1833 2334 1854 2362; x_wconf 88' lang='lat' dir='ltr'>l&#39;</span> <span class='ocrx_word' id='word_1_362' title='bbox 1873 2334 2085 2363; x_wconf 85' lang='lat' dir='ltr'>investitura</span> <span class='ocrx_word' id='word_1_363' title='bbox 2111 2333 2146 2362; x_wconf 88' lang='lat' dir='ltr'>di</span> 
     </span>
     <span class='ocr_line' id='line_1_33' title="bbox 335 2393 938 2430; baseline -0.003 -8"><span class='ocrx_word' id='word_1_364' title='bbox 335 2404 402 2422; x_wconf 82' lang='lat' dir='ltr'>una</span> <span class='ocrx_word' id='word_1_365' title='bbox 429 2403 513 2423; x_wconf 83' lang='lat' dir='ltr'>casa</span> <span class='ocrx_word' id='word_1_366' title='bbox 538 2402 666 2430; x_wconf 88' lang='lat' dir='ltr'>presso</span> <span class='ocrx_word' id='word_1_367' title='bbox 692 2393 715 2421; x_wconf 89' lang='lat' dir='ltr'>il</span> <span class='ocrx_word' id='word_1_368' title='bbox 743 2393 938 2421; x_wconf 89' lang='lat' dir='ltr'>Convento.</span> 
     </span>
    </p>
   </div>
   <div class='ocr_carea' id='block_1_5' title="bbox 965 2485 1518 2519">
    <p class='ocr_par' dir='ltr' id='par_1_5' title="bbox 965 2485 1518 2519">
     <span class='ocr_line' id='line_1_34' title="bbox 965 2485 1518 2519; baseline -0.005 -7"><span class='ocrx_word' id='word_1_369' title='bbox 965 2487 1120 2519; x_wconf 52' lang='lat'><strong>1585,</strong></span> <span class='ocrx_word' id='word_1_370' title='bbox 1147 2486 1405 2518; x_wconf 58' lang='lat' dir='ltr'>gel1llzli()</span> <span class='ocrx_word' id='word_1_371' title='bbox 1415 2503 1425 2517; x_wconf 92' lang='lat'><em>,</em></span> <span class='ocrx_word' id='word_1_372' title='bbox 1458 2485 1518 2509; x_wconf 86' lang='lat'>11.</span> 
     </span>
    </p>
   </div>
   <div class='ocr_carea' id='block_1_6' title="bbox 861 2573 1642 2599">
    <p class='ocr_par' dir='ltr' id='par_1_6' title="bbox 861 2573 1642 2599">
     <span class='ocr_line' id='line_1_35' title="bbox 861 2573 1642 2599; baseline -0.005 -2"><span class='ocrx_word' id='word_1_373' title='bbox 861 2577 937 2599; x_wconf 66' lang='lat' dir='ltr'>(Art-h.</span> <span class='ocrx_word' id='word_1_374' title='bbox 957 2576 1036 2596; x_wconf 71' lang='lat' dir='ltr'>Notar,</span> <span class='ocrx_word' id='word_1_375' title='bbox 1054 2575 1075 2596; x_wconf 87' lang='lat' dir='ltr'>di</span> <span class='ocrx_word' id='word_1_376' title='bbox 1093 2575 1162 2596; x_wconf 76' lang='lat' dir='ltr'>Pavia</span> <span class='ocrx_word' id='word_1_377' title='bbox 1179 2586 1201 2588; x_wconf 97' lang='lat'><strong>—</strong></span> <span class='ocrx_word' id='word_1_378' title='bbox 1219 2575 1266 2595; x_wconf 74' lang='lat' dir='ltr'>Atti</span> <span class='ocrx_word' id='word_1_379' title='bbox 1283 2575 1303 2595; x_wconf 86' lang='lat' dir='ltr'>di</span> <span class='ocrx_word' id='word_1_380' title='bbox 1321 2575 1449 2595; x_wconf 73' lang='lat' dir='ltr'>l³ranceSCo</span> <span class='ocrx_word' id='word_1_381' title='bbox 1467 2573 1642 2599; x_wconf 67' lang='lat' dir='ltr'>Strazzapatti)v</span> 
     </span>
    </p>
   </div>
   <div class='ocr_carea' id='block_1_7' title="bbox 341 2761 2154 3063">
    <p class='ocr_par' dir='ltr' id='par_1_7' title="bbox 439 2761 2153 2876">
     <span class='ocr_line' id='line_1_36' title="bbox 439 2761 2153 2876; baseline -0.003 -72"><span class='ocrx_word' id='word_1_382' title='bbox 439 2761 486 2876; x_wconf 88' lang='lat' dir='ltr'>I</span> <span class='ocrx_word' id='word_1_383' title='bbox 585 2778 606 2804; x_wconf 78' lang='grc' dir='ltr'><strong>Ν</strong></span> <span class='ocrx_word' id='word_1_384' title='bbox 632 2774 776 2804; x_wconf 86' lang='lat' dir='ltr'>claustro</span> <span class='ocrx_word' id='word_1_385' title='bbox 804 2782 924 2813; x_wconf 73' lang='lat' dir='ltr'>magno</span> <span class='ocrx_word' id='word_1_386' title='bbox 951 2773 1141 2804; x_wconf 86' lang='lat' dir='ltr'>monasterii</span> <span class='ocrx_word' id='word_1_387' title='bbox 1180 2771 1314 2802; x_wconf 84' lang='lat' dir='ltr'>fratrum</span> <span class='ocrx_word' id='word_1_388' title='bbox 1354 2770 1593 2801; x_wconf 74' lang='lat' dir='ltr'>l-leremitaruni</span> <span class='ocrx_word' id='word_1_389' title='bbox 1621 2769 1724 2799; x_wconf 92' lang='lat' dir='ltr'>sancti</span> <span class='ocrx_word' id='word_1_390' title='bbox 1752 2767 1952 2808; x_wconf 78' lang='lat' dir='ltr'>Augustini,</span> <span class='ocrx_word' id='word_1_391' title='bbox 1990 2767 2153 2799; x_wconf 88' lang='lat' dir='ltr'>deversus</span> 
     </span>
    </p>

    <p class='ocr_par' dir='ltr' id='par_1_8' title="bbox 341 2827 2154 3063">
     <span class='ocr_line' id='line_1_37' title="bbox 606 2827 2153 2875; baseline -0.005 -9"><span class='ocrx_word' id='word_1_392' title='bbox 606 2836 755 2866; x_wconf 87' lang='lat' dir='ltr'>anditum</span> <span class='ocrx_word' id='word_1_393' title='bbox 783 2844 839 2875; x_wconf 89' lang='lat' dir='ltr'>per</span> <span class='ocrx_word' id='word_1_394' title='bbox 865 2835 955 2874; x_wconf 70' lang='lat' dir='ltr'>qrwd</span> <span class='ocrx_word' id='word_1_395' title='bbox 983 2835 1044 2865; x_wconf 87' lang='lat' dir='ltr'>itur</span> <span class='ocrx_word' id='word_1_396' title='bbox 1070 2834 1111 2865; x_wconf 88' lang='lat' dir='ltr'>ad</span> <span class='ocrx_word' id='word_1_397' title='bbox 1139 2836 1267 2874; x_wconf 85' lang='lat' dir='ltr'>portam</span> <span class='ocrx_word' id='word_1_398' title='bbox 1303 2833 1379 2863; x_wconf 89' lang='lat' dir='ltr'>dicti</span> <span class='ocrx_word' id='word_1_399' title='bbox 1419 2831 1632 2865; x_wconf 81' lang='lat' dir='ltr'>monasterii.</span> <span class='ocrx_word' id='word_1_400' title='bbox 1670 2831 1725 2861; x_wconf 88' lang='lat' dir='ltr'>ubi</span> <span class='ocrx_word' id='word_1_401' title='bbox 1757 2832 1833 2861; x_wconf 90' lang='lat' dir='ltr'>sunt</span> <span class='ocrx_word' id='word_1_402' title='bbox 1871 2829 1982 2860; x_wconf 88' lang='lat' dir='ltr'>ulmi...</span> <span class='ocrx_word' id='word_1_403' title='bbox 2017 2827 2153 2861; x_wconf 90' lang='lat' dir='ltr'>Convo-</span> 
     </span>
     <span class='ocr_line' id='line_1_38' title="bbox 537 2891 2151 2937; baseline -0.004 -8"><span class='ocrx_word' id='word_1_404' title='bbox 537 2934 571 2935; x_wconf 38' lang='grc' dir='ltr'><strong><em>ἡ</em></strong></span> <span class='ocrx_word' id='word_1_405' title='bbox 605 2901 711 2929; x_wconf 79' lang='lat' dir='ltr'>cato...</span> <span class='ocrx_word' id='word_1_406' title='bbox 738 2896 928 2937; x_wconf 87' lang='lat' dir='ltr'>Capitulo...</span> <span class='ocrx_word' id='word_1_407' title='bbox 955 2897 994 2927; x_wconf 89' lang='lat' dir='ltr'>de</span> <span class='ocrx_word' id='word_1_408' title='bbox 1022 2897 1178 2927; x_wconf 87' lang='lat' dir='ltr'>mandato</span> <span class='ocrx_word' id='word_1_409' title='bbox 1205 2895 1375 2926; x_wconf 90' lang='lat' dir='ltr'>reverendi</span> <span class='ocrx_word' id='word_1_410' title='bbox 1403 2894 1507 2934; x_wconf 89' lang='lat' dir='ltr'>patris</span> <span class='ocrx_word' id='word_1_411' title='bbox 1533 2902 1624 2924; x_wconf 89' lang='lat' dir='ltr'>sacre</span> <span class='ocrx_word' id='word_1_412' title='bbox 1651 2893 1771 2933; x_wconf 86' lang='lat' dir='ltr'>pagine</span> <span class='ocrx_word' id='word_1_413' title='bbox 1798 2891 2001 2932; x_wconf 89' lang='lat' dir='ltr'>professoris</span> <span class='ocrx_word' id='word_1_414' title='bbox 2027 2891 2151 2922; x_wconf 88' lang='lat' dir='ltr'>domini</span> 
     </span>
     <span class='ocr_line' id='line_1_39' title="bbox 341 2952 2152 3002; baseline -0.005 -10"><span class='ocrx_word' id='word_1_415' title='bbox 341 2961 487 3002; x_wconf 84' lang='lat' dir='ltr'>magistri</span> <span class='ocrx_word' id='word_1_416' title='bbox 516 2960 666 3001; x_wconf 83' lang='lat' dir='ltr'>Baptiste</span> <span class='ocrx_word' id='word_1_417' title='bbox 692 2960 732 2991; x_wconf 86' lang='lat' dir='ltr'>de</span> <span class='ocrx_word' id='word_1_418' title='bbox 760 2959 883 2992; x_wconf 75' lang='lat' dir='ltr'>Rubeis</span> <span class='ocrx_word' id='word_1_419' title='bbox 911 2959 1034 2989; x_wconf 80' lang='lat' dir='ltr'>Prioris</span> <span class='ocrx_word' id='word_1_420' title='bbox 1060 2959 1131 2989; x_wconf 87' lang='lat' dir='ltr'>cicti</span> <span class='ocrx_word' id='word_1_421' title='bbox 1160 2957 1363 2992; x_wconf 79' lang='lat' dir='ltr'>monasterii,</span> <span class='ocrx_word' id='word_1_422' title='bbox 1390 2957 1420 2987; x_wconf 94' lang='lat' dir='ltr'>in</span> <span class='ocrx_word' id='word_1_423' title='bbox 1449 2965 1515 2995; x_wconf 84' lang='lat' dir='ltr'>quo</span> <span class='ocrx_word' id='word_1_424' title='bbox 1543 2955 1676 2995; x_wconf 82' lang='lat' dir='ltr'>quidem</span> <span class='ocrx_word' id='word_1_425' title='bbox 1703 2954 1849 2994; x_wconf 88' lang='lat' dir='ltr'>capitulo</span> <span class='ocrx_word' id='word_1_426' title='bbox 1875 2953 2008 2984; x_wconf 86' lang='lat' dir='ltr'>fuerunt</span> <span class='ocrx_word' id='word_1_427' title='bbox 2027 2952 2152 2984; x_wconf 75' lang='lat' dir='ltr'>Prior...</span> 
     </span>
     <span class='ocr_line' id='line_1_40' title="bbox 341 3015 2154 3063; baseline -0.006 -8"><span class='ocrx_word' id='word_1_428' title='bbox 341 3027 370 3055; x_wconf 90' lang='lat' dir='ltr'>et</span> <span class='ocrx_word' id='word_1_429' title='bbox 397 3023 605 3054; x_wconf 89' lang='lat' dir='ltr'>venerabiles</span> <span class='ocrx_word' id='word_1_430' title='bbox 632 3026 752 3063; x_wconf 79' lang='lat' dir='ltr'>patres,</span> <span class='ocrx_word' id='word_1_431' title='bbox 780 3022 933 3052; x_wconf 88' lang='lat' dir='ltr'>videlicet</span> <span class='ocrx_word' id='word_1_432' title='bbox 959 3021 1161 3052; x_wconf 86' lang='lat' dir='ltr'>reverendus</span> <span class='ocrx_word' id='word_1_433' title='bbox 1188 3020 1345 3051; x_wconf 89' lang='lat' dir='ltr'>dominus</span> <span class='ocrx_word' id='word_1_434' title='bbox 1371 3018 1526 3058; x_wconf 73' lang='lat' dir='ltr'>magister</span> <span class='ocrx_word' id='word_1_435' title='bbox 1546 3017 1800 3048; x_wconf 84' lang='lat' dir='ltr'>Bertholameus</span> <span class='ocrx_word' id='word_1_436' title='bbox 1818 3016 1858 3047; x_wconf 91' lang='lat' dir='ltr'>de</span> <span class='ocrx_word' id='word_1_437' title='bbox 1878 3015 2044 3052; x_wconf 80' lang='lat' dir='ltr'>Fazardis‚</span> <span class='ocrx_word' id='word_1_438' title='bbox 2063 3023 2154 3046; x_wconf 89' lang='lat' dir='ltr'>reve-</span> 
     </span>
    </p>
   </div>
   <div class='ocr_carea' id='block_1_8' title="bbox 341 3076 2153 3125">
    <p class='ocr_par' dir='ltr' id='par_1_9' title="bbox 341 3076 2153 3125">
     <span class='ocr_line' id='line_1_41' title="bbox 341 3076 2153 3125; baseline -0.006 -8"><span class='ocrx_word' id='word_1_439' title='bbox 341 3086 464 3117; x_wconf 87' lang='lat' dir='ltr'>rendus</span> <span class='ocrx_word' id='word_1_440' title='bbox 490 3086 647 3117; x_wconf 92' lang='lat' dir='ltr'>dominus</span> <span class='ocrx_word' id='word_1_441' title='bbox 674 3085 830 3125; x_wconf 85' lang='lat' dir='ltr'>magister</span> <span class='ocrx_word' id='word_1_442' title='bbox 857 3083 997 3114; x_wconf 89' lang='lat' dir='ltr'>lacobus</span> <span class='ocrx_word' id='word_1_443' title='bbox 1023 3083 1063 3113; x_wconf 91' lang='lat' dir='ltr'>de</span> <span class='ocrx_word' id='word_1_444' title='bbox 1089 3081 1276 3122; x_wconf 83' lang='lat' dir='ltr'>Campixe,</span> <span class='ocrx_word' id='word_1_445' title='bbox 1314 3080 1516 3112; x_wconf 84' lang='lat' dir='ltr'>reverendus</span> <span class='ocrx_word' id='word_1_446' title='bbox 1553 3079 1710 3110; x_wconf 90' lang='lat' dir='ltr'>dominus</span> <span class='ocrx_word' id='word_1_447' title='bbox 1747 3079 1903 3119; x_wconf 85' lang='lat' dir='ltr'>magister</span> <span class='ocrx_word' id='word_1_448' title='bbox 1937 3077 2087 3118; x_wconf 85' lang='lat' dir='ltr'>Baptista</span> <span class='ocrx_word' id='word_1_449' title='bbox 2113 3076 2153 3107; x_wconf 92' lang='lat' dir='ltr'>de</span> 
     </span>
    </p>
   </div>
  </div>
 </body>
</html>
