<?xml version="1.0" encoding="UTF-8"?>
<!DOCTYPE html PUBLIC "-//W3C//DTD XHTML 1.0 Transitional//EN"
    "http://www.w3.org/TR/xhtml1/DTD/xhtml1-transitional.dtd">
<html xmlns="http://www.w3.org/1999/xhtml" xml:lang="en" lang="en">
 <head>
  <title>
</title>
<meta http-equiv="Content-Type" content="text/html;charset=utf-8" />
  <meta name='ocr-system' content='tesseract 3.04.00' />
  <meta name='ocr-capabilities' content='ocr_page ocr_carea ocr_par ocr_line ocrx_word'/>
</head>
<body>
  <div class='ocr_page' id='page_1' title='image "./codexdiplomaticu02maiouoft_0168.png"; bbox 0 0 2347 3444; ppageno 0'>
   <div class='ocr_carea' id='block_1_1' title="bbox 289 191 350 223">
    <p class='ocr_par' dir='ltr' id='par_1_1' title="bbox 289 191 350 223">
     <span class='ocr_line' id='line_1_1' title="bbox 289 191 350 223; baseline 0.016 -1"><span class='ocrx_word' id='word_1_1' title='bbox 289 191 350 223; x_wconf 87' lang='lat'><strong>120</strong></span> 
     </span>
    </p>
   </div>
   <div class='ocr_carea' id='block_1_2' title="bbox 286 324 2105 491">
    <p class='ocr_par' dir='ltr' id='par_1_2' title="bbox 286 324 2105 491">
     <span class='ocr_line' id='line_1_2' title="bbox 286 324 2105 364; baseline -0.001 -7"><span class='ocrx_word' id='word_1_2' title='bbox 286 329 317 357; x_wconf 89' lang='lat' dir='ltr'><strong>et</strong></span> <span class='ocrx_word' id='word_1_3' title='bbox 344 325 474 357; x_wconf 80' lang='lat' dir='ltr'>Fratres</span> <span class='ocrx_word' id='word_1_4' title='bbox 502 326 634 356; x_wconf 91' lang='lat' dir='ltr'><strong>nomine</strong></span> <span class='ocrx_word' id='word_1_5' title='bbox 661 325 739 356; x_wconf 90' lang='lat' dir='ltr'><strong>dicti</strong></span> <span class='ocrx_word' id='word_1_6' title='bbox 766 325 817 355; x_wconf 89' lang='lat' dir='ltr'><strong>sui</strong></span> <span class='ocrx_word' id='word_1_7' title='bbox 846 324 1036 355; x_wconf 89' lang='lat' dir='ltr'><strong>monasterii</strong></span> <span class='ocrx_word' id='word_1_8' title='bbox 1064 326 1093 355; x_wconf 87' lang='lat' dir='ltr'><strong>et</strong></span> <span class='ocrx_word' id='word_1_9' title='bbox 1119 324 1262 355; x_wconf 82' lang='lat' dir='ltr'><strong>ecclesie</strong></span> <span class='ocrx_word' id='word_1_10' title='bbox 1289 324 1412 355; x_wconf 87' lang='lat' dir='ltr'><strong>habere</strong></span> <span class='ocrx_word' id='word_1_11' title='bbox 1439 324 1563 355; x_wconf 87' lang='lat' dir='ltr'><strong>debent</strong></span> <span class='ocrx_word' id='word_1_12' title='bbox 1589 326 1620 355; x_wconf 92' lang='lat' dir='ltr'><strong>et</strong></span> <span class='ocrx_word' id='word_1_13' title='bbox 1646 327 1758 364; x_wconf 89' lang='lat' dir='ltr'><strong>petere</strong></span> <span class='ocrx_word' id='word_1_14' title='bbox 1785 326 1936 364; x_wconf 82' lang='lat' dir='ltr'><strong>possent,</strong></span> <span class='ocrx_word' id='word_1_15' title='bbox 1955 326 2019 356; x_wconf 85' lang='lat' dir='ltr'><strong>tam</strong></span> <span class='ocrx_word' id='word_1_16' title='bbox 2040 325 2105 356; x_wconf 92' lang='lat' dir='ltr'><strong>vir-</strong></span> 
     </span>
     <span class='ocr_line' id='line_1_3' title="bbox 289 384 2105 427; baseline -0.001 -7"><span class='ocrx_word' id='word_1_17' title='bbox 289 392 356 420; x_wconf 89' lang='lat' dir='ltr'><strong>tute</strong></span> <span class='ocrx_word' id='word_1_18' title='bbox 394 388 512 419; x_wconf 78' lang='lat' dir='ltr'><strong>asserti</strong></span> <span class='ocrx_word' id='word_1_19' title='bbox 551 388 740 418; x_wconf 77' lang='lat' dir='ltr'><strong>testamenti</strong></span> <span class='ocrx_word' id='word_1_20' title='bbox 779 387 950 426; x_wconf 88' lang='lat' dir='ltr'><strong>quondam</strong></span> <span class='ocrx_word' id='word_1_21' title='bbox 989 384 1126 426; x_wconf 80' lang='lat' dir='ltr'><strong>Georgii</strong></span> <span class='ocrx_word' id='word_1_22' title='bbox 1153 386 1193 416; x_wconf 88' lang='lat' dir='ltr'><strong>de</strong></span> <span class='ocrx_word' id='word_1_23' title='bbox 1221 384 1375 417; x_wconf 86' lang='lat' dir='ltr'><strong>Bertonis</strong></span> <span class='ocrx_word' id='word_1_24' title='bbox 1412 386 1490 417; x_wconf 91' lang='lat' dir='ltr'><strong>olim</strong></span> <span class='ocrx_word' id='word_1_25' title='bbox 1528 386 1614 418; x_wconf 92' lang='lat' dir='ltr'><strong>civis</strong></span> <span class='ocrx_word' id='word_1_26' title='bbox 1651 385 1756 427; x_wconf 80' lang='lat' dir='ltr'><strong>Papie</strong></span> <span class='ocrx_word' id='word_1_27' title='bbox 1774 384 1835 425; x_wconf 92' lang='lat' dir='ltr'><strong>(l),</strong></span> <span class='ocrx_word' id='word_1_28' title='bbox 1872 396 1972 427; x_wconf 87' lang='lat' dir='ltr'><strong>quam</strong></span> <span class='ocrx_word' id='word_1_29' title='bbox 2010 387 2105 418; x_wconf 91' lang='lat' dir='ltr'><strong>allter</strong></span> 
     </span>
     <span class='ocr_line' id='line_1_4' title="bbox 287 451 527 491; baseline -0.004 -9"><span class='ocrx_word' id='word_1_30' title='bbox 287 451 527 491; x_wconf 74' lang='lat' dir='ltr'><strong>quovismodo.</strong></span> 
     </span>
    </p>
   </div>
   <div class='ocr_carea' id='block_1_3' title="bbox 1100 579 1309 620">
    <p class='ocr_par' dir='ltr' id='par_1_3' title="bbox 1100 579 1309 620">
     <span class='ocr_line' id='line_1_5' title="bbox 1100 579 1309 620; baseline -0.014 0"><span class='ocrx_word' id='word_1_31' title='bbox 1100 579 1309 620; x_wconf 90' lang='lat' dir='ltr'><strong>CCXCI.</strong></span> 
     </span>
    </p>
   </div>
   <div class='ocr_carea' id='block_1_4' title="bbox 375 697 1681 734">
    <p class='ocr_par' dir='ltr' id='par_1_4' title="bbox 375 697 1681 734">
     <span class='ocr_line' id='line_1_6' title="bbox 375 697 1681 734; baseline 0.001 -9"><span class='ocrx_word' id='word_1_32' title='bbox 375 698 615 726; x_wconf 89' lang='lat' dir='ltr'><strong>Convenzioni</strong></span> <span class='ocrx_word' id='word_1_33' title='bbox 641 706 702 734; x_wconf 85' lang='lat' dir='ltr'><strong>per</strong></span> <span class='ocrx_word' id='word_1_34' title='bbox 728 698 842 726; x_wconf 86' lang='lat' dir='ltr'><strong>lavori</strong></span> <span class='ocrx_word' id='word_1_35' title='bbox 868 697 961 726; x_wconf 87' lang='lat' dir='ltr'><strong>nella</strong></span> <span class='ocrx_word' id='word_1_36' title='bbox 988 698 1065 726; x_wconf 86' lang='lat' dir='ltr'><strong>sala</strong></span> <span class='ocrx_word' id='word_1_37' title='bbox 1092 698 1147 726; x_wconf 87' lang='lat' dir='ltr'><strong>del</strong></span> <span class='ocrx_word' id='word_1_38' title='bbox 1181 698 1344 734; x_wconf 91' lang='lat' dir='ltr'><strong>Capitolo</strong></span> <span class='ocrx_word' id='word_1_39' title='bbox 1370 698 1405 726; x_wconf 90' lang='lat' dir='ltr'><strong>di</strong></span> <span class='ocrx_word' id='word_1_40' title='bbox 1432 698 1466 726; x_wconf 91' lang='lat' dir='ltr'><strong>S.</strong></span> <span class='ocrx_word' id='word_1_41' title='bbox 1494 697 1681 734; x_wconf 86' lang='lat' dir='ltr'><strong>Agostino.</strong></span> 
     </span>
    </p>
   </div>
   <div class='ocr_carea' id='block_1_5' title="bbox 940 821 1455 852">
    <p class='ocr_par' dir='ltr' id='par_1_5' title="bbox 940 821 1455 852">
     <span class='ocr_line' id='line_1_7' title="bbox 940 821 1455 852; baseline 0.002 -7"><span class='ocrx_word' id='word_1_42' title='bbox 940 821 1053 845; x_wconf 68' lang='lat'><strong>140(</strong></span> <span class='ocrx_word' id='word_1_43' title='bbox 1062 822 1092 852; x_wconf 82' lang='lat'><strong>)‚</strong></span> <span class='ocrx_word' id='word_1_44' title='bbox 1125 821 1331 852; x_wconf 58' lang='lat' dir='ltr'><strong>znpnffIe,</strong></span> <span class='ocrx_word' id='word_1_45' title='bbox 1365 821 1455 846; x_wconf 74' lang='lat'><strong>23.</strong></span> 
     </span>
    </p>
   </div>
   <div class='ocr_carea' id='block_1_6' title="bbox 848 918 1540 943">
    <p class='ocr_par' dir='ltr' id='par_1_6' title="bbox 848 918 1540 943">
     <span class='ocr_line' id='line_1_8' title="bbox 848 918 1540 943; baseline -0.001 -3"><span class='ocrx_word' id='word_1_46' title='bbox 848 919 924 941; x_wconf 56' lang='grc' dir='ltr'>(ΑΜ-11.</span> <span class='ocrx_word' id='word_1_47' title='bbox 943 918 1022 939; x_wconf 69' lang='lat' dir='ltr'><strong>Notar⁴</strong></span> <span class='ocrx_word' id='word_1_48' title='bbox 1040 918 1061 938; x_wconf 84' lang='lat' dir='ltr'><strong>di</strong></span> <span class='ocrx_word' id='word_1_49' title='bbox 1079 918 1156 939; x_wconf 78' lang='lat' dir='ltr'><strong>Pavia.</strong></span> <span class='ocrx_word' id='word_1_50' title='bbox 1174 930 1198 932; x_wconf 97' lang='lat'><strong>—</strong></span> <span class='ocrx_word' id='word_1_51' title='bbox 1215 918 1262 939; x_wconf 79' lang='lat' dir='ltr'><strong>Atti</strong></span> <span class='ocrx_word' id='word_1_52' title='bbox 1279 918 1300 938; x_wconf 89' lang='lat' dir='ltr'><strong>di</strong></span> <span class='ocrx_word' id='word_1_53' title='bbox 1317 918 1409 939; x_wconf 79' lang='lat' dir='ltr'><strong>Matteo</strong></span> <span class='ocrx_word' id='word_1_54' title='bbox 1425 919 1540 943; x_wconf 63' lang='lat' dir='ltr'><strong>Nazzari).</strong></span> 
     </span>
    </p>
   </div>
   <div class='ocr_carea' id='block_1_7' title="bbox 278 1114 2110 2416">
    <p class='ocr_par' dir='ltr' id='par_1_7' title="bbox 278 1114 2110 2416">
     <span class='ocr_line' id='line_1_9' title="bbox 389 1114 2106 1228; baseline -0.001 -71"><span class='ocrx_word' id='word_1_55' title='bbox 389 1114 437 1228; x_wconf 85' lang='lat' dir='ltr'>I</span> <span class='ocrx_word' id='word_1_56' title='bbox 528 1131 551 1157; x_wconf 71' lang='lat' dir='ltr'>N</span> <span class='ocrx_word' id='word_1_57' title='bbox 578 1127 710 1157; x_wconf 89' lang='lat' dir='ltr'><strong>nomine</strong></span> <span class='ocrx_word' id='word_1_58' title='bbox 737 1125 871 1157; x_wconf 85' lang='lat' dir='ltr'><strong>Domini</strong></span> <span class='ocrx_word' id='word_1_59' title='bbox 898 1135 1006 1157; x_wconf 90' lang='lat' dir='ltr'><strong>amen.</strong></span> <span class='ocrx_word' id='word_1_60' title='bbox 1034 1125 1131 1157; x_wconf 81' lang='lat' dir='ltr'><strong>Anno</strong></span> <span class='ocrx_word' id='word_1_61' title='bbox 1158 1126 1342 1158; x_wconf 86' lang='lat' dir='ltr'><strong>nativitatis</strong></span> <span class='ocrx_word' id='word_1_62' title='bbox 1361 1125 1512 1157; x_wconf 88' lang='lat' dir='ltr'><strong>eiusdem</strong></span> <span class='ocrx_word' id='word_1_63' title='bbox 1534 1125 1712 1156; x_wconf 90' lang='lat' dir='ltr'><strong>millesimo</strong></span> <span class='ocrx_word' id='word_1_64' title='bbox 1730 1126 2027 1165; x_wconf 84' lang='lat' dir='ltr'><strong>quatricentesimo</strong></span> <span class='ocrx_word' id='word_1_65' title='bbox 2053 1134 2106 1157; x_wconf 89' lang='lat' dir='ltr'><strong>se-</strong></span> 
     </span>
     <span class='ocr_line' id='line_1_10' title="bbox 551 1188 2104 1229; baseline 0.001 -10"><span class='ocrx_word' id='word_1_66' title='bbox 551 1189 737 1229; x_wconf 81' lang='lat' dir='ltr'><strong>xagesimo,</strong></span> <span class='ocrx_word' id='word_1_67' title='bbox 765 1189 932 1220; x_wconf 88' lang='lat' dir='ltr'><strong>indicione</strong></span> <span class='ocrx_word' id='word_1_68' title='bbox 959 1191 1090 1226; x_wconf 83' lang='lat' dir='ltr'><strong>octava,</strong></span> <span class='ocrx_word' id='word_1_69' title='bbox 1117 1189 1170 1220; x_wconf 91' lang='lat' dir='ltr'><strong>die</strong></span> <span class='ocrx_word' id='word_1_70' title='bbox 1198 1189 1364 1229; x_wconf 83' lang='lat' dir='ltr'><strong>vigesimo</strong></span> <span class='ocrx_word' id='word_1_71' title='bbox 1390 1188 1493 1220; x_wconf 88' lang='lat' dir='ltr'><strong>tercio</strong></span> <span class='ocrx_word' id='word_1_72' title='bbox 1520 1188 1646 1219; x_wconf 85' lang='lat' dir='ltr'><strong>mensis</strong></span> <span class='ocrx_word' id='word_1_73' title='bbox 1667 1188 1795 1228; x_wconf 88' lang='lat' dir='ltr'><strong>aprilis,</strong></span> <span class='ocrx_word' id='word_1_74' title='bbox 1822 1188 1902 1219; x_wconf 85' lang='lat' dir='ltr'><strong>hora</strong></span> <span class='ocrx_word' id='word_1_75' title='bbox 1929 1189 2104 1229; x_wconf 86' lang='lat' dir='ltr'><strong>vigesima,</strong></span> 
     </span>
     <span class='ocr_line' id='line_1_11' title="bbox 550 1250 2103 1291; baseline 0 -9"><span class='ocrx_word' id='word_1_76' title='bbox 550 1252 580 1282; x_wconf 92' lang='lat' dir='ltr'><strong>in</strong></span> <span class='ocrx_word' id='word_1_77' title='bbox 608 1252 743 1282; x_wconf 84' lang='lat' dir='ltr'><strong>civitate</strong></span> <span class='ocrx_word' id='word_1_78' title='bbox 769 1250 884 1291; x_wconf 81' lang='lat' dir='ltr'><strong>Papie,</strong></span> <span class='ocrx_word' id='word_1_79' title='bbox 901 1251 1057 1282; x_wconf 90' lang='lat' dir='ltr'><strong>videlicet</strong></span> <span class='ocrx_word' id='word_1_80' title='bbox 1084 1252 1115 1282; x_wconf 90' lang='lat' dir='ltr'><strong>in</strong></span> <span class='ocrx_word' id='word_1_81' title='bbox 1142 1251 1256 1282; x_wconf 90' lang='lat' dir='ltr'><strong>studio</strong></span> <span class='ocrx_word' id='word_1_82' title='bbox 1274 1251 1397 1282; x_wconf 88' lang='lat' dir='ltr'><strong>domus</strong></span> <span class='ocrx_word' id='word_1_83' title='bbox 1416 1251 1640 1282; x_wconf 78' lang='lat' dir='ltr'><strong>habitacionis</strong></span> <span class='ocrx_word' id='word_1_84' title='bbox 1659 1260 1733 1291; x_wconf 88' lang='lat' dir='ltr'><strong>rney</strong></span> <span class='ocrx_word' id='word_1_85' title='bbox 1752 1251 1869 1282; x_wconf 87' lang='lat' dir='ltr'><strong>notarii</strong></span> <span class='ocrx_word' id='word_1_86' title='bbox 1890 1250 2103 1291; x_wconf 83' lang='lat' dir='ltr'><strong>infrascripti,</strong></span> 
     </span>
     <span class='ocr_line' id='line_1_12' title="bbox 278 1312 2103 1354; baseline -0.001 -9"><span class='ocrx_word' id='word_1_87' title='bbox 278 1314 378 1345; x_wconf 76' lang='lat' dir='ltr'><strong>Portc</strong></span> <span class='ocrx_word' id='word_1_88' title='bbox 407 1314 606 1351; x_wconf 85' lang='lat' dir='ltr'><strong>Laudensis,</strong></span> <span class='ocrx_word' id='word_1_89' title='bbox 634 1313 797 1345; x_wconf 78' lang='lat' dir='ltr'><strong>Parochie</strong></span> <span class='ocrx_word' id='word_1_90' title='bbox 823 1316 939 1345; x_wconf 86' lang='lat' dir='ltr'><strong>sancte</strong></span> <span class='ocrx_word' id='word_1_91' title='bbox 966 1313 1073 1344; x_wconf 89' lang='lat' dir='ltr'><strong>Marie</strong></span> <span class='ocrx_word' id='word_1_92' title='bbox 1110 1313 1280 1345; x_wconf 86' lang='lat' dir='ltr'><strong>Venetice.</strong></span> <span class='ocrx_word' id='word_1_93' title='bbox 1320 1313 1435 1354; x_wconf 83' lang='lat' dir='ltr'><strong>ibique</strong></span> <span class='ocrx_word' id='word_1_94' title='bbox 1463 1314 1493 1344; x_wconf 87' lang='lat' dir='ltr'><strong>in</strong></span> <span class='ocrx_word' id='word_1_95' title='bbox 1521 1322 1595 1354; x_wconf 90' lang='lat' dir='ltr'><strong>mey</strong></span> <span class='ocrx_word' id='word_1_96' title='bbox 1633 1314 1751 1344; x_wconf 89' lang='lat' dir='ltr'><strong>notarii</strong></span> <span class='ocrx_word' id='word_1_97' title='bbox 1778 1315 1809 1344; x_wconf 90' lang='lat' dir='ltr'><strong>et</strong></span> <span class='ocrx_word' id='word_1_98' title='bbox 1835 1313 1968 1345; x_wconf 89' lang='lat' dir='ltr'><strong>testium</strong></span> <span class='ocrx_word' id='word_1_99' title='bbox 2002 1312 2103 1344; x_wconf 83' lang='lat' dir='ltr'><strong>infra-</strong></span> 
     </span>
     <span class='ocr_line' id='line_1_13' title="bbox 279 1374 2104 1417; baseline 0 -10"><span class='ocrx_word' id='word_1_100' title='bbox 279 1377 481 1416; x_wconf 86' lang='lat' dir='ltr'><strong>scriptornm</strong></span> <span class='ocrx_word' id='word_1_101' title='bbox 509 1376 698 1416; x_wconf 79' lang='lat' dir='ltr'><strong>presencia,</strong></span> <span class='ocrx_word' id='word_1_102' title='bbox 726 1375 892 1407; x_wconf 86' lang='lat' dir='ltr'><strong>Iohannes</strong></span> <span class='ocrx_word' id='word_1_103' title='bbox 919 1375 1078 1407; x_wconf 87' lang='lat' dir='ltr'><strong>Mathens</strong></span> <span class='ocrx_word' id='word_1_104' title='bbox 1105 1376 1146 1407; x_wconf 89' lang='lat' dir='ltr'><strong>de</strong></span> <span class='ocrx_word' id='word_1_105' title='bbox 1173 1374 1352 1413; x_wconf 82' lang='lat' dir='ltr'><strong>Gandello,</strong></span> <span class='ocrx_word' id='word_1_106' title='bbox 1380 1376 1566 1413; x_wconf 86' lang='lat' dir='ltr'><strong>Laurencii,</strong></span> <span class='ocrx_word' id='word_1_107' title='bbox 1592 1385 1666 1407; x_wconf 89' lang='lat' dir='ltr'><strong>cum</strong></span> <span class='ocrx_word' id='word_1_108' title='bbox 1694 1376 1844 1413; x_wconf 86' lang='lat' dir='ltr'><strong>licencia,</strong></span> <span class='ocrx_word' id='word_1_109' title='bbox 1872 1376 2048 1417; x_wconf 83' lang='lat' dir='ltr'><strong>presencia</strong></span> <span class='ocrx_word' id='word_1_110' title='bbox 2073 1379 2104 1408; x_wconf 91' lang='lat' dir='ltr'><strong>et</strong></span> 
     </span>
     <span class='ocr_line' id='line_1_14' title="bbox 279 1436 2103 1479; baseline 0.001 -10"><span class='ocrx_word' id='word_1_111' title='bbox 279 1439 477 1470; x_wconf 86' lang='lat' dir='ltr'><strong>anctoritate</strong></span> <span class='ocrx_word' id='word_1_112' title='bbox 505 1439 613 1478; x_wconf 89' lang='lat' dir='ltr'><strong>ipsius</strong></span> <span class='ocrx_word' id='word_1_113' title='bbox 641 1438 814 1469; x_wconf 88' lang='lat' dir='ltr'><strong>Laurencii</strong></span> <span class='ocrx_word' id='word_1_114' title='bbox 842 1439 915 1469; x_wconf 91' lang='lat' dir='ltr'><strong>eius</strong></span> <span class='ocrx_word' id='word_1_115' title='bbox 942 1439 1046 1478; x_wconf 87' lang='lat' dir='ltr'><strong>patris</strong></span> <span class='ocrx_word' id='word_1_116' title='bbox 1065 1436 1126 1477; x_wconf 91' lang='lat' dir='ltr'><strong>(l),</strong></span> <span class='ocrx_word' id='word_1_117' title='bbox 1152 1440 1213 1470; x_wconf 91' lang='lat' dir='ltr'><strong>etc.</strong></span> <span class='ocrx_word' id='word_1_118' title='bbox 1252 1441 1384 1479; x_wconf 90' lang='lat' dir='ltr'><strong>sponte,</strong></span> <span class='ocrx_word' id='word_1_119' title='bbox 1411 1441 1472 1470; x_wconf 89' lang='lat' dir='ltr'><strong>etc.</strong></span> <span class='ocrx_word' id='word_1_120' title='bbox 1511 1439 1664 1479; x_wconf 87' lang='lat' dir='ltr'><strong>promisit</strong></span> <span class='ocrx_word' id='word_1_121' title='bbox 1691 1441 1722 1470; x_wconf 90' lang='lat' dir='ltr'><strong>et</strong></span> <span class='ocrx_word' id='word_1_122' title='bbox 1747 1439 1905 1470; x_wconf 90' lang='lat' dir='ltr'><strong>convenit</strong></span> <span class='ocrx_word' id='word_1_123' title='bbox 1943 1439 2103 1479; x_wconf 91' lang='lat' dir='ltr'><strong>magistro</strong></span> 
     </span>
     <span class='ocr_line' id='line_1_15' title="bbox 279 1500 2104 1542; baseline 0 -10"><span class='ocrx_word' id='word_1_124' title='bbox 279 1501 420 1532; x_wconf 80' lang='lat' dir='ltr'><strong>Matheo</strong></span> <span class='ocrx_word' id='word_1_125' title='bbox 445 1501 486 1532; x_wconf 85' lang='lat' dir='ltr'><strong>de</strong></span> <span class='ocrx_word' id='word_1_126' title='bbox 514 1500 684 1532; x_wconf 81' lang='lat' dir='ltr'><strong>Binascho</strong></span> <span class='ocrx_word' id='word_1_127' title='bbox 710 1501 777 1531; x_wconf 87' lang='lat' dir='ltr'><strong>tilio</strong></span> <span class='ocrx_word' id='word_1_128' title='bbox 804 1501 953 1541; x_wconf 78' lang='lat' dir='ltr'><strong>magistri</strong></span> <span class='ocrx_word' id='word_1_129' title='bbox 981 1500 1138 1532; x_wconf 87' lang='lat' dir='ltr'><strong>Beltrami</strong></span> <span class='ocrx_word' id='word_1_130' title='bbox 1167 1501 1210 1531; x_wconf 88' lang='lat' dir='ltr'><strong>ibi</strong></span> <span class='ocrx_word' id='word_1_131' title='bbox 1239 1501 1398 1541; x_wconf 73' lang='lat' dir='ltr'><strong>presenti,</strong></span> <span class='ocrx_word' id='word_1_132' title='bbox 1424 1503 1486 1532; x_wconf 88' lang='lat' dir='ltr'><strong>etc.</strong></span> <span class='ocrx_word' id='word_1_133' title='bbox 1502 1501 1610 1532; x_wconf 89' lang='lat' dir='ltr'><strong>eidem</strong></span> <span class='ocrx_word' id='word_1_134' title='bbox 1631 1501 1791 1542; x_wconf 85' lang='lat' dir='ltr'><strong>magistro</strong></span> <span class='ocrx_word' id='word_1_135' title='bbox 1810 1500 1948 1532; x_wconf 84' lang='lat' dir='ltr'><strong>Matheo</strong></span> <span class='ocrx_word' id='word_1_136' title='bbox 1967 1501 2104 1541; x_wconf 87' lang='lat' dir='ltr'><strong>pingere</strong></span> 
     </span>
     <span class='ocr_line' id='line_1_16' title="bbox 281 1563 2100 1606; baseline -0.001 -11"><span class='ocrx_word' id='word_1_137' title='bbox 281 1573 356 1595; x_wconf 88' lang='lat' dir='ltr'><strong>cum</strong></span> <span class='ocrx_word' id='word_1_138' title='bbox 383 1564 556 1595; x_wconf 87' lang='lat' dir='ltr'><strong>coloribus</strong></span> <span class='ocrx_word' id='word_1_139' title='bbox 583 1564 638 1604; x_wconf 88' lang='lat' dir='ltr'><strong>qui</strong></span> <span class='ocrx_word' id='word_1_140' title='bbox 667 1572 731 1594; x_wconf 92' lang='lat' dir='ltr'><strong>non</strong></span> <span class='ocrx_word' id='word_1_141' title='bbox 759 1563 942 1595; x_wconf 87' lang='lat' dir='ltr'><strong>moriantur</strong></span> <span class='ocrx_word' id='word_1_142' title='bbox 980 1564 1063 1606; x_wconf 82' lang='lat' dir='ltr'><strong>ultra</strong></span> <span class='ocrx_word' id='word_1_143' title='bbox 1101 1572 1197 1595; x_wconf 90' lang='lat' dir='ltr'><strong>suam</strong></span> <span class='ocrx_word' id='word_1_144' title='bbox 1236 1565 1399 1601; x_wconf 87' lang='lat' dir='ltr'><strong>naturam,</strong></span> <span class='ocrx_word' id='word_1_145' title='bbox 1433 1572 1565 1595; x_wconf 89' lang='lat' dir='ltr'><strong>omnem</strong></span> <span class='ocrx_word' id='word_1_146' title='bbox 1592 1563 1681 1594; x_wconf 88' lang='lat' dir='ltr'><strong>illam</strong></span> <span class='ocrx_word' id='word_1_147' title='bbox 1708 1564 1928 1603; x_wconf 85' lang='lat' dir='ltr'><strong>quantitatem</strong></span> <span class='ocrx_word' id='word_1_148' title='bbox 1955 1563 2100 1594; x_wconf 86' lang='lat' dir='ltr'><strong>orlorum</strong></span> 
     </span>
     <span class='ocr_line' id='line_1_17' title="bbox 281 1624 2103 1666; baseline -0.001 -8"><span class='ocrx_word' id='word_1_149' title='bbox 281 1627 508 1658; x_wconf 87' lang='lat' dir='ltr'><strong>necessariam</strong></span> <span class='ocrx_word' id='word_1_150' title='bbox 536 1635 596 1666; x_wconf 89' lang='lat' dir='ltr'><strong>pro</strong></span> <span class='ocrx_word' id='word_1_151' title='bbox 623 1624 782 1666; x_wconf 89' lang='lat' dir='ltr'><strong>Capitulo</strong></span> <span class='ocrx_word' id='word_1_152' title='bbox 809 1635 898 1656; x_wconf 91' lang='lat' dir='ltr'><strong>novo</strong></span> <span class='ocrx_word' id='word_1_153' title='bbox 924 1626 1066 1657; x_wconf 86' lang='lat' dir='ltr'><strong>ecclesie</strong></span> <span class='ocrx_word' id='word_1_154' title='bbox 1093 1626 1200 1657; x_wconf 84' lang='lat' dir='ltr'><strong>sancti</strong></span> <span class='ocrx_word' id='word_1_155' title='bbox 1227 1625 1407 1666; x_wconf 82' lang='lat' dir='ltr'><strong>Augustini</strong></span> <span class='ocrx_word' id='word_1_156' title='bbox 1435 1624 1550 1666; x_wconf 86' lang='lat' dir='ltr'><strong>Papie,</strong></span> <span class='ocrx_word' id='word_1_157' title='bbox 1577 1625 1650 1657; x_wconf 90' lang='lat' dir='ltr'><strong>suis</strong></span> <span class='ocrx_word' id='word_1_158' title='bbox 1668 1625 1862 1665; x_wconf 87' lang='lat' dir='ltr'><strong>sumptibus</strong></span> <span class='ocrx_word' id='word_1_159' title='bbox 1877 1628 1907 1656; x_wconf 95' lang='lat' dir='ltr'><strong>et</strong></span> <span class='ocrx_word' id='word_1_160' title='bbox 1925 1625 2103 1665; x_wconf 89' lang='lat' dir='ltr'><strong>expensis:</strong></span> 
     </span>
     <span class='ocr_line' id='line_1_18' title="bbox 282 1687 2101 1728; baseline -0.001 -9"><span class='ocrx_word' id='word_1_161' title='bbox 282 1689 359 1720; x_wconf 89' lang='lat' dir='ltr'><strong>item</strong></span> <span class='ocrx_word' id='word_1_162' title='bbox 386 1690 415 1720; x_wconf 91' lang='lat' dir='ltr'><strong>et</strong></span> <span class='ocrx_word' id='word_1_163' title='bbox 443 1689 578 1719; x_wconf 87' lang='lat' dir='ltr'><strong>brachia</strong></span> <span class='ocrx_word' id='word_1_164' title='bbox 616 1690 749 1719; x_wconf 89' lang='lat' dir='ltr'><strong>centum</strong></span> <span class='ocrx_word' id='word_1_165' title='bbox 788 1688 1016 1719; x_wconf 85' lang='lat' dir='ltr'><strong>cornixiorum</strong></span> <span class='ocrx_word' id='word_1_166' title='bbox 1043 1690 1073 1719; x_wconf 91' lang='lat' dir='ltr'><strong>et</strong></span> <span class='ocrx_word' id='word_1_167' title='bbox 1100 1690 1297 1719; x_wconf 87' lang='lat' dir='ltr'><strong>retortorurn</strong></span> <span class='ocrx_word' id='word_1_168' title='bbox 1325 1697 1399 1719; x_wconf 90' lang='lat' dir='ltr'><strong>cum</strong></span> <span class='ocrx_word' id='word_1_169' title='bbox 1427 1687 1584 1728; x_wconf 83' lang='lat' dir='ltr'><strong>foglamis</strong></span> <span class='ocrx_word' id='word_1_170' title='bbox 1610 1687 1797 1719; x_wconf 87' lang='lat' dir='ltr'><strong>secundum</strong></span> <span class='ocrx_word' id='word_1_171' title='bbox 1835 1687 1926 1727; x_wconf 88' lang='lat' dir='ltr'><strong>quod</strong></span> <span class='ocrx_word' id='word_1_172' title='bbox 1953 1689 2030 1719; x_wconf 91' lang='lat' dir='ltr'><strong>sunt</strong></span> <span class='ocrx_word' id='word_1_173' title='bbox 2057 1687 2101 1718; x_wconf 94' lang='lat' dir='ltr'><strong>illi</strong></span> 
     </span>
     <span class='ocr_line' id='line_1_19' title="bbox 285 1748 2102 1791; baseline 0 -9"><span class='ocrx_word' id='word_1_174' title='bbox 285 1751 472 1791; x_wconf 85' lang='lat' dir='ltr'><strong>Hospitalis</strong></span> <span class='ocrx_word' id='word_1_175' title='bbox 509 1750 595 1781; x_wconf 88' lang='lat' dir='ltr'><strong>Novi</strong></span> <span class='ocrx_word' id='word_1_176' title='bbox 636 1750 740 1791; x_wconf 80' lang='lat' dir='ltr'><strong>Papie</strong></span> <span class='ocrx_word' id='word_1_177' title='bbox 759 1748 820 1790; x_wconf 85' lang='lat'><strong>(2),</strong></span> <span class='ocrx_word' id='word_1_178' title='bbox 847 1751 943 1781; x_wconf 84' lang='lat' dir='ltr'><strong>salvo</strong></span> <span class='ocrx_word' id='word_1_179' title='bbox 969 1751 1060 1790; x_wconf 85' lang='lat' dir='ltr'><strong>quod</strong></span> <span class='ocrx_word' id='word_1_180' title='bbox 1089 1751 1183 1791; x_wconf 89' lang='lat' dir='ltr'><strong>ipsos</strong></span> <span class='ocrx_word' id='word_1_181' title='bbox 1209 1751 1348 1791; x_wconf 85' lang='lat' dir='ltr'><strong>pingere</strong></span> <span class='ocrx_word' id='word_1_182' title='bbox 1373 1753 1525 1782; x_wconf 88' lang='lat' dir='ltr'><strong>teneatur</strong></span> <span class='ocrx_word' id='word_1_183' title='bbox 1549 1750 1590 1782; x_wconf 89' lang='lat' dir='ltr'><strong>de</strong></span> <span class='ocrx_word' id='word_1_184' title='bbox 1618 1750 1682 1782; x_wconf 93' lang='lat' dir='ltr'><strong>illis</strong></span> <span class='ocrx_word' id='word_1_185' title='bbox 1708 1750 1880 1781; x_wconf 88' lang='lat' dir='ltr'><strong>coloribus</strong></span> <span class='ocrx_word' id='word_1_186' title='bbox 1906 1749 1947 1781; x_wconf 91' lang='lat' dir='ltr'><strong>de</strong></span> <span class='ocrx_word' id='word_1_187' title='bbox 1977 1750 2102 1790; x_wconf 86' lang='lat' dir='ltr'><strong>quibus</strong></span> 
     </span>
     <span class='ocr_line' id='line_1_20' title="bbox 286 1812 2102 1855; baseline -0.001 -10"><span class='ocrx_word' id='word_1_188' title='bbox 286 1815 392 1855; x_wconf 81' lang='lat' dir='ltr'><strong>pingit</strong></span> <span class='ocrx_word' id='word_1_189' title='bbox 419 1824 505 1845; x_wconf 89' lang='lat' dir='ltr'><strong>nunc</strong></span> <span class='ocrx_word' id='word_1_190' title='bbox 533 1815 627 1854; x_wconf 85' lang='lat' dir='ltr'><strong>ipsos</strong></span> <span class='ocrx_word' id='word_1_191' title='bbox 661 1813 752 1844; x_wconf 92' lang='lat' dir='ltr'><strong>orlos</strong></span> <span class='ocrx_word' id='word_1_192' title='bbox 777 1814 884 1844; x_wconf 88' lang='lat' dir='ltr'><strong>sancti</strong></span> <span class='ocrx_word' id='word_1_193' title='bbox 912 1812 1104 1853; x_wconf 81' lang='lat' dir='ltr'><strong>Augustini,</strong></span> <span class='ocrx_word' id='word_1_194' title='bbox 1131 1813 1319 1844; x_wconf 84' lang='lat' dir='ltr'><strong>secundum</strong></span> <span class='ocrx_word' id='word_1_195' title='bbox 1346 1815 1528 1844; x_wconf 78' lang='lat' dir='ltr'><strong>monstram</strong></span> <span class='ocrx_word' id='word_1_196' title='bbox 1555 1813 1667 1844; x_wconf 86' lang='lat' dir='ltr'><strong>datam</strong></span> <span class='ocrx_word' id='word_1_197' title='bbox 1694 1822 1753 1853; x_wconf 91' lang='lat' dir='ltr'><strong>per</strong></span> <span class='ocrx_word' id='word_1_198' title='bbox 1779 1814 1889 1853; x_wconf 89' lang='lat' dir='ltr'><strong>ipsum</strong></span> <span class='ocrx_word' id='word_1_199' title='bbox 1924 1813 2102 1844; x_wconf 88' lang='lat' dir='ltr'><strong>iohannem</strong></span> 
     </span>
     <span class='ocr_line' id='line_1_21' title="bbox 284 1874 2105 1916; baseline -0.001 -8"><span class='ocrx_word' id='word_1_200' title='bbox 284 1877 458 1908; x_wconf 88' lang='lat' dir='ltr'><strong>Matheum</strong></span> <span class='ocrx_word' id='word_1_201' title='bbox 498 1876 681 1908; x_wconf 87' lang='lat' dir='ltr'><strong>venerabili</strong></span> <span class='ocrx_word' id='word_1_202' title='bbox 709 1876 780 1907; x_wconf 89' lang='lat' dir='ltr'><strong>viro</strong></span> <span class='ocrx_word' id='word_1_203' title='bbox 806 1876 944 1906; x_wconf 91' lang='lat' dir='ltr'><strong>domino</strong></span> <span class='ocrx_word' id='word_1_204' title='bbox 970 1875 1075 1906; x_wconf 85' lang='lat' dir='ltr'><strong>Priori</strong></span> <span class='ocrx_word' id='word_1_205' title='bbox 1102 1876 1190 1906; x_wconf 89' lang='lat' dir='ltr'><strong>dicte</strong></span> <span class='ocrx_word' id='word_1_206' title='bbox 1215 1876 1368 1907; x_wconf 86' lang='lat' dir='ltr'><strong>ecclesie.</strong></span> <span class='ocrx_word' id='word_1_207' title='bbox 1396 1874 1435 1906; x_wconf 81' lang='lat' dir='ltr'><strong>Et</strong></span> <span class='ocrx_word' id='word_1_208' title='bbox 1461 1876 1523 1906; x_wconf 91' lang='lat' dir='ltr'><strong>hoc</strong></span> <span class='ocrx_word' id='word_1_209' title='bbox 1560 1875 1643 1906; x_wconf 87' lang='lat' dir='ltr'><strong>infra</strong></span> <span class='ocrx_word' id='word_1_210' title='bbox 1678 1884 1812 1907; x_wconf 90' lang='lat' dir='ltr'><strong>menses</strong></span> <span class='ocrx_word' id='word_1_211' title='bbox 1839 1875 1925 1907; x_wconf 90' lang='lat' dir='ltr'><strong>duos</strong></span> <span class='ocrx_word' id='word_1_212' title='bbox 1952 1876 2105 1916; x_wconf 87' lang='lat' dir='ltr'><strong>proxime</strong></span> 
     </span>
     <span class='ocr_line' id='line_1_22' title="bbox 286 1937 2105 1979; baseline -0.001 -9"><span class='ocrx_word' id='word_1_213' title='bbox 286 1939 518 1976; x_wconf 83' lang='lat' dir='ltr'><strong>futuros,cum</strong></span> <span class='ocrx_word' id='word_1_214' title='bbox 537 1939 599 1969; x_wconf 89' lang='lat' dir='ltr'><strong>hoc</strong></span> <span class='ocrx_word' id='word_1_215' title='bbox 618 1938 708 1978; x_wconf 84' lang='lat' dir='ltr'><strong>quod</strong></span> <span class='ocrx_word' id='word_1_216' title='bbox 727 1938 839 1970; x_wconf 88' lang='lat' dir='ltr'><strong>dictus</strong></span> <span class='ocrx_word' id='word_1_217' title='bbox 866 1938 1025 1979; x_wconf 85' lang='lat' dir='ltr'><strong>magister</strong></span> <span class='ocrx_word' id='word_1_218' title='bbox 1050 1938 1209 1969; x_wconf 88' lang='lat' dir='ltr'><strong>Matheus</strong></span> <span class='ocrx_word' id='word_1_219' title='bbox 1228 1940 1380 1969; x_wconf 90' lang='lat' dir='ltr'><strong>teneatur</strong></span> <span class='ocrx_word' id='word_1_220' title='bbox 1397 1938 1504 1969; x_wconf 87' lang='lat' dir='ltr'><strong>eidem</strong></span> <span class='ocrx_word' id='word_1_221' title='bbox 1533 1937 1669 1969; x_wconf 89' lang='lat' dir='ltr'><strong>Iohanni</strong></span> <span class='ocrx_word' id='word_1_222' title='bbox 1696 1938 1835 1969; x_wconf 88' lang='lat' dir='ltr'><strong>Matheo</strong></span> <span class='ocrx_word' id='word_1_223' title='bbox 1860 1938 1939 1969; x_wconf 88' lang='lat' dir='ltr'><strong>dare</strong></span> <span class='ocrx_word' id='word_1_224' title='bbox 1965 1946 2105 1979; x_wconf 86' lang='lat' dir='ltr'><strong>grossos</strong></span> 
     </span>
     <span class='ocr_line' id='line_1_23' title="bbox 285 1998 2102 2041; baseline -0.001 -9"><span class='ocrx_word' id='word_1_225' title='bbox 285 2001 465 2032; x_wconf 79' lang='lat' dir='ltr'><strong>duodecim</strong></span> <span class='ocrx_word' id='word_1_226' title='bbox 492 2001 677 2032; x_wconf 85' lang='lat' dir='ltr'><strong>Mediolani</strong></span> <span class='ocrx_word' id='word_1_227' title='bbox 706 2009 766 2040; x_wconf 89' lang='lat' dir='ltr'><strong>pro</strong></span> <span class='ocrx_word' id='word_1_228' title='bbox 792 2000 927 2041; x_wconf 83' lang='lat' dir='ltr'><strong>singulo</strong></span> <span class='ocrx_word' id='word_1_229' title='bbox 953 2001 1146 2032; x_wconf 86' lang='lat' dir='ltr'><strong>centenario</strong></span> <span class='ocrx_word' id='word_1_230' title='bbox 1183 2001 1395 2032; x_wconf 87' lang='lat' dir='ltr'><strong>brachiorum</strong></span> <span class='ocrx_word' id='word_1_231' title='bbox 1422 2000 1475 2031; x_wconf 88' lang='lat' dir='ltr'><strong>dic</strong></span> <span class='ocrx_word' id='word_1_232' title='bbox 1502 2002 1608 2031; x_wconf 90' lang='lat' dir='ltr'><strong>torum</strong></span> <span class='ocrx_word' id='word_1_233' title='bbox 1635 2000 1792 2031; x_wconf 89' lang='lat' dir='ltr'><strong>orlorum.</strong></span> <span class='ocrx_word' id='word_1_234' title='bbox 1819 1998 1914 2037; x_wconf 86' lang='lat' dir='ltr'><strong>Quas</strong></span> <span class='ocrx_word' id='word_1_235' title='bbox 1939 2000 2102 2040; x_wconf 85' lang='lat' dir='ltr'><strong>pecunias</strong></span> 
     </span>
     <span class='ocr_line' id='line_1_24' title="bbox 285 2061 2108 2103; baseline -0.001 -8"><span class='ocrx_word' id='word_1_236' title='bbox 285 2064 418 2095; x_wconf 87' lang='lat' dir='ltr'><strong>solvere</strong></span> <span class='ocrx_word' id='word_1_237' title='bbox 444 2066 474 2094; x_wconf 93' lang='lat' dir='ltr'><strong>et</strong></span> <span class='ocrx_word' id='word_1_238' title='bbox 501 2063 685 2094; x_wconf 86' lang='lat' dir='ltr'><strong>exbursare</strong></span> <span class='ocrx_word' id='word_1_239' title='bbox 712 2065 865 2094; x_wconf 83' lang='lat' dir='ltr'><strong>teneatur</strong></span> <span class='ocrx_word' id='word_1_240' title='bbox 889 2063 930 2094; x_wconf 92' lang='lat' dir='ltr'><strong>de</strong></span> <span class='ocrx_word' id='word_1_241' title='bbox 957 2063 1151 2094; x_wconf 88' lang='lat' dir='ltr'><strong>centenario</strong></span> <span class='ocrx_word' id='word_1_242' title='bbox 1177 2063 1208 2094; x_wconf 93' lang='lat' dir='ltr'><strong>in</strong></span> <span class='ocrx_word' id='word_1_243' title='bbox 1235 2063 1475 2100; x_wconf 90' lang='lat' dir='ltr'><strong>centenarium,</strong></span> <span class='ocrx_word' id='word_1_244' title='bbox 1502 2063 1599 2094; x_wconf 88' lang='lat' dir='ltr'><strong>salvo</strong></span> <span class='ocrx_word' id='word_1_245' title='bbox 1625 2062 1715 2103; x_wconf 87' lang='lat' dir='ltr'><strong>quod</strong></span> <span class='ocrx_word' id='word_1_246' title='bbox 1743 2063 1816 2103; x_wconf 90' lang='lat' dir='ltr'><strong>ipse</strong></span> <span class='ocrx_word' id='word_1_247' title='bbox 1843 2061 2008 2094; x_wconf 89' lang='lat' dir='ltr'><strong>lohannes</strong></span> <span class='ocrx_word' id='word_1_248' title='bbox 2034 2062 2108 2094; x_wconf 88' lang='lat' dir='ltr'><strong>Ma-</strong></span> 
     </span>
     <span class='ocr_line' id='line_1_25' title="bbox 286 2124 2106 2166; baseline -0.001 -9"><span class='ocrx_word' id='word_1_249' title='bbox 286 2127 385 2158; x_wconf 87' lang='lat' dir='ltr'><strong>theus</strong></span> <span class='ocrx_word' id='word_1_250' title='bbox 411 2127 555 2157; x_wconf 82' lang='lat' dir='ltr'><strong>creditor</strong></span> <span class='ocrx_word' id='word_1_251' title='bbox 581 2127 623 2157; x_wconf 89' lang='lat' dir='ltr'><strong>sit</strong></span> <span class='ocrx_word' id='word_1_252' title='bbox 650 2126 750 2157; x_wconf 86' lang='lat' dir='ltr'><strong>unius</strong></span> <span class='ocrx_word' id='word_1_253' title='bbox 787 2126 981 2162; x_wconf 85' lang='lat' dir='ltr'><strong>centenarii,</strong></span> <span class='ocrx_word' id='word_1_254' title='bbox 1019 2125 1127 2156; x_wconf 89' lang='lat' dir='ltr'><strong>donec</strong></span> <span class='ocrx_word' id='word_1_255' title='bbox 1154 2126 1226 2166; x_wconf 91' lang='lat' dir='ltr'><strong>ipse</strong></span> <span class='ocrx_word' id='word_1_256' title='bbox 1253 2125 1397 2156; x_wconf 78' lang='lat' dir='ltr'><strong>finiverit</strong></span> <span class='ocrx_word' id='word_1_257' title='bbox 1423 2134 1511 2165; x_wconf 89' lang='lat' dir='ltr'><strong>opus</strong></span> <span class='ocrx_word' id='word_1_258' title='bbox 1538 2126 1688 2165; x_wconf 89' lang='lat' dir='ltr'><strong>ipsorum</strong></span> <span class='ocrx_word' id='word_1_259' title='bbox 1725 2125 1881 2156; x_wconf 84' lang='lat' dir='ltr'><strong>orloruni.</strong></span> <span class='ocrx_word' id='word_1_260' title='bbox 1910 2124 1987 2156; x_wconf 89' lang='lat' dir='ltr'><strong>ltem</strong></span> <span class='ocrx_word' id='word_1_261' title='bbox 2014 2125 2106 2164; x_wconf 87' lang='lat' dir='ltr'><strong>quod</strong></span> 
     </span>
     <span class='ocr_line' id='line_1_26' title="bbox 288 2187 2107 2229; baseline -0.001 -9"><span class='ocrx_word' id='word_1_262' title='bbox 288 2190 360 2229; x_wconf 86' lang='lat' dir='ltr'><strong>ipse</strong></span> <span class='ocrx_word' id='word_1_263' title='bbox 399 2189 558 2229; x_wconf 78' lang='lat' dir='ltr'><strong>magister</strong></span> <span class='ocrx_word' id='word_1_264' title='bbox 596 2188 755 2219; x_wconf 87' lang='lat' dir='ltr'><strong>Matheus</strong></span> <span class='ocrx_word' id='word_1_265' title='bbox 789 2190 941 2219; x_wconf 83' lang='lat' dir='ltr'><strong>teneatur</strong></span> <span class='ocrx_word' id='word_1_266' title='bbox 967 2188 1030 2219; x_wconf 88' lang='lat' dir='ltr'><strong>sibi</strong></span> <span class='ocrx_word' id='word_1_267' title='bbox 1059 2188 1213 2219; x_wconf 88' lang='lat' dir='ltr'><strong>traddere</strong></span> <span class='ocrx_word' id='word_1_268' title='bbox 1250 2188 1360 2219; x_wconf 86' lang='lat' dir='ltr'><strong>dictos</strong></span> <span class='ocrx_word' id='word_1_269' title='bbox 1397 2187 1487 2218; x_wconf 88' lang='lat' dir='ltr'><strong>orlos</strong></span> <span class='ocrx_word' id='word_1_270' title='bbox 1513 2188 1554 2219; x_wconf 85' lang='lat' dir='ltr'><strong>ad</strong></span> <span class='ocrx_word' id='word_1_271' title='bbox 1581 2188 1809 2219; x_wconf 89' lang='lat' dir='ltr'><strong>omnimodam</strong></span> <span class='ocrx_word' id='word_1_272' title='bbox 1847 2187 2107 2227; x_wconf 87' lang='lat' dir='ltr'><strong>requisicionem</strong></span> 
     </span>
     <span class='ocr_line' id='line_1_27' title="bbox 289 2249 2109 2292; baseline -0.001 -10"><span class='ocrx_word' id='word_1_273' title='bbox 289 2252 397 2291; x_wconf 88' lang='lat' dir='ltr'><strong>ipsius</strong></span> <span class='ocrx_word' id='word_1_274' title='bbox 424 2251 581 2282; x_wconf 90' lang='lat' dir='ltr'><strong>Iohannis</strong></span> <span class='ocrx_word' id='word_1_275' title='bbox 608 2251 747 2287; x_wconf 87' lang='lat' dir='ltr'><strong>Mathei,</strong></span> <span class='ocrx_word' id='word_1_276' title='bbox 775 2253 807 2281; x_wconf 89' lang='lat' dir='ltr'><strong>ut</strong></span> <span class='ocrx_word' id='word_1_277' title='bbox 835 2251 907 2291; x_wconf 84' lang='lat' dir='ltr'><strong>ipse</strong></span> <span class='ocrx_word' id='word_1_278' title='bbox 934 2251 1042 2291; x_wconf 91' lang='lat' dir='ltr'><strong>possit</strong></span> <span class='ocrx_word' id='word_1_279' title='bbox 1069 2251 1163 2291; x_wconf 88' lang='lat' dir='ltr'><strong>ipsos</strong></span> <span class='ocrx_word' id='word_1_280' title='bbox 1191 2251 1339 2292; x_wconf 84' lang='lat' dir='ltr'><strong>pingere.</strong></span> <span class='ocrx_word' id='word_1_281' title='bbox 1356 2251 1569 2291; x_wconf 81' lang='lat' dir='ltr'><strong>Etprecibus</strong></span> <span class='ocrx_word' id='word_1_282' title='bbox 1587 2252 1618 2282; x_wconf 91' lang='lat' dir='ltr'><strong>et</strong></span> <span class='ocrx_word' id='word_1_283' title='bbox 1637 2251 1804 2282; x_wconf 88' lang='lat' dir='ltr'><strong>mandatis</strong></span> <span class='ocrx_word' id='word_1_284' title='bbox 1823 2250 1932 2290; x_wconf 86' lang='lat' dir='ltr'><strong>ipsius</strong></span> <span class='ocrx_word' id='word_1_285' title='bbox 1952 2249 2109 2282; x_wconf 83' lang='lat' dir='ltr'><strong>lobannis</strong></span> 
     </span>
     <span class='ocr_line' id='line_1_28' title="bbox 288 2311 2110 2354; baseline -0.001 -9"><span class='ocrx_word' id='word_1_286' title='bbox 288 2314 415 2345; x_wconf 78' lang='lat' dir='ltr'><strong>Mathei</strong></span> <span class='ocrx_word' id='word_1_287' title='bbox 444 2314 596 2354; x_wconf 86' lang='lat' dir='ltr'><strong>promisit</strong></span> <span class='ocrx_word' id='word_1_288' title='bbox 612 2316 642 2345; x_wconf 89' lang='lat' dir='ltr'><strong>et</strong></span> <span class='ocrx_word' id='word_1_289' title='bbox 659 2314 827 2345; x_wconf 82' lang='lat' dir='ltr'><strong>fideiussit</strong></span> <span class='ocrx_word' id='word_1_290' title='bbox 854 2313 1058 2345; x_wconf 80' lang='lat' dir='ltr'><strong>Laurencius</strong></span> <span class='ocrx_word' id='word_1_291' title='bbox 1084 2313 1125 2344; x_wconf 87' lang='lat' dir='ltr'><strong>de</strong></span> <span class='ocrx_word' id='word_1_292' title='bbox 1144 2311 1311 2345; x_wconf 87' lang='lat' dir='ltr'><strong>Gandello</strong></span> <span class='ocrx_word' id='word_1_293' title='bbox 1330 2314 1403 2345; x_wconf 89' lang='lat' dir='ltr'><strong>eius</strong></span> <span class='ocrx_word' id='word_1_294' title='bbox 1422 2317 1516 2354; x_wconf 90' lang='lat' dir='ltr'><strong>pater</strong></span> <span class='ocrx_word' id='word_1_295' title='bbox 1543 2314 1586 2345; x_wconf 91' lang='lat' dir='ltr'><strong>ibi</strong></span> <span class='ocrx_word' id='word_1_296' title='bbox 1603 2322 1754 2354; x_wconf 85' lang='lat' dir='ltr'><strong>presens,</strong></span> <span class='ocrx_word' id='word_1_297' title='bbox 1774 2316 1834 2344; x_wconf 92' lang='lat' dir='ltr'><strong>etc.</strong></span> <span class='ocrx_word' id='word_1_298' title='bbox 1854 2311 1918 2350; x_wconf 88' lang='lat' dir='ltr'><strong>Qui</strong></span> <span class='ocrx_word' id='word_1_299' title='bbox 1947 2313 2110 2352; x_wconf 88' lang='lat' dir='ltr'><strong>promisit,</strong></span> 
     </span>
     <span class='ocr_line' id='line_1_29' title="bbox 289 2375 1996 2416; baseline 0 -9"><span class='ocrx_word' id='word_1_300' title='bbox 289 2381 351 2408; x_wconf 84' lang='lat' dir='ltr'><strong>etc.</strong></span> <span class='ocrx_word' id='word_1_301' title='bbox 379 2376 633 2415; x_wconf 72' lang='lat' dir='ltr'><strong>Renunciando,</strong></span> <span class='ocrx_word' id='word_1_302' title='bbox 660 2379 722 2408; x_wconf 89' lang='lat' dir='ltr'><strong>etc.</strong></span> <span class='ocrx_word' id='word_1_303' title='bbox 751 2376 891 2416; x_wconf 86' lang='lat' dir='ltr'><strong>Insuper</strong></span> <span class='ocrx_word' id='word_1_304' title='bbox 917 2376 1049 2414; x_wconf 86' lang='lat' dir='ltr'><strong>iuravit,</strong></span> <span class='ocrx_word' id='word_1_305' title='bbox 1076 2378 1138 2407; x_wconf 88' lang='lat' dir='ltr'><strong>etc.</strong></span> <span class='ocrx_word' id='word_1_306' title='bbox 1166 2375 1397 2414; x_wconf 71' lang='lat' dir='ltr'><strong>presentibus,</strong></span> <span class='ocrx_word' id='word_1_307' title='bbox 1423 2379 1484 2408; x_wconf 90' lang='lat' dir='ltr'><strong>etc.</strong></span> <span class='ocrx_word' id='word_1_308' title='bbox 1512 2377 1656 2408; x_wconf 86' lang='lat' dir='ltr'><strong>testibus</strong></span> <span class='ocrx_word' id='word_1_309' title='bbox 1683 2377 1770 2408; x_wconf 90' lang='lat' dir='ltr'><strong>notis</strong></span> <span class='ocrx_word' id='word_1_310' title='bbox 1797 2379 1827 2407; x_wconf 89' lang='lat' dir='ltr'><strong>et</strong></span> <span class='ocrx_word' id='word_1_311' title='bbox 1855 2376 1996 2407; x_wconf 89' lang='lat' dir='ltr'><strong>idoneis.</strong></span> 
     </span>
    </p>
   </div>
   <div class='ocr_carea' id='block_1_8' title="bbox 354 2538 1175 2569">
    <p class='ocr_par' dir='ltr' id='par_1_8' title="bbox 354 2538 1175 2569">
     <span class='ocr_line' id='line_1_30' title="bbox 354 2538 1175 2569; baseline 0.001 -6"><span class='ocrx_word' id='word_1_312' title='bbox 354 2545 359 2563; x_wconf 99' lang='lat' dir='ltr'><strong>l</strong></span> <span class='ocrx_word' id='word_1_313' title='bbox 389 2538 404 2563; x_wconf 72' lang='grc' dir='ltr'><strong>1ἶ</strong></span> <span class='ocrx_word' id='word_1_314' title='bbox 423 2543 450 2563; x_wconf 57' lang='lat' dir='ltr'><strong>iia</strong></span> <span class='ocrx_word' id='word_1_315' title='bbox 476 2550 609 2568; x_wconf 70' lang='lat' dir='ltr'><strong>presumere</strong></span> <span class='ocrx_word' id='word_1_316' title='bbox 633 2545 674 2564; x_wconf 78' lang='lat' dir='ltr'><strong>che</strong></span> <span class='ocrx_word' id='word_1_317' title='bbox 697 2550 741 2564; x_wconf 84' lang='lat' dir='ltr'><strong>non</strong></span> <span class='ocrx_word' id='word_1_318' title='bbox 765 2546 857 2564; x_wconf 76' lang='lat' dir='ltr'><strong>ostantc</strong></span> <span class='ocrx_word' id='word_1_319' title='bbox 879 2545 899 2564; x_wconf 85' lang='grc'><strong>13</strong></span> <span class='ocrx_word' id='word_1_320' title='bbox 922 2547 1033 2564; x_wconf 70' lang='lat' dir='ltr'><strong>sentenza</strong></span> <span class='ocrx_word' id='word_1_321' title='bbox 1056 2544 1175 2569; x_wconf 78' lang='lat' dir='ltr'><strong>arbitrale,</strong></span> 
     </span>
    </p>
   </div>
   <div class='ocr_carea' id='block_1_9' title="bbox 290 2589 1174 2793">
    <p class='ocr_par' dir='ltr' id='par_1_9' title="bbox 290 2589 1174 2748">
     <span class='ocr_line' id='line_1_31' title="bbox 292 2589 1172 2614; baseline 0.002 -7"><span class='ocrx_word' id='word_1_322' title='bbox 292 2591 445 2614; x_wconf 73' lang='lat' dir='ltr'><strong>pronunzwta</strong></span> <span class='ocrx_word' id='word_1_323' title='bbox 463 2589 512 2608; x_wconf 67' lang='lat' dir='ltr'><strong>sino</strong></span> <span class='ocrx_word' id='word_1_324' title='bbox 529 2589 564 2609; x_wconf 75' lang='lat' dir='ltr'><strong>dal</strong></span> <span class='ocrx_word' id='word_1_325' title='bbox 584 2590 606 2609; x_wconf 80' lang='grc'><strong>15</strong></span> <span class='ocrx_word' id='word_1_326' title='bbox 623 2595 700 2609; x_wconf 76' lang='lat' dir='ltr'><strong>marzo</strong></span> <span class='ocrx_word' id='word_1_327' title='bbox 726 2590 782 2613; x_wconf 56' lang='lat'><strong>1⁴57,</strong></span> <span class='ocrx_word' id='word_1_328' title='bbox 800 2590 819 2609; x_wconf 83' lang='grc'><strong>13</strong></span> <span class='ocrx_word' id='word_1_329' title='bbox 836 2595 906 2609; x_wconf 71' lang='lat' dir='ltr'><strong>cansa</strong></span> <span class='ocrx_word' id='word_1_330' title='bbox 922 2590 940 2609; x_wconf 74' lang='lat' dir='ltr'><strong>si</strong></span> <span class='ocrx_word' id='word_1_331' title='bbox 957 2591 1050 2609; x_wconf 65' lang='lat' dir='ltr'><strong>tenes-sc</strong></span> <span class='ocrx_word' id='word_1_332' title='bbox 1073 2589 1172 2609; x_wconf 74' lang='lat' dir='ltr'><strong>tuttavia</strong></span> 
     </span>
     <span class='ocr_line' id='line_1_32' title="bbox 291 2633 1174 2658; baseline 0 -5"><span class='ocrx_word' id='word_1_333' title='bbox 291 2639 372 2654; x_wconf 61' lang='lat' dir='ltr'><strong>accesit</strong></span> <span class='ocrx_word' id='word_1_334' title='bbox 390 2639 429 2658; x_wconf 73' lang='lat' dir='ltr'><strong>per</strong></span> <span class='ocrx_word' id='word_1_335' title='bbox 446 2634 599 2658; x_wconf 71' lang='lat' dir='ltr'><strong>opposizionc</strong></span> <span class='ocrx_word' id='word_1_336' title='bbox 616 2634 651 2653; x_wconf 78' lang='lat' dir='ltr'><strong>del</strong></span> <span class='ocrx_word' id='word_1_337' title='bbox 669 2634 781 2654; x_wconf 73' lang='lat' dir='ltr'><strong>(inovanni</strong></span> <span class='ocrx_word' id='word_1_338' title='bbox 805 2634 907 2657; x_wconf 72' lang='lat' dir='ltr'><strong>Berloni,</strong></span> <span class='ocrx_word' id='word_1_339' title='bbox 930 2634 971 2654; x_wconf 84' lang='lat' dir='ltr'><strong>che</strong></span> <span class='ocrx_word' id='word_1_340' title='bbox 993 2634 1066 2654; x_wconf 78' lang='lat' dir='ltr'><strong>:illorn</strong></span> <span class='ocrx_word' id='word_1_341' title='bbox 1083 2633 1104 2654; x_wconf 75' lang='lat' dir='ltr'><strong>iu</strong></span> <span class='ocrx_word' id='word_1_342' title='bbox 1121 2639 1174 2654; x_wconf 83' lang='lat' dir='ltr'><strong>con-</strong></span> 
     </span>
     <span class='ocr_line' id='line_1_33' title="bbox 290 2678 1172 2703; baseline 0.001 -6"><span class='ocrx_word' id='word_1_343' title='bbox 290 2678 393 2698; x_wconf 60' lang='lat' dir='ltr'><strong>daunai—1</strong></span> <span class='ocrx_word' id='word_1_344' title='bbox 410 2678 467 2698; x_wconf 45' lang='lat' dir='ltr'><strong>nelle¹</strong></span> <span class='ocrx_word' id='word_1_345' title='bbox 484 2684 560 2703; x_wconf 67' lang='lat' dir='ltr'><strong>spese.</strong></span> <span class='ocrx_word' id='word_1_346' title='bbox 578 2678 657 2698; x_wconf 70' lang='lat' dir='ltr'><strong>Morio</strong></span> <span class='ocrx_word' id='word_1_347' title='bbox 674 2681 758 2703; x_wconf 69' lang='lat' dir='ltr'><strong>questo</strong></span> <span class='ocrx_word' id='word_1_348' title='bbox 776 2678 878 2702; x_wconf 72' lang='lat' dir='ltr'><strong>Bcrtoni,</strong></span> <span class='ocrx_word' id='word_1_349' title='bbox 895 2678 916 2698; x_wconf 77' lang='lat' dir='ltr'><strong>in</strong></span> <span class='ocrx_word' id='word_1_350' title='bbox 933 2679 999 2699; x_wconf 70' lang='lat' dir='ltr'><strong>mene</strong></span> <span class='ocrx_word' id='word_1_351' title='bbox 1011 2679 1031 2699; x_wconf 72' lang='lat' dir='ltr'><strong>ai</strong></span> <span class='ocrx_word' id='word_1_352' title='bbox 1043 2679 1094 2699; x_wconf 70' lang='lat' dir='ltr'><strong>suoi</strong></span> <span class='ocrx_word' id='word_1_353' title='bbox 1111 2678 1172 2699; x_wconf 75' lang='lat' dir='ltr'><strong>credi</strong></span> 
     </span>
     <span class='ocr_line' id='line_1_34' title="bbox 292 2722 1031 2748; baseline 0 -6"><span class='ocrx_word' id='word_1_354' title='bbox 292 2722 330 2747; x_wconf 82' lang='lat' dir='ltr'><strong>piu</strong></span> <span class='ocrx_word' id='word_1_355' title='bbox 347 2722 460 2742; x_wconf 69' lang='lat' dir='ltr'><strong>rcrnissivi</strong></span> <span class='ocrx_word' id='word_1_356' title='bbox 478 2722 499 2742; x_wconf 83' lang='lat' dir='ltr'><strong>di</strong></span> <span class='ocrx_word' id='word_1_357' title='bbox 517 2723 619 2742; x_wconf 75' lang='lat' dir='ltr'><strong>inettersi</strong></span> <span class='ocrx_word' id='word_1_358' title='bbox 637 2723 695 2742; x_wconf 74' lang='lat' dir='ltr'><strong>sulla</strong></span> <span class='ocrx_word' id='word_1_359' title='bbox 713 2723 747 2742; x_wconf 72' lang='lat' dir='ltr'><strong>via</strong></span> <span class='ocrx_word' id='word_1_360' title='bbox 765 2723 785 2742; x_wconf 82' lang='grc'><strong>(11</strong></span> <span class='ocrx_word' id='word_1_361' title='bbox 804 2728 832 2743; x_wconf 86' lang='lat' dir='ltr'><strong>nn</strong></span> <span class='ocrx_word' id='word_1_362' title='bbox 848 2729 1031 2748; x_wconf 68' lang='lat' dir='ltr'><strong>compromesso.</strong></span> 
     </span>
    </p>

    <p class='ocr_par' dir='ltr' id='par_1_10' title="bbox 344 2766 1174 2793">
     <span class='ocr_line' id='line_1_35' title="bbox 344 2766 1174 2793; baseline 0.001 -7"><span class='ocrx_word' id='word_1_363' title='bbox 344 2766 373 2789; x_wconf 68' lang='lat' dir='ltr'><strong>(ll</strong></span> <span class='ocrx_word' id='word_1_364' title='bbox 390 2766 419 2786; x_wconf 78' lang='lat' dir='ltr'><strong>La</strong></span> <span class='ocrx_word' id='word_1_365' title='bbox 437 2772 548 2791; x_wconf 79' lang='lat' dir='ltr'><strong>prcscnza</strong></span> <span class='ocrx_word' id='word_1_366' title='bbox 565 2767 600 2786; x_wconf 83' lang='lat' dir='ltr'><strong>del</strong></span> <span class='ocrx_word' id='word_1_367' title='bbox 617 2767 688 2792; x_wconf 81' lang='lat' dir='ltr'><strong>padre</strong></span> <span class='ocrx_word' id='word_1_368' title='bbox 712 2767 732 2787; x_wconf 83' lang='lat' dir='ltr'><strong>di</strong></span> <span class='ocrx_word' id='word_1_369' title='bbox 757 2766 813 2787; x_wconf 75' lang='lat' dir='ltr'><strong>Gran</strong></span> <span class='ocrx_word' id='word_1_370' title='bbox 838 2767 928 2787; x_wconf 72' lang='lat' dir='ltr'><strong>Mnttco</strong></span> <span class='ocrx_word' id='word_1_371' title='bbox 951 2767 1063 2788; x_wconf 78' lang='lat' dir='ltr'><strong>(iandello</strong></span> <span class='ocrx_word' id='word_1_372' title='bbox 1080 2767 1174 2793; x_wconf 76' lang='lat' dir='ltr'><strong>pitture,</strong></span> 
     </span>
    </p>
   </div>
   <div class='ocr_carea' id='block_1_10' title="bbox 290 2811 1175 2838">
    <p class='ocr_par' dir='ltr' id='par_1_11' title="bbox 290 2811 1175 2838">
     <span class='ocr_line' id='line_1_36' title="bbox 290 2811 1175 2838; baseline 0.001 -7"><span class='ocrx_word' id='word_1_373' title='bbox 290 2817 333 2832; x_wconf 79' lang='lat' dir='ltr'><strong>con</strong></span> <span class='ocrx_word' id='word_1_374' title='bbox 349 2811 384 2831; x_wconf 87' lang='lat' dir='ltr'><strong>cni</strong></span> <span class='ocrx_word' id='word_1_375' title='bbox 402 2812 419 2831; x_wconf 71' lang='lat' dir='ltr'><strong>si</strong></span> <span class='ocrx_word' id='word_1_376' title='bbox 436 2812 554 2837; x_wconf 71' lang='lat' dir='ltr'><strong>stipulam</strong></span> <span class='ocrx_word' id='word_1_377' title='bbox 571 2812 584 2831; x_wconf 86' lang='lat' dir='ltr'><strong>il</strong></span> <span class='ocrx_word' id='word_1_378' title='bbox 604 2814 731 2834; x_wconf 78' lang='lat' dir='ltr'><strong>contrntto,</strong></span> <span class='ocrx_word' id='word_1_379' title='bbox 746 2818 783 2832; x_wconf 78' lang='lat' dir='ltr'><strong>era</strong></span> <span class='ocrx_word' id='word_1_380' title='bbox 800 2812 901 2837; x_wconf 74' lang='lat' dir='ltr'><strong>imposta</strong></span> <span class='ocrx_word' id='word_1_381' title='bbox 919 2812 978 2832; x_wconf 73' lang='lat' dir='ltr'><strong>dalla</strong></span> <span class='ocrx_word' id='word_1_382' title='bbox 1002 2812 1067 2837; x_wconf 55' lang='lat' dir='ltr'><strong>lenge</strong></span> <span class='ocrx_word' id='word_1_383' title='bbox 1090 2818 1130 2838; x_wconf 79' lang='lat' dir='ltr'><strong>per</strong></span> <span class='ocrx_word' id='word_1_384' title='bbox 1155 2813 1175 2832; x_wconf 80' lang='lat' dir='ltr'><strong>la</strong></span> 
     </span>
    </p>
   </div>
   <div class='ocr_carea' id='block_1_11' title="bbox 1228 2543 2109 2836">
    <p class='ocr_par' dir='ltr' id='par_1_12' title="bbox 1232 2543 2107 2569">
     <span class='ocr_line' id='line_1_37' title="bbox 1232 2543 2107 2569; baseline -0.001 -5"><span class='ocrx_word' id='word_1_385' title='bbox 1232 2544 1326 2564; x_wconf 71' lang='lat' dir='ltr'><strong>validitr&#39;i</strong></span> <span class='ocrx_word' id='word_1_386' title='bbox 1343 2544 1379 2565; x_wconf 86' lang='lat' dir='ltr'><strong>del</strong></span> <span class='ocrx_word' id='word_1_387' title='bbox 1395 2545 1514 2564; x_wconf 77' lang='lat' dir='ltr'><strong>cmrtrntto</strong></span> <span class='ocrx_word' id='word_1_388' title='bbox 1530 2545 1616 2569; x_wconf 68' lang='lat' dir='ltr'><strong>stesso,</strong></span> <span class='ocrx_word' id='word_1_389' title='bbox 1632 2543 1732 2564; x_wconf 76' lang='lat' dir='ltr'><strong>essendo</strong></span> <span class='ocrx_word' id='word_1_390' title='bbox 1748 2543 1761 2563; x_wconf 87' lang='lat' dir='ltr'><strong>il</strong></span> <span class='ocrx_word' id='word_1_391' title='bbox 1779 2544 1864 2569; x_wconf 84' lang='lat' dir='ltr'><strong>pittore</strong></span> <span class='ocrx_word' id='word_1_392' title='bbox 1873 2549 1957 2564; x_wconf 78' lang='lat' dir='ltr'><strong>ancora</strong></span> <span class='ocrx_word' id='word_1_393' title='bbox 1967 2543 2107 2563; x_wconf 85' lang='lat' dir='ltr'><strong>minorenne.</strong></span> 
     </span>
    </p>

    <p class='ocr_par' dir='ltr' id='par_1_13' title="bbox 1228 2588 2109 2836">
     <span class='ocr_line' id='line_1_38' title="bbox 1282 2588 2108 2613; baseline -0.001 -4"><span class='ocrx_word' id='word_1_394' title='bbox 1282 2590 1311 2612; x_wconf 59' lang='lat'><strong>12)</strong></span> <span class='ocrx_word' id='word_1_395' title='bbox 1328 2589 1342 2609; x_wconf 96' lang='grc'><strong>11</strong></span> <span class='ocrx_word' id='word_1_396' title='bbox 1359 2589 1438 2609; x_wconf 81' lang='lat' dir='ltr'><strong>lavoro</strong></span> <span class='ocrx_word' id='word_1_397' title='bbox 1454 2589 1495 2609; x_wconf 76' lang='lat' dir='ltr'><strong>che</strong></span> <span class='ocrx_word' id='word_1_398' title='bbox 1511 2588 1529 2608; x_wconf 80' lang='lat' dir='ltr'><strong>si</strong></span> <span class='ocrx_word' id='word_1_399' title='bbox 1545 2588 1615 2608; x_wconf 76' lang='lat' dir='ltr'><strong>aiiida</strong></span> <span class='ocrx_word' id='word_1_400' title='bbox 1631 2588 1651 2608; x_wconf 81' lang='lat' dir='ltr'><strong>al</strong></span> <span class='ocrx_word' id='word_1_401' title='bbox 1668 2588 1754 2613; x_wconf 80' lang='lat' dir='ltr'><strong>pittorc</strong></span> <span class='ocrx_word' id='word_1_402' title='bbox 1770 2588 1890 2611; x_wconf 79' lang='lat' dir='ltr'><strong>Candello,</strong></span> <span class='ocrx_word' id='word_1_403' title='bbox 1916 2588 1952 2608; x_wconf 80' lang='lat' dir='ltr'><strong>dal</strong></span> <span class='ocrx_word' id='word_1_404' title='bbox 1975 2588 2108 2613; x_wconf 75' lang='lat' dir='ltr'><strong>complesse</strong></span> 
     </span>
     <span class='ocr_line' id='line_1_39' title="bbox 1229 2631 2109 2658; baseline 0 -6"><span class='ocrx_word' id='word_1_405' title='bbox 1229 2632 1264 2653; x_wconf 82' lang='lat' dir='ltr'><strong>dci</strong></span> <span class='ocrx_word' id='word_1_406' title='bbox 1281 2632 1413 2658; x_wconf 78' lang='lat' dir='ltr'><strong>particolari</strong></span> <span class='ocrx_word' id='word_1_407' title='bbox 1430 2632 1477 2652; x_wconf 89' lang='grc'>(1311</span> <span class='ocrx_word' id='word_1_408' title='bbox 1494 2632 1531 2652; x_wconf 80' lang='lat' dir='ltr'><strong>dal</strong></span> <span class='ocrx_word' id='word_1_409' title='bbox 1547 2632 1696 2656; x_wconf 76' lang='lat' dir='ltr'><strong>documento,</strong></span> <span class='ocrx_word' id='word_1_410' title='bbox 1713 2632 1793 2652; x_wconf 81' lang='lat' dir='ltr'><strong>risulta</strong></span> <span class='ocrx_word' id='word_1_411' title='bbox 1809 2637 1887 2652; x_wconf 78' lang='lat' dir='ltr'><strong>essere</strong></span> <span class='ocrx_word' id='word_1_412' title='bbox 1904 2638 1933 2652; x_wconf 89' lang='lat' dir='ltr'><strong>un</strong></span> <span class='ocrx_word' id='word_1_413' title='bbox 1949 2632 2028 2652; x_wconf 78' lang='lat' dir='ltr'><strong>lavoro</strong></span> <span class='ocrx_word' id='word_1_414' title='bbox 2038 2631 2059 2652; x_wconf 87' lang='lat' dir='ltr'><strong>di</strong></span> <span class='ocrx_word' id='word_1_415' title='bbox 2071 2631 2109 2652; x_wconf 83' lang='lat' dir='ltr'><strong>de-</strong></span> 
     </span>
     <span class='ocr_line' id='line_1_40' title="bbox 1228 2675 2109 2701; baseline 0 -4"><span class='ocrx_word' id='word_1_416' title='bbox 1228 2677 1351 2697; x_wconf 61' lang='lat' dir='ltr'><strong>counione</strong></span> <span class='ocrx_word' id='word_1_417' title='bbox 1366 2677 1386 2697; x_wconf 83' lang='lat' dir='ltr'><strong>ai</strong></span> <span class='ocrx_word' id='word_1_418' title='bbox 1403 2677 1468 2697; x_wconf 79' lang='lat' dir='ltr'><strong>sedili</strong></span> <span class='ocrx_word' id='word_1_419' title='bbox 1485 2677 1506 2696; x_wconf 92' lang='lat' dir='ltr'><strong>in</strong></span> <span class='ocrx_word' id='word_1_420' title='bbox 1523 2677 1589 2701; x_wconf 69' lang='lat' dir='ltr'><strong>legno</strong></span> <span class='ocrx_word' id='word_1_421' title='bbox 1606 2676 1735 2701; x_wconf 58' lang='lat' dir='ltr'><strong>intagliato,</strong></span> <span class='ocrx_word' id='word_1_422' title='bbox 1751 2677 1846 2701; x_wconf 75' lang='lat' dir='ltr'><strong>npposti</strong></span> <span class='ocrx_word' id='word_1_423' title='bbox 1869 2677 1926 2697; x_wconf 78' lang='lat' dir='ltr'><strong>uella</strong></span> <span class='ocrx_word' id='word_1_424' title='bbox 1943 2677 1992 2697; x_wconf 69' lang='lat' dir='ltr'><strong>sal-¹1</strong></span> <span class='ocrx_word' id='word_1_425' title='bbox 2007 2676 2044 2697; x_wconf 85' lang='lat' dir='ltr'><strong>del</strong></span> <span class='ocrx_word' id='word_1_426' title='bbox 2066 2675 2109 2697; x_wconf 70' lang='lat' dir='ltr'><strong>Ca-</strong></span> 
     </span>
     <span class='ocr_line' id='line_1_41' title="bbox 1229 2721 2109 2747; baseline 0 -6"><span class='ocrx_word' id='word_1_427' title='bbox 1229 2722 1310 2747; x_wconf 74' lang='lat' dir='ltr'><strong>pitolo,</strong></span> <span class='ocrx_word' id='word_1_428' title='bbox 1327 2727 1338 2742; x_wconf 83' lang='lat' dir='ltr'><strong>e</strong></span> <span class='ocrx_word' id='word_1_429' title='bbox 1354 2722 1462 2742; x_wconf 81' lang='lat' dir='ltr'><strong>costrutti</strong></span> <span class='ocrx_word' id='word_1_430' title='bbox 1479 2722 1507 2741; x_wconf 81' lang='grc'><strong>(13</strong></span> <span class='ocrx_word' id='word_1_431' title='bbox 1524 2721 1615 2741; x_wconf 79' lang='lat' dir='ltr'><strong>Matteo</strong></span> <span class='ocrx_word' id='word_1_432' title='bbox 1631 2721 1659 2741; x_wconf 81' lang='lat' dir='ltr'><strong>da</strong></span> <span class='ocrx_word' id='word_1_433' title='bbox 1677 2721 1783 2746; x_wconf 80' lang='lat' dir='ltr'><strong>Binasco,</strong></span> <span class='ocrx_word' id='word_1_434' title='bbox 1800 2722 1813 2741; x_wconf 91' lang='lat' dir='ltr'><strong>il</strong></span> <span class='ocrx_word' id='word_1_435' title='bbox 1830 2722 1906 2747; x_wconf 75' lang='lat' dir='ltr'><strong>quale,</strong></span> <span class='ocrx_word' id='word_1_436' title='bbox 1923 2721 1951 2742; x_wconf 81' lang='grc'><strong>(13</strong></span> <span class='ocrx_word' id='word_1_437' title='bbox 1966 2721 2018 2742; x_wconf 82' lang='lat' dir='ltr'><strong>altri</strong></span> <span class='ocrx_word' id='word_1_438' title='bbox 2039 2721 2109 2742; x_wconf 82' lang='lat' dir='ltr'><strong>docu-</strong></span> 
     </span>
     <span class='ocr_line' id='line_1_42' title="bbox 1232 2765 2109 2791; baseline 0 -5"><span class='ocrx_word' id='word_1_439' title='bbox 1232 2767 1300 2787; x_wconf 86' lang='lat' dir='ltr'><strong>menti</strong></span> <span class='ocrx_word' id='word_1_440' title='bbox 1317 2766 1480 2787; x_wconf 67' lang='lat' dir='ltr'><strong>dell&#39;Archivio</strong></span> <span class='ocrx_word' id='word_1_441' title='bbox 1496 2765 1607 2790; x_wconf 73' lang='lat' dir='ltr'><strong>Notarile,</strong></span> <span class='ocrx_word' id='word_1_442' title='bbox 1624 2765 1705 2786; x_wconf 74' lang='lat' dir='ltr'><strong>risulta</strong></span> <span class='ocrx_word' id='word_1_443' title='bbox 1721 2771 1799 2786; x_wconf 78' lang='lat' dir='ltr'><strong>essere</strong></span> <span class='ocrx_word' id='word_1_444' title='bbox 1821 2768 1885 2786; x_wconf 79' lang='lat' dir='ltr'><strong>stato</strong></span> <span class='ocrx_word' id='word_1_445' title='bbox 1908 2771 1937 2786; x_wconf 90' lang='lat' dir='ltr'><strong>un</strong></span> <span class='ocrx_word' id='word_1_446' title='bbox 1959 2767 2075 2791; x_wconf 75' lang='lat' dir='ltr'><strong>magister</strong></span> <span class='ocrx_word' id='word_1_447' title='bbox 2095 2771 2109 2786; x_wconf 82' lang='lat' dir='ltr'>ss</span> 
     </span>
     <span class='ocr_line' id='line_1_43' title="bbox 1231 2811 1370 2836; baseline -0.007 -4"><span class='ocrx_word' id='word_1_448' title='bbox 1231 2811 1370 2836; x_wconf 73' lang='lat' dir='ltr'><strong>lignamine,</strong></span> 
     </span>
    </p>
   </div>
  </div>
 </body>
</html>
