2347 3444
352 241 372 273 8

351 374 463 414 ligenti
491 373 732 405 informacione
758 373 799 404 de
827 373 939 404 valore
965 372 1045 404 dicti
1072 372 1258 409 sediminis,
1278 374 1435 403 taxamus
1455 372 1577 402 iustum
1596 371 1746 412 precium
1766 371 1874 411 ipsius
1892 371 2068 403 sediminis
2093 380 2170 404 esse

350 438 380 467 et
406 436 590 467 ascendere
617 436 648 466 in
675 443 804 466 somma
832 435 990 465 librarum
1018 434 1196 474 sexaginta
1222 436 1368 473 quatuor
1393 434 1629 474 papiensium:
1656 431 1956 473 Condempnantes
1990 436 2167 474 propterea

349 506 387 530 ac
413 498 703 537 condempnamus
741 497 836 536 ipsos
873 496 1029 527 dominos
1067 495 1233 526 Abbatem
1260 498 1291 526 et
1317 493 1521 532 Canonicos,
1559 497 1632 533 etc.,
1659 495 1700 526 ad
1728 494 1919 526 faciendum
1954 495 2081 527 eisdem
2108 496 2168 527 do-

349 561 446 591 minis
473 559 588 596 Priori,
615 559 784 595 fratribus,
810 561 882 594 etc.,
909 558 1056 588 debitam
1096 557 1323 588 venditionem
1361 566 1436 588 cum
1463 557 1760 598 solempnitatibus
1785 557 1986 597 opportunis
2011 557 2053 589 de
2079 558 2170 589 sedi-

347 623 433 654 mine
461 622 611 662 predicto
638 630 698 661 pro
724 621 836 660 precio
862 620 1106 660 suprascriptO,
1133 619 1246 650 dando
1272 621 1303 650 et
1329 619 1495 650 solvendo
1532 622 1682 659 tempore
1717 619 1922 650 venditionis
1958 619 2068 651 fiende
2110 629 2169 660 per

349 686 443 725 ipsos
470 684 626 715 dominos
654 682 813 720 Priorem,
839 682 967 718 fratres,
994 684 1068 719 etc.,
1094 681 1222 713 eisdem
1250 681 1396 713 dominis
1422 681 1557 719 Abbati,
1583 679 1768 713 Canonicis
1793 683 1866 719 etc.,
1897 682 1988 722 quod
2019 682 2167 722 precium

345 748 376 778 in
403 747 491 778 dicta
517 746 701 786 quantitate
727 745 920 776 taxavimus
945 747 975 775 et
1001 746 1171 775 tassamus
1197 743 1265 774 tore
1292 743 1426 781 iustum,
1453 745 1483 774 et
1509 743 1571 774 lioc
1610 743 1692 775 infra
1719 752 1820 774 unum
1840 752 1987 775 mensem
2014 744 2166 784 proxime

348 808 494 839 futurum
514 805 574 846 (l).

434 869 512 901 Item
539 869 695 906 dicimus,
733 868 1009 908 pronunciamus,
1047 867 1302 904 sententiamus‚
1340 869 1371 898 et
1408 867 1619 898 declaramus
1657 867 1748 907 quod
1774 867 1977 899 comunibus
2003 868 2166 908 expensis

343 932 485 972 partium
513 931 749 971 predictarum,
777 939 892 961 murus
919 939 1006 961 nunc
1031 930 1187 970 diruptus
1225 929 1281 969 qui
1319 929 1438 960 atrium
1465 938 1483 960 a
1509 929 1673 961 cimiterio
1709 929 1895 967 dividebat,
1930 929 2111 961 reft'iciatur
2135 931 2167 962 et

344 994 446 1025 refiici
474 994 597 1025 debeat
623 993 678 1024 ubi
706 993 799 1033 prius
826 994 903 1027 erat,
932 994 962 1024 et
991 992 1052 1023 lioc
1080 991 1164 1023 infra
1191 1000 1292 1022 unum
1321 1000 1470 1022 mensem
1487 992 1639 1031 proxime
1659 991 1816 1029 futurum,
1835 991 2047 1023 declarantes
2065 992 2164 1023 etiam

342 1066 380 1088 ac
407 1056 620 1088 declaramus
646 1056 736 1096 quod
764 1055 985 1095 suprascripti
1013 1055 1138 1085 domini
1166 1053 1284 1086 Abbas
1309 1056 1340 1085 et
1367 1052 1542 1092 Canonici,
1569 1063 1629 1085 nec
1657 1063 1720 1084 non
1748 1052 1843 1085 Prior
1868 1055 1899 1085 et
1924 1053 2054 1092 fratres,
2091 1063 2166 1095 pre-

343 1121 456 1150 sentes
482 1121 513 1150 et
540 1118 651 1155 futuri,
679 1119 753 1158 ipso
779 1118 863 1148 atrio
889 1120 919 1148 et
947 1125 1008 1147 usu
1049 1116 1193 1147 clavium
1220 1116 1308 1148 dicte
1335 1116 1477 1147 ecclesie
1505 1116 1549 1147 uti
1576 1117 1607 1147 et
1633 1115 1780 1156 gaudere
1819 1115 1952 1147 valeant
1978 1118 2009 1147 et
2035 1116 2167 1156 possint

346 1182 601 1221 inperpetuum
640 1183 809 1219 tamquam
848 1179 1071 1216 comunibus3
1109 1178 1346 1209 adiudicantes
1384 1187 1520 1218 quoque
1558 1186 1595 1209 ac
1633 1178 1870 1209 adiudicamus
1896 1177 1996 1209 dictis
2021 1178 2168 1210 dominis

346 1242 450 1274 Priori
478 1246 508 1274 et
534 1243 692 1274 fratribus
719 1242 954 1273 comunionem
981 1241 1146 1272 dictorum
1173 1241 1245 1271 atrii
1273 1243 1303 1271 et
1330 1249 1412 1272 usus
1439 1240 1596 1271 clavium.

434 1305 511 1337 ltem
540 1306 721 1336 retinemus
747 1307 778 1335 et
804 1312 1019 1335 reservamus
1045 1303 1143 1334 nobis
1170 1303 1327 1343 bayliam,
1364 1302 1596 1334 auctoritatem
1622 1304 1653 1333 et
1680 1304 1878 1342 potestatem
1920 1302 2111 1342 exequendi
2137 1304 2169 1334 et

343 1367 569 1407 exequucioni
598 1366 778 1398 mandandi
806 1366 917 1397 onmia
943 1367 974 1396 et
999 1365 1132 1406 singula
1159 1365 1401 1405 suprascripta,
1428 1373 1488 1396 nec
1516 1373 1581 1395 non
1607 1364 2109 1405 cognoscendi,determinandi
2136 1366 2167 1396 et

343 1429 575 1461 sentenciandi
602 1429 643 1460 de
670 1431 701 1460 et
726 1437 829 1469 super
854 1428 929 1459 aliis
956 1428 1123 1459 contentis
1150 1429 1181 1458 et
1206 1427 1388 1467 descriptis
1414 1427 1445 1457 in
1473 1427 1636 1466 rescripto
1661 1426 1851 1466 apostolico
1877 1428 2069 1458 memorato.

432 1492 509 1523 Item
536 1492 748 1523 absolvimus
774 1491 892 1522 ambas
919 1492 1031 1531 partes
1057 1490 1099 1521 ab
1125 1489 1300 1530 expensis,
1327 1489 1405 1529 quia
1432 1489 1622 1520 habuerunt
1648 1489 1769 1520 iustam
1796 1497 1934 1520 causam
1961 1488 2122 1530 litigandi.

435 1554 640 1585 Mandantes
666 1553 852 1584 Albertollo
879 1553 919 1584 de
946 1551 1062 1584 Grifiis
1088 1554 1118 1583 et
1146 1552 1303 1583 lacobino
1340 1551 1382 1582 de
1420 1550 1612 1592 Fortunago
1649 1551 1789 1582 notariis
1815 1550 1962 1591 publicis
1987 1552 2019 1582 et
2045 1551 2077 1582 in
2104 1551 2168 1583 hiis

343 1618 458 1649 causis
485 1617 624 1647 notariis
651 1625 709 1656 per
735 1624 797 1647 nos
823 1615 940 1647 electis
966 1618 996 1646 et
1022 1615 1209 1654 assumptis
1247 1613 1444 1645 auctoritate
1486 1613 1674 1653 apostolica
1702 1614 1736 1644 ut
1760 1613 1801 1644 de
1828 1613 1990 1653 predictis
2016 1613 2079 1644 lioc
2105 1622 2167 1653 pu-

342 1680 466 1711 blicum
505 1679 685 1710 conficiant
722 1679 979 1709 instrumentum
1007 1680 1038 1709 et
1064 1677 1200 1718 publica
1238 1677 1459 1707 instrumenta
1498 1684 1599 1706 unum
1627 1677 1658 1706 et
1684 1675 1779 1715 plura
1805 1675 1929 1706 tenoris
1955 1675 2106 1706 eiusdem
2133 1676 2168 1706 ut

341 1742 438 1773 fuerit
464 1744 702 1782 opportunum.

410 1804 518 1841 Lectay
545 1804 610 1834 lata
636 1805 667 1834 et
694 1804 724 1834 in
752 1803 816 1834 liiis
842 1802 978 1842 scriptis
1004 1801 1216 1842 promulgata
1242 1801 1303 1832 fuit
1329 1800 1561 1841 suprascripta
1580 1800 1751 1832 sentencia
1770 1809 1828 1840 per
1846 1800 1971 1831 dictum
1990 1800 2163 1831 dominum

343 1866 523 1897 Henricum
561 1866 722 1896 vicarium
748 1867 779 1896 et
804 1864 996 1905 delegatum
1034 1864 1240 1895 antedictum
1267 1872 1305 1895 ac
1332 1872 1392 1903 pro
1425 1862 1583 1894 tribunali
1610 1862 1782 1894 sedentem
1809 1863 1840 1893 in
1867 1862 2025 1894 omnibus
2050 1864 2081 1894 et
2106 1871 2165 1903 per

343 1929 454 1959 onmia
482 1930 515 1959 ut
541 1936 656 1968 supra,
683 1928 747 1959 sub
773 1936 861 1958 anno
888 1926 1073 1958 nativitatis
1110 1925 1245 1957 Domini
1283 1924 1461 1956 millesimo
1487 1924 1784 1964 quatricentesimo
1822 1924 1940 1964 primo,
1981 1924 2164 1956 indictione

343 1999 441 2027 nona,
467 1990 520 2021 die
547 1991 666 2030 quarto
693 1989 819 2020 mensis
846 1988 938 2026 lunii,
966 1989 1046 2019 liora
1072 1988 1358 2029 vigesimaprima.
1386 1986 1607 2018 presentibus
1632 1986 1731 2018 fratre
1746 1986 1895 2018 Luchino
1914 1986 1955 2018 de
1974 1984 2165 2018 Comitibus

344 2052 527 2083 sindicario
553 2054 583 2083 et
609 2051 841 2092 procuratorio
867 2050 1001 2081 nomine
1027 2050 1209 2088 antedicto,
1236 2049 1397 2090 predictis
1423 2049 1662 2080 consenciente
1688 2057 1795 2089 eaque
1809 2050 2005 2089 acceptante
2025 2050 2056 2080 et
2073 2057 2166 2080 amo-

343 2114 476 2154 logante
504 2115 534 2144 in
562 2114 735 2154 passibus,
763 2113 875 2153 pontis
913 2115 944 2144 et
980 2112 1130 2144 articulis
1167 2111 1453 2144 concernentibus
1479 2111 1552 2142 eius
1578 2111 1667 2142 dicto
1705 2111 1839 2142 nomine
1866 2110 2015 2142 favorem
2042 2112 2074 2142 et
2099 2119 2164 2142 non

345 2176 451 2213 aliter,
477 2178 508 2207 et
535 2176 770 2216 suprascripto
797 2175 982 2206 loliannino
1007 2175 1048 2206 de
1075 2173 1246 2206 Suimanis
1284 2174 1374 2205 dicto
1411 2173 1594 2205 sindicario
1620 2173 1754 2204 nomine
1779 2174 1810 2204 et
1835 2181 1900 2204 non
1927 2173 2166 2205 consenciente

344 2239 374 2269 in
402 2238 516 2278 aliquo
542 2238 632 2278 quod
659 2238 774 2269 tendat
801 2238 831 2268 in
858 2238 931 2269 eius
958 2237 1181 2277 preiudicium
1219 2236 1310 2268 dicto
1348 2236 1492 2273 nomine,
1530 2237 1603 2273 etc.,
1641 2235 1737 2266 salvo
1774 2235 1838 2266 sibi
1877 2235 1946 2266 iure
1972 2234 2165 2275 appellandi

344 2302 495 2340 tempore
521 2300 637 2331 debito
663 2302 693 2331 et
720 2300 750 2330 in
778 2300 923 2340 scriptis,
950 2301 980 2331 et
1007 2299 1222 2339 presentibus
1249 2299 1387 2330 domino
1413 2296 1528 2330 Silano
1554 2298 1595 2329 de
1622 2297 1795 2338 Mangano
1822 2297 1932 2337 legum
1952 2297 2083 2329 scolare
2097 2297 2166 2329 filio

344 2362 515 2402 quondam
541 2362 667 2393 domini
696 2361 818 2399 iacobi,
846 2361 1009 2393 Francino
1035 2363 1065 2392 et
1091 2359 1265 2401 Stephano
1290 2360 1450 2392 fratribus
1476 2360 1517 2392 de
1545 2360 1717 2401 Mangano
1742 2359 1820 2391 filiis
1846 2360 1971 2400 egregii
1991 2360 2166 2400 utriusque

346 2425 427 2455 iuris
442 2425 591 2455 doctoris
618 2424 742 2454 domini
771 2423 962 2464 Augustini,
989 2422 1164 2454 Andriollo
1179 2423 1220 2454 de
1242 2421 1460 2463 Guargualiis
1483 2422 1612 2454 notario
1633 2422 1702 2453 filio
1727 2422 1853 2462 quond.
1874 2421 1998 2459 Facini,
2020 2420 2165 2453 Blaxino

344 2487 385 2518 de
413 2486 520 2517 Naxis
546 2486 614 2517 filio
640 2486 811 2526 quondam
852 2485 1031 2526 Augustini
1058 2487 1088 2517 et
1115 2485 1270 2526 pluribus
1307 2485 1382 2516 aliis
1404 2485 1549 2516 testibus
1579 2484 1728 2521 literatis,
1754 2484 1908 2524 ydoneis,
1934 2484 1976 2515 ad
2003 2484 2167 2524 premissa

350 2549 480 2580 vocatis
506 2549 698 2588 specialiter
723 2551 753 2580 et
781 2549 916 2588 rogatis.

438 2611 508 2651 Ego
536 2610 700 2642 Brunzius
726 2611 767 2642 de
795 2610 980 2643 Ubertariis
1007 2611 1165 2651 publicus
1192 2610 1353 2650 imperiali
1381 2610 1577 2642 auctoritate
1597 2609 1747 2641 notarius
1773 2618 1811 2640 ac
1837 2609 2046 2650 episcopalis
2065 2607 2166 2642 Curie

346 2673 556 2704 cancelarius
584 2673 646 2704 lioc
674 2673 931 2704 instrumentum
958 2673 1134 2710 sententie,
1162 2674 1330 2713 repertum
1357 2673 1388 2703 in
1415 2672 1504 2703 notis
1530 2680 1590 2703 seu
1617 2671 1794 2702 breviariis
1832 2671 2003 2711 quondam
2041 2671 2166 2703 domini

347 2734 522 2766 Albertolli
549 2735 590 2766 de
617 2733 744 2773 Griffis‚
763 2737 835 2772 etc.,
862 2735 1064 2775 subscripsi,
1091 2737 1151 2766 etc.

442 2796 512 2837 Ego
539 2795 740 2837 Galvagnus
766 2797 806 2828 de
833 2796 1024 2828 Nlombreto
1050 2799 1148 2828 natus
1174 2797 1345 2837 quondam
1379 2797 1505 2828 domini
1544 2795 1728 2834 lohannoli,
1754 2797 1827 2834 etc.,
1865 2797 1985 2837 scripsi
2019 2798 2092 2835 etc.,
2117 2796 2170 2827 hic

351 2868 401 2890 me
428 2859 616 2899 subscripsi
644 2862 704 2891 etc.

407 3043 436 3066 (¹1
452 3043 467 3063 ll
483 3043 579 3063 termine
594 3049 664 3063 urium
680 3048 791 3067 mensem,
808 3048 918 3069 espresso
934 3043 971 3068 qui
988 3048 1000 3064 e
1015 3042 1053 3069 piu
1070 3044 1142 3068 sotto,
1159 3042 1170 3063 ὲ
1186 3047 1233 3063 cer·
1287 3042 1410 3068 apparisce
1426 3041 1462 3062 dal
1478 3041 1530 3063 doc.
1547 3047 1568 3062 n-
1585 3041 1714 3063 cxxxvul
1731 3047 1799 3063 verso
1815 3042 1836 3063 la
1853 3042 1904 3063 iine.

353 3088 455 3107 tamcnte
472 3092 500 3107 un
518 3092 595 3107 errore
611 3087 816 3113 dell'amanuense,
833 3087 854 3107 in
866 3087 935 3113 luogo
947 3087 968 3107 di
980 3093 1049 3108 unum
1061 3093 1157 3112 annum,
1169 3092 1234 3108 come
