2347 3444
313 191 373 224 102

1103 380 1343 421 CCLXV.

399 492 650 529 Disposizione
675 490 945 519 testamentaria
970 490 1025 519 del
1051 490 1129 521 nob.
1156 489 1328 518 Giacomo
1354 488 1481 517 Sacchi
1507 496 1526 516 a
1552 487 1674 516 favore
1700 487 1734 516 di
1762 487 1796 515 S.
1824 486 2010 522 Agostino.

994 594 1147 625 1430,
1176 601 1212 618 ει
1220 593 1374 624 ρνίιο,
1403 593 1442 616 1.

860 693 936 713 iArcn,
954 692 1033 713 Notat.
1051 692 1072 711 di
1090 691 1160 711 l'avia
1177 702 1200 704 —
1217 691 1264 711 Atti
1280 690 1302 710 di
1318 690 1432 715 Agostinu
1449 689 1576 713 Baracchi).

551 894 783 922 ΕΞΤΑΜΕΝΤΟ
809 888 862 919 dcl
885 888 994 919 nobile
1033 886 1193 919 Giacomo
1234 885 1355 919 Saccln·
1378 886 1431 918 ciel
1448 885 1490 926 fu
1516 885 1651 921 Rosino,
1679 885 1836 917 cittadino
1862 884 1897 916 di
1920 883 2038 922 Ρανὶα,
2064 892 2124 915 con

380 877 488 994 T
572 953 625 984 cni
648 952 806 983 istitm'sce
842 959 902 982 suo
939 949 1032 981 erede
1068 949 1252 981 universale
1276 957 1336 980 suo
1355 948 1455 989 siglio
1495 947 1582 980 Glari
1618 947 1760 985 Amarea,
1798 956 1873 979 cum
1913 947 1975 978 hoc
2013 948 2122 978 tamen

404 1051 460 1052 j
481 1050 528 1053 ,ἡ
572 1024 672 1045 onere
699 1013 789 1053 quod
816 1013 928 1044 dictus
965 1011 1132 1043 lohannes
1169 1011 1324 1043 Andreas
1349 1011 1438 1042 omni
1465 1019 1553 1042 anno
1579 1012 1610 1042 et
1637 1011 1668 1041 in
1695 1011 1893 1051 perpetuum
1920 1009 2052 1041 solvere
2078 1011 2126 1041 te-

306 1080 421 1109 neatur
447 1080 477 1108 et
502 1077 623 1108 debeat
651 1074 841 1108 Conventui
868 1076 899 1106 et
925 1074 1070 1106 ecclesie
1096 1074 1202 1105 sancti
1241 1073 1420 1114 Augustini
1458 1072 1574 1113 Papie,
1611 1073 1735 1104 saeuos
1761 1073 1905 1112 quatuor
1942 1072 2124 1112 papienses

306 1140 471 1175 frumenti,
498 1139 553 1179 qui
580 1139 746 1169 debentur
770 1137 870 1169 dictis
896 1137 1075 1168 conventui
1103 1138 1133 1168 et
1158 1136 1313 1174 ecclesie,
1351 1136 1484 1167 nomine
1510 1135 1576 1167 ficti
1603 1135 1644 1166 de
1670 1138 1701 1166 et
1727 1143 1788 1175 pro
1826 1143 1892 1166 una
1924 1134 2013 1175 petia
2038 1136 2123 1165 terre

304 1202 482 1233 advineate
509 1201 710 1241 perticarum
736 1198 785 1238 (in
812 1197 947 1238 bicmco)
974 1199 1029 1230 ubi
1056 1199 1178 1230 dicitur
1205 1199 1302 1230 vinea
1339 1198 1446 1229 sancti
1485 1197 1698 1238 Bertolamey
1715 1194 1776 1237 (l),
1803 1197 1844 1228 de
1871 1205 1937 1237 qua
1963 1196 2050 1228 idem
2077 1198 2125 1228 te-

301 1267 405 1295 stator
432 1264 611 1294 investitus
637 1265 687 1294 est
713 1263 756 1293 ab
783 1263 868 1302 ipsis
895 1262 1066 1293 conventu
1094 1263 1126 1292 et
1152 1260 1308 1292 ecclesia.

1081 1434 1348 1476 CCLXVI.

392 1547 419 1575 11
446 1547 623 1575 Pontefice
649 1545 800 1574 Callisto
825 1545 873 1573 111
898 1545 1051 1573 concede
1077 1553 1097 1572 a
1123 1544 1212 1572 frate
1238 1544 1384 1579 Giorgio
1410 1543 1574 1572 Pusterla
1600 1543 1794 1572 eremitano
1820 1542 1856 1570 di
1881 1550 2065 1570 assumere
2091 1541 2125 1570 la

302 1600 412 1628 tutela
438 1600 494 1628 dei
520 1599 592 1636 figli
618 1608 635 1628 e
662 1599 717 1628 dei
743 1599 823 1627 beni
841 1598 898 1627 dei
915 1598 996 1626 nob.
1024 1597 1197 1626 Cacarani
1213 1596 1346 1633 signori
1361 1597 1395 1625 di
1411 1596 1562 1630 Osaseo,
1579 1597 1642 1625 che
1656 1600 1805 1633 partono
1818 1604 1880 1632 per
1894 1595 1928 1623 la
1945 1595 2123 1624 Crociata.

976 1711 1135 1742 1456,
1166 1710 1373 1742 aprile,
1405 1711 1459 1735 6.

880 1799 958 1823 (Arch.
975 1799 997 1820 di
1013 1799 1090 1825 Stato,
1106 1799 1202 1820 Milano.
1219 1810 1244 1813 —
1260 1799 1324 1820 Bolle
1340 1804 1351 1820 e
1368 1798 1434 1820 Brevi
1451 1798 1549 1825 papali).

320 2018 323 2040 ι
546 2002 707 2043 ¹MASTUS
732 1997 929 2038 Episcopus
955 2005 1076 2029 servus
1102 2005 1277 2029 servorum
1304 1995 1377 2035 Dei,
1403 1996 1526 2028 dilecto
1552 1996 1620 2027 filio
1646 1994 1795 2037 Georgio
1820 1996 1862 2028 de
1888 1995 2042 2028 Pusterla
2060 1995 2123 2029 Or-

321 2047 323 2114 i
384 1985 492 2102 C
575 2061 664 2092 dinis
691 2060 839 2092 Fratrum
867 2060 1111 2092 Heremitarum
1137 2060 1243 2091 sancti
1274 2058 1454 2100 Augustini
1481 2060 1513 2090 et
1538 2067 1632 2090 sacre
1651 2058 1839 2099 Tlieologie
1858 2058 2053 2099 professori,
2072 2068 2127 2091 sa-

321 2120 323 2129 *
578 2123 677 2154 lutem
704 2124 734 2154 et
759 2122 984 2162 apostolicam
1011 2122 1292 2153 benedictIOnem.

395 2184 580 2225 Religionis
606 2185 708 2222 zelus,
736 2185 802 2216 vite
828 2193 866 2215 ac
892 2193 1019 2215 morum
1047 2184 1219 2221 honestas,
1245 2184 1378 2224 aliaque
1409 2183 1592 2215 laudabilia
1617 2183 1795 2224 probitatis
1821 2185 1851 2215 et
1877 2184 2034 2215 virtutum
2061 2192 2129 2216 me-

306 2248 376 2285 rita,
402 2256 503 2287 super
529 2247 654 2287 quibus
680 2247 770 2287 apud
798 2255 860 2277 nos
886 2247 1058 2287 fidedigno
1077 2247 1326 2278 commendaris
1344 2247 1547 2284 testimonio,
1566 2254 1628 2277 nos
1647 2246 1809 2278 inducunt
1827 2248 1860 2277 ut
1878 2248 1908 2278 te
1926 2246 2128 2286 spetialibus

305 2309 480 2340 favoribus
506 2312 536 2340 et
563 2310 678 2349 gratiis
705 2318 960 2349 prosequamur.
988 2307 1073 2340 Cum
1101 2309 1224 2348 itaque,
1251 2309 1337 2340 sicut
1362 2309 1514 2340 exhibita
1541 2308 1639 2339 nobis
1666 2317 1773 2349 nuper
1791 2317 1851 2349 pro
1870 2310 1962 2348 parte
1988 2308 2126 2340 dilecto-

310 2381 379 2402 rum
406 2372 548 2402 filiorum
577 2371 738 2402 nobilium
755 2371 900 2402 virorum
920 2369 1031 2402 Caroli
1048 2373 1077 2402 et
1093 2370 1251 2402 Iohannis
1277 2371 1318 2402 de
1345 2369 1555 2411 Cacayranis
1593 2370 1729 2401 fratrum
1757 2373 1787 2402 et
1813 2371 2024 2401 dominorum
2063 2370 2126 2402 loci

308 2433 451 2464 Usasclii
480 2433 702 2464 Taurinensis
728 2434 877 2464 diocesis
904 2433 1020 2473 petitio
1046 2433 1248 2470 continebat,
1275 2433 1350 2473 ipsi,
1376 2433 1432 2472 qui
1459 2433 1529 2464 zelo
1555 2433 1631 2464 fidei
1658 2435 1687 2464 et
1713 2433 1906 2463 devotionis
1933 2433 2070 2471 inducti,
2085 2432 2126 2464 ad

309 2496 392 2526 lianc
419 2499 567 2526 sanctam
595 2496 845 2535 expeditionem
873 2498 988 2527 contra
1016 2495 1178 2535 pertidum
1206 2494 1377 2526 Turclium
1404 2497 1435 2526 et
1460 2495 1544 2526 alios
1582 2495 1735 2526 infideles
1773 2495 1944 2526 christiani
1983 2495 2128 2527 nominis

308 2558 461 2588 inimicos
486 2566 523 2588 ac
551 2567 610 2597 pro
636 2558 711 2588 fidei
739 2558 928 2589 orthodoxe
954 2557 1153 2589 defensione
1180 2557 1402 2597 personaliter
1426 2558 1586 2588 accedere
1611 2558 1751 2597 cupiunt
1775 2555 1826 2596 (2)
1851 2559 1882 2588 et
1908 2558 2044 2588 omnino
2081 2558 2130 2589 in-

307 2619 448 2650 tendunt
474 2628 639 2658 personas
665 2620 826 2659 moneas,
853 2620 978 2659 quibus
1016 2620 1159 2650 filiorum
1186 2621 1217 2651 et
1243 2620 1406 2651 bonorum
1445 2628 1582 2651 suorum
1621 2620 1766 2660 regimen
1793 2622 1824 2651 et
1849 2620 2127 2660 gubernationem

308 2681 514 2712 committere
541 2684 571 2712 ct
597 2682 638 2712 de
664 2682 800 2721 quibus,
827 2684 937 2721 preter
962 2684 992 2713 te
1018 2682 1048 2712 in
1075 2691 1143 2721 quo
1170 2684 1307 2722 propter
1331 2682 1376 2713 tui
1404 2683 1505 2713 vitam
1533 2681 1735 2713 laudabilem
1763 2682 1940 2722 plurimum
1956 2682 2129 2714 confidunt

308 2745 339 2774 et
366 2743 396 2773 in
423 2743 520 2773 cuius
547 2743 702 2774 manibus
728 2752 842 2774 eorum
872 2743 958 2774 bona
985 2744 1171 2783 deponunt,
1197 2746 1265 2775 tute
1291 2744 1460 2775 confidere
1487 2744 1630 2783 possint,
1658 2753 1722 2774 non
1757 2744 1912 2781 habeant,
1939 2753 1998 2784 pro
2035 2746 2128 2784 parte

310 2805 470 2835 nobilium
498 2805 723 2845 predictorum
752 2806 849 2836 nobis
877 2805 936 2836 fuit
964 2806 1131 2837 humiliter
1156 2807 1382 2846 supplicatum
1410 2808 1443 2837 ut
1469 2806 1628 2846 quamdiu
1657 2807 1720 2846 ipsi
1740 2807 1771 2837 in
1800 2807 1991 2838 huiusmodi
2025 2816 2129 2847 expe-

308 2867 434 2898 ditione
461 2868 715 2907 permanserint,
741 2868 799 2898 tibi
827 2877 902 2899 cum
931 2877 996 2898 uno
1021 2868 1087 2899 alio
1113 2877 1172 2908 per
1197 2871 1227 2900 te
1254 2868 1411 2909 eligendo
1437 2869 1542 2906 socio,
1568 2878 1666 2909 quem
1697 2869 1738 2900 ad
1774 2869 1804 2900 id
1839 2870 1979 2901 duxeris
2004 2869 2130 2910 eligen-

366 3024 396 3047 (Ι)
412 3017 428 3043 Ε
443 3024 463 3043 ln
480 3024 547 3049 rigna
563 3024 584 3044 di
600 3024 625 3044 m
642 3025 744 3049 pcrticlrc
760 3025 781 3045 in
798 3025 905 3045 Vellezzo
929 3025 1017 3050 Bellium
1040 3025 1098 3046 della
1122 3026 1190 3051 quale
1299 3026 1329 3049 (2)
1346 3025 1387 3046 Per
1403 3026 1423 3046 la
1440 3025 1547 3047 Crociata
1563 3025 1652 3046 indctta
1668 3025 1696 3046 da
1714 3025 1776 3051 Papa
1793 3025 1889 3047 Callisto
1906 3026 1956 3047 vedi
1974 3026 1996 3047 l..
2015 3025 2123 3050 PASTOR,

315 3067 366 3087 vedi
383 3067 403 3087 ai
420 3067 471 3088 doc,
490 3068 513 3088 19
529 3067 640 3093 tcbbraio,
660 3069 708 3088 1444
724 3074 735 3089 e
753 3069 775 3089 14
791 3069 893 3094 ottobre,
912 3070 968 3090 1454.
1252 3070 1333 3091 Storia
1349 3070 1387 3091 dei
1402 3069 1469 3096 Papi,
1485 3070 1530 3091 vol.
1548 3070 1563 3096 l,
1579 3070 1616 3090 lib,
1634 3070 1670 3096 lv,
1687 3076 1739 3096 pag.
1756 3070 1802 3096 497,
1819 3076 1867 3096 seg.
