2347 3444
315 234 357 265 66

313 374 350 396 ac
377 365 474 402 cedit,
501 364 639 396 tansfert
664 368 694 396 et
720 365 822 396 donat
848 364 937 396 fratri
965 364 1113 395 Eusebio
1139 364 1179 395 de
1207 363 1390 402 Lengieriis
1407 360 1467 401 (1),
1494 360 1632 394 Ordinis
1659 361 1899 394 Heremitarum
1927 362 2033 394 sancti
2061 361 2129 393 Au-

315 427 438 467 gustini
458 428 642 467 papiensis,
661 427 793 458 sindico
819 429 849 458 et
876 426 1092 467 procuratori,
1119 425 1302 457 sindicario
1328 427 1358 455 et
1386 424 1616 464 procuratorio
1643 424 1775 455 nomine
1803 424 2042 455 venerabilium
2069 424 2129 455 do-

316 490 479 520 minorum
506 488 641 524 Primis,
668 488 802 520 fratrum
830 492 860 520 et
886 486 1083 520 Conventus
1110 487 1250 518 ecclesie
1276 486 1382 517 sancti
1410 485 1589 526 Augustini
1617 486 1801 526 papiensis,
1820 486 1943 517 ibidem
1971 486 2128 526 presenti,

315 552 487 592 recipienti
526 554 557 582 et
581 551 751 591 :acipienti
791 551 922 581 nomine
948 553 979 581 et
1006 550 1078 580 vice
1115 558 1153 580 ac
1190 549 1230 579 ad
1270 550 1395 588 partem
1422 550 1453 579 et
1480 547 1653 579 utilitatem
1688 547 1891 588 prefatorum
1919 548 2129 579 dominorum

316 613 440 644 Prioris
466 616 496 645 et
522 613 657 644 fratrum
684 622 722 644 ac
755 613 842 644 dicte
869 612 1020 645 ecclesie.
1048 611 1252 641 nominative
1279 612 1309 642 et
1336 619 1394 650 per
1419 610 1578 641 allodium
1617 610 1740 650 petiam
1775 618 1874 641 unam
1901 612 1996 647 terre,
2030 610 2131 650 perti-

315 676 450 707 charum
488 675 666 706 duodecim
696 675 746 706 vel
774 675 896 708 circha,
923 674 995 704 sive
1023 673 1099 713 plus
1137 673 1188 704 vel
1227 673 1337 703 minus
1363 673 1405 703 sit
1431 674 1461 703 et
1488 674 1796 712 quantumcumque
1835 672 1888 709 sit,
1926 672 2070 712 positam
2098 672 2129 702 in

316 738 480 769 territorio
517 738 595 768 dicti
631 737 692 768 loci
724 735 911 773 Garlasclii,
939 736 992 766 ubi
1020 735 1140 766 dicitur
1166 744 1269 775 super
1295 735 1348 766 via
1374 733 1538 775 Scurpeli,
1565 734 1617 766 cui
1645 734 1804 765 coherent
1829 742 1847 765 a
1874 743 1969 765 mane
1990 734 2130 765 heredes

316 809 375 832 seu
395 808 614 831 successores
633 799 802 839 quondam
823 797 861 829 1).
882 796 1048 838 Gasparis
1074 797 1114 828 de
1142 796 1290 837 Rampis,
1317 806 1335 828 a
1361 797 1498 828 meridie
1537 796 1644 828 lectus
1682 795 1854 834 Terdobii,
1880 805 1898 827 a
1925 796 2013 827 nulla
2051 797 2131 827 hora

316 863 461 903 quedam
488 862 634 898 stratcla,
661 870 719 901 per
745 869 844 900 quam
873 860 936 891 itur
961 860 1002 891 ad
1031 860 1139 890 locum
1167 858 1305 899 Alagne,
1332 860 1404 890 sive
1431 859 1487 896 ibi,
1513 861 1573 890 etc.
1601 857 1659 889 Est
1685 867 1725 889 ex
1753 867 1855 890 causa
1874 860 1905 890 et
1924 858 2040 890 merito
2058 867 2133 898 pre-

317 926 421 956 sentis
447 925 649 961 donationis,
676 926 735 955 etc.
763 923 887 954 cedens
913 925 943 954 et
970 921 1184 959 transferens,
1210 924 1271 953 ctc.
1291 923 1350 953 etc.
1371 920 1600 958 presentibus,
1619 923 1679 952 etc.
1699 921 1843 952 testibus
1862 921 1960 958 notis,
1979 920 2131 962 ydoneis,

318 987 448 1018 vocatis
475 989 505 1018 et
532 987 666 1027 rogatis.

1157 1132 1300 1173 CCV.

407 1252 599 1280 Iscrizione
625 1251 719 1280 della
745 1259 916 1287 campana
941 1250 1122 1287 maggiore
1148 1250 1182 1278 di
1209 1250 1244 1279 S.
1272 1250 1391 1278 Pietro
1416 1250 1451 1278 in
1477 1249 1551 1278 Ciel
1577 1250 1610 1278 d'
1628 1258 1702 1278 oro.

1102 1372 1350 1397 1438....

564 1471 597 1493 (Ρ.
616 1471 717 1492 181ὓοΚο
734 1470 829 1495 GRASffl.
848 1469 990 1491 Cronaca..„
1007 1470 1031 1490 di
1047 1469 1069 1491 Sl
1087 1469 1203 1495 Agosrrno
1219 1469 1244 1490 di
1259 1469 1340 1493 Pavia,
1357 1475 1399 1489 ms.
1417 1469 1475 1489 della
1487 1469 1577 1489 libreria
1595 1468 1618 1490 R.
1637 1469 1762 1495 Maiocclii,
1780 1468 1819 1489 fol.
1839 1469 1890 1493 113).

409 1655 435 1744 ἱ
477 1654 488 1702 )
562 1672 689 1705 ENlTE,
716 1667 883 1699 benedicti
911 1666 1019 1698 Patris
1045 1667 1120 1704 mei,
1147 1667 1307 1707 percipite
1334 1675 1481 1707 regnum,
1509 1666 1599 1706 quod
1627 1666 1725 1698 vobis
1751 1667 1902 1707 paratum
1930 1668 1980 1698 est
2005 1667 2047 1698 ab
2077 1666 2142 1697 ori-

593 1731 668 1771 gine
695 1730 820 1761 mundi.

526 1829 529 1830 ⁷
564 1783 565 1829 ἶ
683 1792 775 1824 Hanc
801 1801 998 1833 campanam
1026 1793 1114 1824 refici
1142 1792 1294 1824 fecerunt
1318 1791 1438 1823 fratres
1463 1792 1569 1823 sancti
1594 1791 1775 1833 Augustini
1795 1801 1836 1823 ex
1855 1792 2049 1823 elemosinis
2068 1801 2142 1832 per-

321 1829 480 1887 sonarum
504 1829 654 1887 civitatis
681 1854 816 1895 Papiae.
843 1853 1182 1886 MCCCCXXXVIH.
1210 1854 1374 1894 Magister
1400 1853 1610 1886 Thomainus
1637 1854 1715 1886 fecit
1733 1851 1793 1894 (2).

1148 2029 1318 2070 CCVI.

414 2147 620 2176 Donazione
646 2147 680 2176 di
706 2156 751 2176 un
775 2152 914 2176 terreno
940 2147 1010 2183 agli
1036 2147 1262 2183 Agostiniani
1287 2147 1322 2175 di
1349 2147 1383 2176 S.
1411 2147 1531 2176 Pietro
1557 2147 1591 2175 in
1617 2147 1691 2175 Ciel
1725 2146 1757 2175 d'
1774 2155 1848 2175 oro.

945 2269 1096 2300 1438,
1117 2271 1457 2301 setternbre‚
1478 2270 1525 2295 2.

859 2357 935 2381 (Arch.
952 2357 1031 2378 Notar.
1049 2358 1070 2378 di
1087 2357 1165 2379 Pavia.
1182 2369 1206 2371 —
1223 2357 1270 2378 Atti
1286 2357 1308 2378 di
1324 2357 1480 2379 Giacomazzo
1495 2357 1610 2382 Sedazzi).

576 2561 598 2586 N
625 2554 770 2588 Camera
808 2554 950 2597 Collegii
989 2555 1202 2587 Notariorum
1229 2554 1377 2596 Papie....
1405 2554 1558 2587 Prudens
1585 2555 1635 2586 vir
1659 2555 1816 2586 dominus
1843 2553 2078 2595 Galvagninus
2103 2554 2144 2585 de

433 2542 481 2657 Ι
568 2592 570 2623 ν
598 2618 812 2650 Montebreto
838 2618 927 2650 tilius
953 2619 1124 2659 quondam
1150 2619 1276 2650 domini
1304 2618 1461 2650 Iohannis
1487 2618 1572 2649 civis
1590 2619 1622 2649 et
1641 2617 1807 2648 habitator
1832 2616 1980 2657 Papie....
2005 2616 2145 2648 donavit

567 2683 568 2689 ¹
596 2682 626 2711 et
652 2681 798 2711 donat...
825 2681 948 2712 traddit
974 2683 1004 2712 et
1031 2681 1087 2712 dat
1113 2681 1296 2712 venerabili
1323 2683 1355 2712 et
1380 2680 1524 2720 sapienti
1551 2680 1623 2711 viro
1649 2680 1785 2711 domino
1823 2679 1912 2711 tratri
1939 2678 2077 2712 Stefano
2103 2679 2144 2711 de

330 2743 472 2774 Masinis
498 2741 636 2774 Ordinis
664 2742 905 2774 Heremitarum
932 2743 1037 2774 sancti
1066 2742 1245 2784 Augustini
1272 2745 1302 2775 et
1329 2741 1527 2775 Conventus
1553 2741 1733 2783 Papiensis
1760 2743 1790 2773 in
1817 2751 1912 2774 sacra
1939 2743 2061 2783 pagina
2087 2742 2146 2774 ba-

386 2900 415 2923 (l›
431 2899 520 2924 Questo
545 2901 704 2925 procuratore,
721 2900 761 2919 clu:
779 2899 836 2919 nella
862 2899 964 2925 maggior
989 2901 1054 2925 parte
1079 2900 1114 2920 dei
1140 2899 1210 2920 docu-
1264 2900 1285 2920 la
1300 2905 1412 2925 campana
1429 2905 1469 2925 per
1484 2900 1504 2920 la
1520 2905 1596 2920 nuova
1621 2899 1718 2920 lusione.
1736 2899 1751 2920 ll
1767 2900 1877 2925 magister
1897 2899 2046 2924 Tlioniainus,
2069 2899 2143 2920 fondi-

334 2945 402 2966 nienti
419 2945 430 2965 e
446 2945 561 2965 chiamato
577 2945 605 2965 de
622 2944 743 2970 Legionis.
757 2944 794 2969 qui
807 2944 818 2964 e
830 2944 895 2964 detto
907 2944 1044 2969 Lengieru‘s.
1058 2950 1069 2964 e
1082 2944 1120 2969 piu
1131 2944 1209 2965 avanti
1267 2946 1317 2965 tore
1333 2945 1367 2965 nel
1386 2944 1443 2969 1438,
1459 2944 1471 2965 ὸ
1487 2944 1545 2965 della
1568 2946 1622 2965 nola
1645 2944 1745 2969 tamiglia
1762 2944 1795 2965 De
1812 2944 2000 2970 Provenzalibus,
2023 2945 2064 2965 che
2083 2944 2141 2965 nelle

336 2990 357 3009 10
372 2991 504 3009 troveremo
520 2988 620 3009 indicato
636 2994 676 3014 per
693 2987 839 3013 Belegicrris.
857 2988 897 3008 che
916 2988 1139 3013 corrisponderebbe
1151 2988 1212 3009 torse
1267 2991 1330 3010 carte
1346 2989 1424 3015 pavesi
1440 2989 1491 3009 sino
1506 2989 1565 3009 dalla
1581 2989 1682 3010 seconda
1705 2989 1765 3009 ruelii
1788 2988 1823 3009 del
1846 2989 1924 3009 secolo
1946 2988 2035 3010 decimo
2058 2990 2141 3014 quarto

333 3033 353 3054 al
370 3034 450 3054 nostro
466 3032 594 3059 Bellingeri.
1262 3033 1385 3059 apparisce
1408 3038 1463 3054 aver
1487 3035 1568 3054 tenuto
1584 3033 1605 3054 in
1622 3033 1691 3054 pavia
1709 3033 1729 3054 la
1747 3033 1854 3054 custodia
1879 3033 1937 3054 delle
1956 3038 2067 3059 campane
2083 3033 2141 3054 della

395 3077 425 3101 (2)
446 3076 534 3102 Questa
557 3077 677 3098 iscrizione
701 3077 720 3097 ci
743 3075 765 3097 iu
787 3077 925 3097 conservata
948 3075 969 3096 in
992 3081 1021 3096 un
1043 3077 1093 3096 atto
1115 3076 1212 3097 nolarile
1267 3079 1330 3099 torre
1350 3078 1474 3104 maggiorc,
1490 3077 1518 3099 cd
1539 3083 1608 3099 avere
1630 3078 1753 3099 eser-citata
1775 3083 1819 3099 una
1841 3077 1944 3099 fonderia
1960 3078 1981 3098 di
1997 3083 2108 3103 campane
2130 3083 2142 3099 e
2168 3078 2172 3086 ¹

337 3123 419 3147 rogato
434 3122 469 3142 nel
494 3121 550 3147 1583,
571 3126 636 3142 come
651 3126 765 3147 appresso
788 3120 905 3145 vedrerno,
922 3120 994 3145 prima
1010 3119 1031 3140 dl
1048 3119 1094 3140 tare
1111 3120 1131 3140 in
1148 3121 1212 3146 pezzi
1269 3122 1290 3142 di
1307 3121 1441 3143 bombarde⁴
