2347 3444
1880 225 1940 256 149

130 357 248 389 fratres
273 359 304 389 et
329 356 522 398 Capitulum
549 366 586 388 ac
612 355 835 394 Conventum,
873 365 937 388 una
974 365 1048 388 cum
1086 357 1202 388 eodem
1229 356 1366 387 domino
1393 356 1541 394 Foresto,
1569 358 1672 389 videri
1700 359 1731 388 et
1756 359 1939 390 examinari

130 419 253 451 faciant
278 428 464 460 expensam
490 420 599 451 tocius
625 419 738 459 operis
765 428 824 459 pro
850 419 1076 450 construendo
1103 418 1211 450 voltas
1237 419 1389 450 sacristie
1416 419 1504 450 dicte
1531 419 1674 451 ecclesie
1700 421 1805 451 sancti
1825 420 1940 461 Augu-

131 482 219 519 stini,
246 484 276 514 et
301 491 376 514 cum
402 482 501 513 certis
527 482 602 513 aliis
629 482 737 513 modis
765 484 798 512 ut
823 482 945 512 dicitur
970 481 1134 512 contentis
1153 481 1183 511 in
1202 482 1402 512 testamento
1421 483 1451 512 et
1470 481 1624 512 codicilis
1643 482 1751 521 ipsius
1769 483 1940 521 quondam

132 543 289 575 Iohannis
315 544 460 582 Antonii,
486 544 527 576 de
553 554 620 584 quo
646 544 766 575 dicitur
802 546 956 575 constare
994 544 1222 575 instrumentis
1249 543 1374 584 rogatis
1401 552 1459 583 per
1485 543 1664 575 Iohannem
1692 543 1871 575 Antonium
1899 545 1940 576 de

132 605 240 638 Strata
267 607 430 639 notarium
457 607 665 647 papiensem,
693 607 894 647 requirendo
920 607 950 637 in
977 606 1095 638 effectu
1123 606 1212 646 quod
1241 606 1313 646 ipse
1339 606 1496 637 dominus
1536 605 1694 637 Forestus
1721 606 1799 637 velit
1825 610 1855 638 et
1882 607 1940 638 de-

133 669 208 700 beat
234 669 449 709 presentibus
474 669 527 700 die
554 671 584 700 et
610 669 700 706 hora,
727 671 756 700 et
783 669 977 700 successive
1004 668 1243 706 continuando,
1262 668 1303 699 de
1329 668 1409 699 hora
1437 668 1466 698 in
1495 668 1620 705 horam,
1647 677 1754 708 usque
1781 669 1821 699 ad
1849 669 1942 709 vige-

128 731 249 762 simam
287 734 438 772 quartam
477 731 601 767 horam,
638 740 676 762 ac
713 732 910 763 successive
936 731 989 762 die
1015 731 1167 771 sequenti
1206 731 1285 762 hora
1323 740 1418 762 mane
1456 733 1487 762 et
1525 740 1632 770 usque
1659 731 1700 762 ad
1728 731 1943 771 vigesimam-

133 796 284 833 quartam
310 794 435 831 horam,
461 795 492 824 et
519 801 697 833 usquequo
724 793 935 834 infrascripta
960 793 1046 825 facta
1072 793 1203 831 fuerint,
1230 793 1308 824 velit
1333 795 1364 824 et
1390 793 1511 824 debeat
1540 793 1761 833 personaliter
1779 793 1941 824 interesse

133 855 174 886 ad
201 858 231 886 et
258 856 288 886 in
315 855 404 886 dicto
431 855 503 886 loeo
530 855 680 886 sacristie
706 855 793 887 dicte
819 856 939 887 domus
965 858 995 887 et
1021 856 1162 887 ecclesie
1188 856 1294 887 sancti
1322 854 1512 896 Augustini,
1539 857 1569 886 et
1596 855 1626 886 in
1654 864 1721 895 quo
1747 855 1815 886 fieri
1842 855 1942 886 debet

133 926 231 957 opus,
257 918 298 948 de
324 926 391 957 quo
418 917 447 947 in
475 917 565 948 dicto
590 918 790 948 testamento
815 918 849 948 fit
876 918 1008 955 mentio,
1034 918 1075 949 ad
1103 918 1284 949 videndum
1311 920 1342 948 et
1360 917 1622 949 examinandum
1641 919 1672 948 et
1691 917 1795 948 videri
1815 919 1845 948 et
1864 926 1944 948 exa-

137 979 252 1010 minari
279 979 483 1015 faciendum,
511 988 574 1010 una
601 987 674 1009 cum
713 979 812 1010 dictis
850 980 996 1010 dominis
1033 979 1146 1011 Priore
1173 981 1203 1011 et
1228 979 1397 1017 fratribus,
1435 988 1493 1020 per
1520 989 1620 1010 unum
1648 988 1707 1010 seu
1735 979 1848 1019 plures
1875 988 1943 1010 ma-

133 1041 272 1082 gistrum
299 1049 357 1072 seu
385 1041 564 1081 magistros
591 1041 620 1071 in
648 1041 783 1072 tallibus
809 1044 983 1081 expertum
1010 1044 1039 1073 et
1065 1043 1234 1082 expertos,
1261 1042 1382 1073 dictam
1409 1051 1594 1082 expensam
1614 1043 1767 1082 utsupra
1797 1042 1941 1072 fiendam

134 1112 193 1143 pro
230 1103 305 1143 ipso
341 1112 442 1143 opere
480 1103 695 1143 perficiendo,
722 1106 752 1134 et
777 1104 818 1134 ad
858 1104 1039 1135 videndum
1066 1106 1097 1135 et
1122 1104 1383 1135 examinandum
1423 1106 1528 1135 utrum
1557 1104 1619 1144 ipsi
1646 1104 1758 1135 ducati
1785 1105 1945 1143 quatuor—

133 1167 265 1196 centum
291 1165 372 1201 auri,
400 1167 433 1196 ut
459 1174 561 1205 supra
588 1165 698 1206 legati.
725 1165 933 1197 sufficientes
959 1165 1080 1197 fuerint
1106 1168 1136 1197 et
1162 1166 1228 1197 sint
1264 1166 1306 1197 ad
1344 1166 1467 1197 dietam
1494 1175 1680 1206 expensam
1706 1166 1863 1201 fiendam,
1891 1165 1941 1197 vel

134 1236 184 1258 ne.
212 1226 250 1258 Et
275 1236 355 1258 casu
393 1236 460 1267 quo
497 1227 705 1259 sufficientes
743 1237 807 1258 non
846 1228 977 1266 fuerint,
1003 1229 1043 1259 ad
1071 1229 1254 1260 videndum
1281 1231 1312 1260 et
1337 1229 1544 1260 audiendum
1584 1237 1643 1268 per
1669 1229 1762 1269 ipsos
1789 1229 1944 1259 dominos

134 1288 281 1320 Priorem
308 1292 337 1321 et
363 1289 482 1321 fratres
507 1292 538 1321 et
563 1299 623 1321 seu
650 1299 708 1330 per
734 1299 847 1321 eorum
875 1291 1039 1322 sindicum
1055 1292 1086 1322 et
1106 1293 1354 1330 procuratorem
1381 1300 1494 1322 eorum
1514 1292 1647 1322 nomine
1665 1291 1734 1322 fieri
1754 1290 1841 1321 illam
1861 1290 1946 1321 obli-

134 1352 300 1393 gationem
327 1361 426 1392 quam
453 1352 561 1383 facere
589 1352 763 1389 voluerint,
790 1355 851 1384 etc.
878 1352 917 1383 Et
944 1353 1081 1384 ulterius
1108 1353 1213 1384 eciam
1240 1353 1451 1393 requisiverit
1477 1354 1566 1393 quod
1595 1354 1666 1393 ipse
1699 1353 1856 1384 dominus
1884 1352 1945 1383 Fo-

135 1416 244 1445 restus
271 1414 352 1445 velit
366 1416 397 1446 et
412 1414 534 1446 debeat
560 1414 745 1446 exbursare
772 1415 856 1455 ipsis
881 1415 1028 1446 dominis
1054 1414 1158 1446 Priori
1185 1417 1217 1447 et
1243 1415 1414 1447 Fratribus
1429 1424 1466 1446 ac
1481 1415 1661 1446 conventui
1678 1415 1788 1447 dictos
1803 1415 1945 1446 ducatos

135 1479 424 1517 quatuorcentum,
462 1479 495 1508 ut
533 1476 666 1508 valeant
703 1477 886 1517 procedere
922 1477 964 1509 ad
1002 1478 1241 1517 perficiendum
1276 1478 1401 1509 dictum
1427 1486 1515 1518 opus
1541 1480 1601 1509 etc.
1629 1477 1668 1509 Et
1695 1479 1792 1518 prout
1818 1478 1866 1509 sic
1892 1477 1944 1509 vel

135 1539 241 1577 aliter,
268 1539 345 1579 plus
370 1541 426 1570 aut
453 1539 574 1577 minus,
601 1539 631 1569 in
659 1539 733 1579 ipsa
758 1541 887 1571 asserta
913 1539 1073 1571 denuntia
1099 1548 1158 1571 seu
1185 1540 1410 1580 requisicione
1436 1540 1598 1571 contineri
1625 1540 1832 1580 reperiatur:

224 1601 341 1639 Modo,
378 1601 488 1632 dictus
525 1601 683 1632 dominus
720 1600 879 1633 Forestus
905 1601 946 1633 de
972 1599 1213 1640 Canevanova,
1245 1602 1411 1634 accedens
1438 1602 1468 1632 in
1495 1602 1641 1633 claustro
1677 1602 1765 1633 dicte
1802 1601 1944 1633 ecclesie

136 1664 243 1695 sancti
269 1662 448 1704 Augustini
475 1665 506 1694 et
532 1663 563 1694 in
590 1663 744 1694 sacristia
781 1663 932 1694 eiusdem
969 1664 1122 1701 ecclesie,
1159 1672 1261 1695 causa
1287 1665 1317 1695 et
1343 1664 1527 1695 occaxione
1560 1664 1649 1695 dicte
1675 1665 1804 1695 asserte
1832 1665 1944 1703 prote-

136 1726 291 1757 stationis
316 1728 347 1757 et
372 1726 581 1758 denuncie...
607 1728 638 1757 et
663 1734 766 1757 causa
792 1728 823 1758 et
849 1727 1035 1758 occaxione
1053 1727 1200 1757 omnium
1227 1727 1258 1757 in
1285 1735 1323 1758 ea
1349 1728 1595 1764 contentorum,
1614 1726 1700 1757 dixit
1717 1728 1747 1757 et
1766 1726 1846 1757 dicit
1872 1726 1944 1766 ipse

136 1789 293 1820 dominus
319 1788 478 1820 Forestus
504 1788 594 1828 quod
622 1797 686 1819 non
713 1789 886 1820 consensit
904 1797 1013 1828 neque
1030 1789 1196 1820 consentit
1214 1788 1322 1820 eidem
1341 1790 1468 1820 asserte
1495 1788 1745 1829 protestacioni‚
1781 1788 1946 1819 denuncie

135 1852 165 1882 et
191 1850 418 1890 requi<icioni,
444 1852 478 1881 ut
505 1850 706 1890 premittitur
730 1849 815 1881 facte
842 1859 900 1890 per
925 1850 1051 1882 dietum
1088 1850 1220 1882 fratrem
1258 1850 1488 1891 Baptistam....
1516 1851 1547 1881 in
1574 1852 1735 1890 quantum
1766 1852 1947 1881 concernat

136 1912 357 1953 preiudicium
385 1912 493 1952 ipsius
519 1912 643 1943 domini
671 1911 798 1943 Foresti
825 1921 885 1944 nec
912 1921 977 1943 non
1005 1913 1162 1944 heredum
1189 1914 1220 1944 et
1247 1913 1441 1944 hereditatis
1477 1913 1555 1944 dicti
1593 1913 1762 1953 quondam
1790 1911 1946 1943 lobannis

136 1973 282 2012 Antonii,
308 1974 425 2006 dicens
451 1975 559 2014 ipsam
585 1976 747 2006 assertam
774 1974 1067 2014 protestacionem,
1100 1975 1301 2006 denunciam
1327 1977 1358 2006 et
1384 1975 1654 2015 requisicionem,
1689 1976 1723 2005 ut
1747 1974 1948 2014 premittitur

134 2037 300 2069 factam...
337 2036 442 2068 fuisse
468 2038 499 2068 et
523 2045 599 2068 esse
636 2036 759 2068 nullam
798 2036 990 2077 nulliusque
1027 2037 1177 2075 effectus,
1215 2037 1339 2069 valoris
1367 2039 1398 2069 et
1423 2037 1581 2069 momenti
1607 2039 1638 2068 et
1663 2046 1728 2068 non
1766 2037 1889 2068 habere
1914 2036 1944 2067 in

135 2099 248 2140 aliquo
273 2100 397 2131 obesse
424 2099 487 2139 ipsi
514 2099 651 2130 domino
678 2098 816 2130 Foresto
842 2108 880 2130 ac
904 2099 1009 2130 eciam
1036 2099 1217 2131 heredibus
1242 2102 1274 2131 et
1300 2099 1474 2131 hereditati
1501 2099 1579 2131 dicti
1599 2099 1770 2139 quondam
1790 2098 1946 2129 Iohannis

136 2161 292 2200 Antonii;
318 2161 469 2193 similiter
493 2163 523 2192 et
550 2170 614 2191 non
642 2161 764 2192 habere
791 2161 821 2191 in
848 2161 962 2201 aliquo
988 2161 1152 2201 prodesse
1178 2161 1278 2193 dictis
1303 2161 1449 2193 dominis
1476 2160 1593 2199 Priori,
1619 2160 1790 2192 Fratribus
1809 2162 1839 2192 et
1857 2158 1948 2192 Con—

136 2224 259 2261 ventui,
285 2224 428 2255 maxime
455 2223 533 2263 quia
559 2223 632 2263 ipsa
658 2225 787 2254 asserta
813 2223 1210 2263 protestacio,denuncia
1235 2225 1266 2255 et
1291 2224 1472 2263 requisicio
1499 2224 1530 2254 in
1556 2223 1718 2264 passibus
1744 2225 1775 2254 et
1800 2223 1945 2263 punctis,

136 2285 258 2323 verbis,
283 2285 439 2326 capitulis
464 2287 496 2317 et
521 2285 670 2316 articulis
695 2285 899 2317 facientibus
924 2287 1039 2316 contra
1066 2285 1175 2325 ipsum
1202 2286 1373 2317 dominum
1400 2285 1573 2317 Forestum
1600 2294 1638 2317 ac
1665 2285 1806 2317 heredes
1832 2287 1862 2316 et
1889 2285 1945 2316 he-

138 2347 309 2379 reditatem
335 2347 414 2379 dicti
440 2347 611 2388 quondam
650 2346 806 2379 Iohannis
844 2346 990 2385 Antonii,
1022 2347 1083 2378 fuit
1108 2349 1139 2378 et
1164 2349 1214 2379 est
1238 2347 1327 2379 facta
1361 2350 1471 2388 preter
1495 2349 1526 2379 et
1552 2349 1667 2379 contra
1692 2347 1832 2378 formam
1860 2346 1941 2377 iuris

136 2411 168 2441 et
192 2418 266 2441 cum
293 2410 482 2441 reverencia
508 2410 633 2441 doloxa
659 2412 689 2441 et
715 2410 929 2441 calumnioxa
954 2412 986 2441 et
1012 2410 1042 2440 in
1069 2409 1195 2441 dollum
1223 2410 1357 2441 mallum
1377 2412 1409 2441 et
1427 2410 1626 2441 calumniam
1647 2409 1856 2441 manifestam
1875 2409 1946 2440 dic-

136 2474 243 2503 torum
269 2471 404 2509 Prioris,
430 2471 579 2503 Fratrum
606 2473 637 2503 et
663 2470 860 2504 Conventus
885 2480 923 2503 ac
949 2472 1027 2503 dicti
1065 2481 1179 2503 eorum
1206 2473 1325 2503 asserti
1359 2472 1479 2503 sindici
1506 2474 1536 2503 et
1562 2472 1832 2512 procuratoris...
1859 2470 1943 2501 Nam

136 2535 163 2566 si
189 2535 219 2566 et
245 2534 278 2565 in
301 2536 461 2574 quantum
487 2536 648 2574 appareat
674 2536 704 2565 et
730 2543 789 2565 seu
816 2543 977 2574 apparere
1003 2535 1113 2574 possit
1138 2534 1283 2575 legitime
1309 2534 1349 2566 de
1375 2536 1505 2566 asserto
1532 2534 1641 2575 legato
1667 2535 1697 2565 et
1722 2534 1862 2564 assertis
1888 2542 1944 2564 co-

135 2596 256 2634 dicilis‚
281 2595 368 2627 facto
393 2597 423 2628 et
449 2596 545 2628 factis
572 2605 630 2636 per
655 2596 781 2627 dictum
807 2596 977 2636 quondam
1005 2595 1184 2627 Iohannem
1201 2595 1393 2634 Antonium,
1419 2596 1518 2628 dictis
1545 2596 1690 2627 dominis
1717 2595 1888 2626 Fratribus
1913 2598 1944 2626 et

135 2656 324 2690 Conventui
350 2660 381 2690 et
405 2658 446 2690 de
473 2658 598 2699 quibus
624 2659 654 2689 in
681 2658 770 2690 dicta
796 2660 924 2690 asserta
958 2659 1216 2698 protestacione,
1243 2658 1408 2690 denuncia
1434 2660 1465 2690 et
1492 2658 1717 2698 requisicione
1742 2658 1777 2688 fit
1802 2657 1942 2692 mencio,

134 2720 223 2760 quod
250 2722 358 2752 tamen
385 2720 457 2760 ipse
483 2720 641 2752 dominus
667 2720 826 2752 Forestus
853 2729 917 2751 non
944 2720 1074 2757 fatetur,
1100 2720 1185 2751 dixit
1210 2729 1248 2751 ac
1274 2720 1353 2751 dicit
1379 2720 1465 2752 idem
1492 2720 1651 2752 dominus
1677 2719 1836 2751 Forestus
1861 2721 1943 2750 tam-

134 2791 233 2823 quam
270 2784 421 2814 assertus
457 2784 545 2814 tutor
570 2784 602 2814 et
627 2791 685 2814 seu
723 2785 912 2823 exequutor
948 2782 1095 2822 pretensi
1133 2782 1321 2814 testamenti
1360 2782 1499 2823 predicti
1537 2784 1567 2814 et
1593 2791 1653 2814 seu
1691 2782 1826 2813 heredis
1861 2781 1940 2813 dicti

133 2844 304 2885 quondam
331 2844 488 2876 Iohannis
514 2844 660 2883 Antonii,
686 2845 777 2885 quod
805 2845 836 2876 in
863 2847 1024 2884 quantum
1050 2844 1111 2876 fuit
1136 2846 1167 2876 et
1192 2846 1243 2876 est
1269 2845 1300 2875 in
1327 2845 1437 2885 ipsum
1476 2845 1647 2876 dominum
1675 2844 1848 2876 Forestum
1876 2853 1940 2874 non

133 2906 193 2937 fuit
229 2915 288 2938 nec
325 2908 376 2938 est
402 2907 433 2937 in
459 2906 572 2947 aliqua
610 2907 813 2948 negligentia
851 2916 910 2938 nec
949 2907 979 2937 in
1017 2906 1131 2946 aliquo
1167 2906 1270 2944 dollo,
1296 2908 1327 2938 et
1365 2916 1429 2938 non
1468 2907 1634 2938 modicam
1673 2907 1762 2947 capit
1798 2906 1942 2937 admira-

133 2969 262 3000 cionem
289 2969 329 3000 de
355 2968 443 3000 dicta
469 2971 597 3000 asserta
623 2969 882 3009 protestacione,
908 2968 1074 3000 denuncia
1100 2971 1130 2999 et
1157 2969 1390 3009 requisicione.
1410 2968 1494 3000 Nam
1515 2969 1587 3009 ipse
1606 2969 1763 3000 dominus
1782 2967 1940 2999 Forestus

132 3033 301 3071 tamquam
340 3033 517 3071 pretensus
554 3033 715 3063 executor
750 3031 941 3063 antedictus
967 3032 996 3062 et
1023 3031 1053 3061 in
1091 3032 1252 3071 quantum
1289 3031 1353 3062 sibi
1391 3031 1533 3063 facultas
1559 3032 1654 3063 adest
1680 3032 1711 3062 in
1738 3031 1836 3062 bonis
1862 3030 1939 3061 dicti

133 3093 302 3133 quondam
329 3092 485 3125 iohannis
511 3093 657 3132 Antonii,
683 3102 819 3134 semper
843 3095 981 3134 paratus
1007 3093 1067 3124 fuit
1093 3095 1124 3124 et
1150 3094 1302 3133 paratum
1328 3101 1364 3125 se
1389 3094 1519 3132 obtulit,
1545 3103 1583 3125 ac
1610 3094 1726 3125 iterato
1763 3093 1867 3130 offert,
1892 3091 1941 3123 fa-
