2347 3444
274 221 339 252 236

277 353 471 384 ducatorum
498 352 623 389 decem,
650 353 712 383 hoc
737 354 787 383 est
813 352 915 383 libras
942 351 1149 391 vigintiduas
1176 350 1290 388 imper.
1317 347 1485 388 prefactus
1519 347 1677 378 dominus
1713 346 1896 378 sindicus...
1933 345 2022 377 dat...
2058 347 2089 376 et

276 415 375 446 tradit
401 415 523 446 ibidem
549 415 721 446 actualiter
748 413 884 445 Iohanni
911 414 951 444 de
977 411 1133 445 Cassinis
1159 411 1199 442 de
1227 410 1338 441 Laude
1375 409 1571 440 merchatori
1609 407 1882 439 fzrramentorum
1917 408 1947 439 in
1975 406 2089 448 Papia,

278 478 321 509 ibi
349 478 505 518 presenti,
532 478 587 517 qui
615 477 693 508 dicit
719 485 754 508 se
772 477 967 507 creditorem
995 475 1080 505 dicte
1106 473 1246 504 ecclesie
1271 472 1421 503 eiusdem
1442 471 1639 511 quantitatis
1657 473 1687 501 et
1705 471 1802 501 etiam
1823 470 1969 507 maioris,
1996 477 2091 501 occa-

279 541 378 571 xione
403 540 546 572 clavium
573 543 604 570 et
629 540 768 570 aliorum
794 538 1067 569 ferramentorum
1095 535 1280 575 positorum
1309 534 1338 564 in
1365 533 1511 564 claustro
1537 533 1622 564 dicte
1647 532 1797 564 ecclesie.

1084 707 1278 749 CDLX.

370 823 475 851 Frate
503 821 732 850 Bartolomeo
759 820 801 848 da
829 818 1067 851 Castellazzo,
1095 817 1330 845 Procuratore
1355 816 1390 844 di
1416 816 1451 845 S.
1479 816 1664 852 Agostino,
1693 816 1725 844 fa
1750 815 1914 844 risultare
1939 814 1961 843 1’
1975 815 2094 843 adem-

282 877 437 913 pimento
463 875 518 904 del
545 876 661 910 legato
686 871 957 902 testamentario
983 871 1017 899 di
1044 870 1206 899 Caterina
1230 869 1389 898 Fornari.

899 966 1035 992 1482
1043 981 1055 997 ,
1085 965 1342 997 8911116ίο
1353 980 1367 997 ,
1397 965 1475 990 1⁰2.

795 1057 869 1076 «areli.
886 1055 966 1076 Notar.
983 1054 1004 1075 di
1023 1054 1100 1075 Pavia.
1116 1065 1141 1068 -—
1157 1054 1204 1074 Atti
1221 1053 1242 1074 di
1259 1053 1317 1074 Gian
1333 1053 1420 1074 Franco
1436 1052 1595 1079 Gravanagol.

390 1245 435 1360 Ι
530 1261 552 1287 Ν
577 1255 718 1287 ecelesia
744 1256 857 1286 sancte
883 1253 1067 1284 Trinitatis.
1095 1253 1125 1284 in
1153 1251 1252 1284 Porta
1278 1252 1474 1293 Marengha.
1501 1251 1710 1283 Venerabilis
1736 1251 1786 1282 vir
1811 1251 1968 1283 dominus
2003 1250 2102 1282 frater

552 1318 784 1349 Bertolomeus
810 1316 850 1347 de
876 1314 1067 1348 Castelacio
1093 1315 1245 1346 sindicus
1270 1317 1301 1346 et
1327 1318 1553 1356 procurator...
1581 1315 1771 1346 monasterii
1799 1315 1903 1345 sancti
1923 1313 2101 1355 Augustini

384 1419 387 1420 ⁷
463 1419 512 1420 j
553 1382 700 1422 Papie....
727 1381 823 1418 dixit,
849 1379 1028 1410 confessus
1054 1382 1084 1410 et
1110 1380 1317 1419 protestatus
1342 1377 1436 1408 tuit...
1463 1386 1582 1409 versus
1608 1386 1658 1408 me
1684 1377 1881 1408 notarium...
1908 1377 2041 1407 nomine
2073 1378 2105 1407 et

290 1447 392 1477 vice...
420 1454 560 1485 quorum
588 1445 766 1475 interest...
794 1442 884 1482 quod
916 1442 988 1482 ipse
1025 1441 1184 1472 dominus
1221 1440 1405 1471 sindicus...
1442 1439 1609 1470 celebrare
1646 1438 1723 1470 facit
1761 1439 1897 1470 missam
1936 1447 2034 1469 unam
2073 1439 2104 1469 in

289 1511 386 1539 cantu
413 1517 430 1539 a
457 1507 608 1543 mortuis,
635 1508 733 1546 prout
758 1507 909 1536 cantatur
936 1504 966 1534 in
994 1503 1161 1544 presentia
1181 1502 1242 1533 mei
1263 1502 1380 1532 notarii
1400 1504 1430 1532 et
1448 1501 1581 1532 testium
1601 1501 1898 1541 infrascriptorum,
1918 1510 1977 1541 pro
1995 1501 2105 1532 anima

290 1571 459 1611 quondam
487 1570 620 1600 domine
646 1567 826 1600 Catliarine
853 1567 893 1598 de
921 1566 1099 1601 Furnariis,
1127 1573 1226 1605 quam
1254 1565 1390 1595 missam
1418 1563 1496 1595 facit
1535 1564 1702 1595 celebrare
1728 1572 1788 1604 pro
1825 1572 1913 1594 anno
1950 1563 2106 1603 presenti,

292 1634 405 1673 vigore
432 1632 619 1663 testamenti
654 1631 739 1661 dicte
766 1630 900 1661 domine
926 1627 1107 1660 Catliarine
1133 1630 1164 1658 et
1189 1635 1278 1667 quos
1304 1626 1475 1657 dominum
1504 1625 1650 1657 Priorem
1677 1628 1707 1657 et
1734 1625 1864 1657 Fratres
1889 1625 1966 1656 dicti
1994 1634 2108 1656 mona-

288 1697 376 1727 sterii
403 1695 507 1726 sancti
537 1694 714 1734 Augustini
742 1692 905 1732 gravavit,
932 1690 1066 1731 singulo
1107 1698 1205 1722 anno.
1247 1689 1288 1719 ad
1314 1689 1549 1720 celebrandum
1589 1689 1695 1728 ipsam
1734 1689 1870 1719 missam
1899 1688 1929 1718 in
1955 1690 2052 1718 cantu
2090 1696 2108 1718 a

291 1759 440 1791 mortuis,
459 1761 519 1788 etc.
539 1756 602 1787 Fra
621 1755 830 1787 [ηδ-1111101111·
850 1754 1009 1793 magistro
1029 1752 1159 1783 Aluisio
1179 1752 1218 1782 de
1237 1749 1421 1787 Calenam),
1448 1751 1515 1781 tilio
1542 1751 1712 1790 quondam
1739 1750 1886 1781 Zanonis
1905 1750 2029 1790 pictore
2046 1747 2108 1788 (1).

1088 1917 1310 1959 CDLXI.

381 2033 408 2061 Il
433 2030 571 2060 Vicario
597 2029 777 2059 Vessovile
802 2033 915 2057 esorta
940 2028 963 2056 il
989 2028 1140 2056 Comune
1166 2027 1198 2055 di
1222 2026 1326 2055 Pavia
1350 2026 1392 2054 acl
1417 2025 1573 2054 insistere
1597 2024 1719 2062 perche
1736 2025 1767 2053 la
1783 2023 2014 2061 predicazione
2032 2032 2110 2061 qua-

294 2085 450 2114 resimale
475 2086 528 2113 nel
553 2086 687 2112 Duomo
713 2082 763 2111 sia
788 2086 906 2110 tenuta
930 2082 971 2110 da
996 2091 1040 2110 un
1065 2080 1222 2117 religioso
1247 2079 1466 2116 agostiniano.

913 2178 1068 2209 1482,
1095 2176 1373 2208 gellllzliO,
1406 2176 1496 2200 20.

751 2267 828 2288 (Aren.
845 2266 881 2286 del
897 2266 981 2286 Museo
998 2265 1046 2286 Civ.
1064 2265 1085 2286 di
1101 2265 1173 2285 storia
1192 2264 1265 2289 patria
1284 2275 1306 2277 ψ
1324 2264 1413 2284 Lettere
1430 2263 1518 2288 ducali,
1535 2268 1607 2288 paceo
1621 2263 1650 2285 7),

388 2452 466 2569 S
543 2470 593 2495 ΟΝ
619 2465 775 2495 advisato
801 2464 843 2495 da
870 2464 1066 2503 monsignor
1092 2463 1158 2493 mio
1185 2462 1411 2493 illustrissimo
1437 2469 1509 2491 co...
1527 2457 1578 2499 (2)
1596 2460 1624 2490 le
1643 2462 1754 2490 vostre
1782 2460 2031 2500 magnificencie
2049 2459 2112 2490 l'lta

565 2535 728 2557 concesso
754 2526 781 2556 el
809 2526 978 2556 (11101110...
1005 2524 1264 2565 quadragesima
1290 2523 1443 2563 proxima
1468 2522 1528 2553 che
1555 2530 1637 2552 vene
1663 2521 1704 2552 ad
1732 2531 1797 2552 uno
1834 2521 1916 2553 frate
1954 2522 2037 2553 de...
2063 2530 2115 2553 se-

420 2624 531 2626 ῙΠᾈ
565 2589 676 2620 cundo
703 2597 752 2619 me
780 2589 851 2619 dice
878 2588 908 2618 lo
936 2587 1048 2618 Priore
1082 2587 1122 2618 de
1159 2589 1256 2618 santo
1294 2584 1483 2625 Augustino
1521 2583 1700 2624 proprio...
1725 2592 1743 2614 a
1770 2583 1912 2614 Venesia
1938 2586 1969 2614 et
1995 2583 2113 2624 perche

301 2652 330 2683 la
357 2651 615 2692 quadragesima
642 2659 676 2681 se
706 2651 904 2690 aproxima,
942 2650 982 2680 de
1021 2649 1121 2680 modo
1147 2649 1206 2680 che
1233 2648 1297 2679 mai
1325 2647 1380 2687 piu
1419 2655 1454 2678 se
1492 2645 1605 2686 potera
1644 2644 1712 2676 fare
1750 2645 1943 2685 provisione
1972 2645 2114 2677 alchuna

302 2714 402 2755 digna
430 2713 616 2754 perocli'e....
643 2713 715 2743 tutti
744 2712 763 2742 li
790 2712 881 2752 digni
909 2711 1107 2752 predicatori
1135 2719 1219 2742 sono
1245 2709 1402 2750 apostati,
1432 2716 1534 2749 prego
1561 2709 1672 2739 vostre
1710 2707 1959 2749 magnificencie
1985 2708 2045 2739 elie
2070 2707 2114 2749 gli

358 2871 376 2893 <l
409 2870 438 2890 La
453 2871 530 2890 stessa
553 2868 723 2889 dichiarazionc
746 2868 757 2888 e
780 2867 837 2888 latta
853 2867 961 2888 §tendere
981 2866 1008 2887 da
1025 2866 1083 2887 irate
1100 2866 1180 2886 Barto-
1235 2866 1353 2885 momento
1362 2864 1414 2890 quel
1425 2864 1570 2890 predicatore
1580 2869 1650 2889 parve
1665 2863 1765 2884 dovcsse
1777 2869 1891 2888 mancare,
1904 2863 1986 2889 perche
1997 2864 2112 2885 costretto

306 2914 381 2934 lonico
397 2913 425 2934 (13
437 2912 592 2936 Castellazzo,
609 2912 666 2933 nella
682 2912 759 2932 chiesa
775 2911 834 2931 della
850 2910 889 2931 SS.
907 2910 994 2931 'l'rinita
1010 2910 1030 2930 ai
1049 2910 1072 2930 12
1086 2910 1184 2935 gennaio
1238 2915 1251 2930 a
1267 2908 1352 2929 recarsi
1367 2913 1380 2928 a
1397 2908 1503 2928 Vcnezia.
1520 2907 1559 2928 Μ3
1575 2907 1611 2928 dal
1627 2907 1768 2928 documento
1783 2907 1819 2928 (101
1834 2907 1847 2928 9
1858 2907 1949 2933 maggio
1967 2907 2016 2928 1482
2031 2907 2111 2928 risulta

309 2957 359 2978 14911
374 2963 416 2978 0011
431 2959 482 2978 3110
498 2957 534 2977 del
550 2956 630 2977 notaio
645 2955 702 2977 Gian
719 2955 813 2981 Giorgio
829 2954 892 2975 Sisti.
1240 2954 1281 2974 che
1303 2958 1343 2978 per
1359 2952 1372 2972 l'
1384 2952 1515 2973 interventu
1539 2951 1574 2972 del
1598 2951 1704 2972 Vescovo
1727 2951 1827 2972 Ascanio
1849 2951 1923 2972 Maria
1946 2950 2026 2972 sforza
2042 2956 2054 2972 0
2076 2950 2112 2972 del

362 3002 390 3026 ’2)
406 3001 421 3022 11
437 3001 577 3022 documento
592 3000 703 3025 originale
718 2999 730 3020 e
745 3000 821 3020 lacero
837 2999 858 3019 in
874 2998 979 3024 parecchi
996 2998 1068 3023 [1111111Δ
1081 2997 1123 3018 Dal
1134 3003 1187 3018 con·
1243 2997 1320 3018 Priore
1336 2996 1357 3017 di
1374 2996 1396 3017 S⁴
1413 2996 1526 3021 Agostino
1543 2995 1601 3016 irate
1617 2995 1718 3016 Battista
1733 2995 1761 3016 dc
1778 2995 1843 3017 Rossi
1854 3012 1859 3021 ,
1876 2995 1897 3016 la
1913 2995 2074 3021 predieazione
2089 2994 2112 3016 fu

308 3049 370 3067 testo
386 3046 404 3066 si
420 3045 508 3066 deduce
524 3045 565 3066 clie
581 3050 610 3065 un
626 3043 717 3065 famoso
732 3046 825 3064 oratore
840 3042 987 3069 agustiniano
1003 3042 1092 3063 dovcva
1108 3042 1183 3067 predi·
1237 3043 1317 3062 tenuta
1333 3041 1370 3061 dal
1386 3041 1519 3061 desiderato
1535 3040 1695 3065 Agostiniano,
1711 3039 1732 3060 di
1748 3040 1783 3061 cui
1802 3041 2016 3061 sventuratamente
2027 3040 2032 3060 i
2044 3039 2114 3061 docu-

309 3095 361 3111 care
377 3090 396 3110 la
413 3089 549 3114 Quarcsima
565 3088 600 3109 (101
619 3088 669 3109 1482
683 3088 718 3109 nel
734 3088 821 3109 duomo
837 3092 931 3113 pax-ese,
948 3092 983 3107 ma
999 3087 1040 3107 che
1055 3086 1093 3107 all*
1105 3086 1186 3107 ultimo
1242 3085 1311 3106 menti
1327 3091 1372 3106 non
1387 3085 1406 3106 ci
1424 3084 1556 3105 torniscono
1572 3084 1586 3105 il
1601 3089 1676 3105 nome⁴
