2347 3444
297 219 361 251 228

1087 400 1335 442 CDXLV.

386 512 491 540 Frate
518 512 637 540 Pietro
663 511 764 540 Calvi
791 518 947 547 approva
973 509 1212 537 l'investitura
1238 508 1272 536 di
1297 512 1390 536 terre
1415 507 1450 535 in
1475 507 1657 536 Tromello
1697 512 1841 543 gravate
1867 508 1912 536 da
1936 517 1981 536 un
2006 516 2113 537 censo

299 573 318 593 a
344 565 379 593 S.
407 565 590 593 Mostiola.

892 657 1046 687 1480,
1077 658 1420 687 11uv0111bx·e‚
1453 656 1506 681 6.

859 746 936 769 (Aren.
954 746 1033 766 Notar.
1051 745 1072 765 di
1090 744 1160 766 Pavia
1177 756 1201 758 —
1218 745 1266 766 Atti
1282 745 1304 765 di
1321 745 1412 765 Matteo
1428 745 1533 766 Ferrarii.

408 933 447 1045 l
544 949 566 974 Ν
593 943 708 978 Parin.
735 942 821 974 nella
847 951 927 973 casa
955 941 1065 981 Cugni
1079 968 1084 979 ,
1122 942 1152 973 isi
1179 941 1378 973 parroechia
1404 942 1438 973 (1'1'
1462 941 1494 974 S.
1522 941 1676 973 Lorenzo.
1718 940 1885 973 Giovanm·
1916 951 1932 973 e
1958 940 2114 974 Silvestro

567 1007 606 1037 de
632 1004 770 1046 Cagnis,
785 1014 876 1036 come
901 1005 988 1036 credi
1012 1005 1065 1036 u'el
1082 1004 1123 1045 fu
1150 1005 1348 1041 Domem'co,
1375 1004 1484 1035 duillio
1510 1005 1699 1035 investitura
1735 1003 1917 1035 novemmle
1942 1013 1962 1035 α
1988 1004 2118 1035 Fenone

572 1069 690 1100 Villcmi
714 1068 748 1099 a'i'
777 1068 946 1104 Tromello,
973 1068 1008 1099 <li
1031 1076 1096 1098 mia
1124 1068 1222 1107 wlgrm
1248 1067 1282 1098 (Ιί
1304 1068 1326 1099 9
1345 1067 1490 1108 pem'clze
1515 1068 1546 1098 [η
1571 1067 1647 1107 quel
1672 1067 1839 1107 villaggio,
1867 1069 1898 1098 et
1924 1075 2020 1098 versa
2046 1067 2118 1098 vice

300 1133 409 1163 dictus
437 1132 624 1162 Fenonus...
652 1131 812 1171 promittit
839 1130 1020 1161 venerabili
1048 1130 1185 1160 domino
1219 1129 1308 1160 fratri
1337 1128 1434 1160 Petro
1461 1129 1501 1160 de
1534 1128 1651 1161 Calvis
1688 1128 1826 1160 Ordinis
1863 1129 1967 1160 sancti
2007 1128 2120 1169 Augu-

300 1195 375 1224 stini
403 1198 432 1224 et
459 1194 675 1224 commoranti
705 1194 734 1224 in
763 1193 966 1223 monasterio
993 1195 1106 1223 sancte
1135 1192 1294 1223 Mustiole
1321 1191 1435 1232 Papie,
1462 1192 1502 1223 de
1529 1192 1700 1222 voluntate
1719 1194 1749 1222 et
1767 1200 1934 1223 consensu
1955 1192 2118 1222 dictorum

300 1258 340 1287 de
366 1256 504 1296 Cagnis,
532 1257 609 1287 dare
635 1259 664 1286 et
691 1256 822 1287 solvere
849 1255 955 1286 eidem
983 1255 1120 1285 domino
1148 1254 1236 1285 fratri
1266 1253 1362 1285 Petro
1389 1255 1478 1285 omni
1505 1263 1615 1291 annO,
1654 1254 1793 1285 durante
1831 1255 2049 1291 investitura,
2088 1255 2118 1285 in

300 1319 479 1350 vindemiis
505 1318 683 1350 cuiuslibet
710 1318 806 1355 anni,
833 1318 873 1348 de
900 1317 976 1348 ficto
1003 1317 1088 1348 dicte
1116 1317 1202 1357 petie
1230 1317 1342 1354 vinee,
1370 1317 1504 1348 brentas
1530 1319 1657 1357 septem
1685 1317 1751 1347 vini
1779 1317 1820 1347 ad
1847 1325 2035 1347 mensuram
2063 1325 2121 1357 pa-

301 1381 462 1421 piensem.

1082 1527 1358 1567 CDXLVI.

390 1629 496 1657 Frate
522 1629 696 1664 Agostino
722 1628 871 1656 Rancati
901 1627 1063 1664 aequista
1101 1628 1192 1656 delle
1228 1632 1321 1656 terre
1356 1636 1418 1664 per
1454 1627 1489 1655 la
1525 1627 1713 1655 dotazione
1751 1627 1844 1655 della
1882 1627 2050 1663 Cappella
2087 1627 2121 1656 di

302 1683 337 1711 S.
365 1683 478 1710 Maria
503 1682 595 1711 della
620 1682 893 1710 Consolazione.

887 1777 1040 1807 1480,
1071 1778 1423 1808 11‹›vex111)re‚
1453 1777 1543 1802 28.

810 1866 887 1887 (Arclr
905 1865 985 1886 Nutar.
1002 1865 1024 1885 di
1041 1865 1120 1886 Pavia
1138 1876 1161 1879 —-
1177 1865 1225 1886 Ani
1242 1865 1263 1885 di
1280 1865 1337 1886 Gian
1354 1864 1465 1886 Giacomo
1481 1864 1610 1886 Canevaris.

406 2050 451 2165 I
552 2069 575 2094 Ν
600 2064 746 2095 claustro
773 2063 974 2104 infrascripti
1000 2066 1188 2095 conventus
1213 2066 1244 2095 et
1270 2064 1371 2095 domo
1397 2064 1576 2095 residentie
1603 2063 1804 2104 infrascripti
1832 2063 1957 2094 domini
1978 2063 2126 2104 magistri

553 2126 764 2167 Augustini...
791 2125 919 2157 Vianus
945 2126 985 2157 de
1011 2124 1151 2158 Sertis...
1177 2126 1352 2157 confitetur
1386 2135 1505 2158 versus
1543 2126 1761 2157 reverendum
1789 2128 1914 2166 patrem
1953 2126 2125 2157 dominum

531 2224 538 2225 .
574 2189 768 2229 magistrum
796 2187 1020 2229 Augustinum
1048 2188 1087 2219 de
1115 2187 1283 2221 Ranchate
1309 2197 1402 2220 sacre
1428 2189 1596 2230 theologie
1615 2188 1840 2229 professorem
1868 2188 1911 2219 ibi
1939 2190 2126 2229 presentem

305 2254 335 2281 et
362 2251 576 2291 stipulantem
603 2259 665 2282 suo
691 2253 722 2281 et
748 2251 881 2281 nomine
908 2250 1148 2281 venerabilium
1169 2251 1379 2282 dominorum
1408 2250 1542 2288 Primis,
1570 2250 1716 2282 Fratrum
1743 2253 1773 2282 et
1792 2249 1990 2282 Conventus
2010 2250 2129 2281 Mona-

306 2313 394 2343 sterii
422 2314 526 2343 sancti
555 2312 732 2352 Augustini
762 2311 876 2353 Papie‚
903 2321 938 2343 se
966 2313 1075 2353 ipsum
1103 2313 1278 2344 Vianum...
1321 2314 1488 2354 recepisse
1514 2313 1571 2344 lire
1594 2314 1643 2345 27
1659 2322 1720 2353 per
1745 2312 1895 2353 parzitile
1924 2314 2127 2353 pngamento

307 2379 468 2405 certorum
497 2375 660 2405 bonorum
688 2375 793 2415 pridie
820 2375 928 2406 eidem
956 2375 1093 2406 domino
1120 2376 1280 2415 magistro
1307 2375 1529 2416 Augustino...
1546 2376 1645 2406 vendi
1675 2376 1950 2416 promissorum...
1969 2372 2029 2414 (l).
2050 2374 2125 2406 ltem

309 2445 338 2475 in
365 2445 428 2475 alia
457 2449 547 2485 parte
575 2446 676 2476 libras
702 2448 777 2476 octo
806 2446 995 2486 imperiales
1021 2455 1080 2486 pro
1108 2447 1214 2486 pretio
1240 2447 1362 2487 pertice
1390 2447 1489 2477 unius
1515 2448 1597 2477 terre
1625 2455 1689 2486 que
1716 2449 1844 2486 reperta
1870 2449 1919 2477 est
1946 2446 2022 2486 plus
2056 2455 2129 2486 per-

309 2507 381 2537 ticis
407 2507 519 2537 decem
546 2508 711 2538 contentis
739 2508 768 2538 in
797 2508 885 2538 dicto
913 2508 1165 2538 instrumento...
1191 2510 1221 2539 et
1248 2517 1312 2548 que
1339 2508 1490 2539 similiter
1517 2508 1673 2539 veniebat
1699 2512 1729 2538 et
1755 2508 1845 2538 venit
1864 2508 1928 2539 sub
1947 2508 2033 2539 dieta
2053 2516 2129 2548 pro-

310 2569 469 2599 missione
498 2569 711 2606 venditionis,
738 2573 797 2600 etc.

399 2630 533 2661 Eisdem
560 2639 659 2666 anno,
686 2634 715 2661 et
743 2632 934 2667 indictione,
962 2633 1014 2663 die
1043 2634 1133 2670 liora,
1161 2633 1245 2671 loco,
1272 2635 1331 2664 etc.
1359 2632 1569 2674 Augustinus
1595 2633 1635 2664 de
1661 2631 1768 2664 Serris
1794 2633 1903 2664 dictus
1922 2633 2126 2673 Bagnolus...

311 2701 370 2732 pro
397 2693 502 2732 pretio
528 2694 558 2722 et
585 2693 785 2724 mercham...
828 2693 984 2725 librarum
1025 2694 1204 2726 LXXXsex
1232 2698 1262 2726 et
1288 2695 1460 2726 soldorum
1487 2697 1562 2726 octo
1589 2695 1809 2735 imperialium
1852 2695 1999 2726 vendit...
2037 2703 2129 2726 reve-

311 2754 413 2785 rendo
440 2755 522 2794 patri
550 2754 687 2785 domino
714 2756 873 2794 magistro
900 2755 989 2787 fratri
1017 2756 1207 2796 Augustino
1233 2757 1273 2788 de
1301 2756 1479 2794 Rancliate,
1505 2756 1644 2788 Ordinis
1671 2757 1910 2789 Heremitarum
1937 2758 2042 2790 sancti
2062 2757 2129 2790 Au-

310 2817 446 2855 gustini.
473 2816 516 2846 ibi
544 2817 700 2856 presenti,
727 2817 898 2857 stipulanti
926 2821 955 2848 et
981 2819 1164 2858 acquirenti
1192 2827 1254 2849 suo
1279 2821 1310 2849 et
1336 2819 1469 2850 nomine
1495 2817 1642 2859 Capituli
1661 2822 1691 2850 et
1710 2818 1908 2851 Conventus
1935 2821 2126 2852 monasterii

313 2879 448 2918 predicti
476 2880 580 2910 sancti
608 2878 785 2919 Augustini
814 2881 1019 2920 papiensis...
1047 2881 1168 2921 petiam
1196 2890 1294 2912 unam
1321 2884 1402 2912 terre
1427 2881 1513 2912 culte
1540 2882 1761 2922 perticliarum
1788 2885 1942 2922 quatuor,
1968 2883 2064 2914 sitam
2095 2883 2126 2914 in

312 2942 475 2972 territorio
502 2942 563 2972 loci
591 2940 740 2982 Gropelli
769 2942 823 2973 ubi
852 2943 971 2974 dicitur
997 2943 1027 2974 in
1054 2942 1262 2984 CastignetO.

369 3099 399 3121 (l)
415 3098 505 3123 Questo
521 3099 662 3120 documento
677 3099 695 3120 si
712 3100 820 3120 conncne
836 3105 879 3120 con
895 3099 973 3125 quello
990 3099 1026 3120 del
1041 3100 1053 3120 4
1071 3100 1197 3121 novembre
1252 3101 1313 3121 dello
1329 3102 1407 3122 stesso
1422 3107 1490 3122 anno.
