2347 3444
317 205 376 235 124

401 337 470 369 Etsi
497 338 644 368 omnium
672 347 731 378 pro
757 338 896 369 scientie
924 337 1100 378 margarita
1127 336 1340 376 capescenda
1375 321 1603 366 insudantium
1643 335 1759 371 virtus,
1797 335 1953 375 exigente
1991 334 2127 372 iustitia,

312 400 424 441 dignis
450 401 492 431 sit
518 400 655 440 premiis
680 400 884 436 decoranda,
923 400 966 430 illi
1005 402 1114 430 tamen
1141 399 1197 438 qui
1226 399 1256 429 in
1283 406 1378 429 sacra
1416 398 1595 438 theologia,
1628 406 1694 437 cue
1720 400 1770 429 est
1795 398 1942 428 omnium
1969 399 2072 429 mater
2097 399 2128 428 et

315 463 472 503 magistra
498 465 528 493 et
554 462 630 493 fidei
658 462 909 493 f<mdamentum
936 470 974 492 ac
1003 461 1054 492 via
1093 463 1180 491 recta
1207 461 1248 491 ad
1276 461 1377 491 vitam
1415 462 1575 498 eternam,
1612 461 1747 500 propria
1785 460 2011 500 relinquentes
2037 462 2067 491 et
2093 468 2128 491 se

314 525 408 565 ipsos
433 525 652 565 abnegantes,
679 533 738 564 per
763 524 897 556 diversa
925 523 1036 553 mondi
1064 523 1207 560 climata,
1233 523 1345 554 studia
1372 524 1565 554 rotaverunt
1591 523 1622 554 et
1647 522 1678 553 in
1705 523 1754 554 eis
1773 525 1890 554 noctes
1909 531 2049 562 persepe
2068 522 2130 553 du-

313 588 426 617 centes
453 587 659 626 insompnes,
687 585 859 616 immensis
887 584 1060 615 laboribus
1085 586 1115 615 et
1141 584 1336 621 sudoribus,
1363 584 1514 615 bravium
1535 584 1727 624 attigerunt,
1746 584 1889 625 digniori
1909 586 1986 615 sunt
2005 584 2130 615 honore

315 648 499 689 premiandi
526 650 557 679 et
583 648 697 678 maiori
725 647 910 678 reverentie
935 647 1025 677 dono
1051 646 1245 678 decorandi.
1285 645 1370 678 Cum
1398 647 1510 687 itaque
1537 647 1715 687 religiosus
1741 648 1772 678 et
1798 647 1886 677 omni
1914 647 2034 678 virtute
2061 646 2131 677 lau-

314 710 437 741 dabilis
464 710 564 741 frater
590 709 753 740 lohannes
781 708 922 739 lacobus
948 708 989 739 de
1015 706 1176 748 Campise
1202 706 1340 739 Ordinis
1367 708 1516 740 Fratrum
1544 708 1787 740 Heremitarum
1815 708 1920 739 sancti
1948 707 2127 749 Augustini

314 780 476 812 expresse
504 771 690 811 professus,
718 773 794 810 post
820 772 917 801 actus
943 770 1144 801 scolasticos
1171 779 1230 810 per
1255 779 1329 802 eum
1357 771 1388 801 in
1415 771 1517 802 variis
1555 769 1683 802 Studiis
1721 770 1861 802 feliciter
1897 771 2126 807 consumatos,

315 835 496 874 deputatus
538 833 634 863 fuerit
678 832 719 863 ad
766 832 943 872 legendum
985 830 1175 863 Sententias
1214 833 1244 863 in
1282 834 1450 864 conventu
1491 833 1598 864 sancti
1637 832 1815 873 Augustini
1854 832 2029 872 papiensis
2069 829 2132 863 Or-

315 896 403 926 dinis
431 895 590 935 predicti;
618 894 758 934 ipseque
784 893 883 924 frater
910 893 1075 925 lohannes
1103 893 1245 925 lacobus
1272 894 1464 925 huiusmodi
1492 893 1683 926 Sententias
1710 895 1740 925 in
1767 894 1856 925 dicto
1875 895 2042 925 conventu
2062 893 2132 924 lau-

315 958 471 988 dabiliter
497 957 609 996 legerit
635 958 665 987 et
691 964 809 987 omnes
835 955 920 987 alios
946 958 1042 987 actus
1068 956 1270 987 scolasticos
1296 956 1327 987 in
1356 955 1584 988 Universitate
1604 957 1757 996 papiensi
1786 956 1997 988 exercendos
2023 963 2131 995 usque

315 1020 356 1050 ad
383 1019 522 1059 gradum
561 1018 742 1059 magisterii
781 1017 920 1049 feliciter
957 1018 1220 1055 consumaverit‚
1258 1026 1296 1049 ac
1335 1018 1399 1049 sub
1437 1018 1580 1059 singulis
1618 1019 1812 1050 reverendis
1850 1018 2003 1058 patribus
2036 1025 2131 1049 sacre

316 1081 483 1121 theologie
510 1081 680 1121 magistris
707 1081 806 1111 huius
832 1080 918 1111 alme
945 1079 1185 1112 Universitatis
1211 1080 1252 1111 de
1277 1080 1392 1111 arduis
1419 1080 1656 1120 questionibus
1684 1080 1714 1111 in
1743 1080 1901 1111 facultate
1939 1079 2130 1119 theologica

316 1143 536 1183 responderit,
562 1142 716 1182 aliosque
742 1144 838 1173 actus
867 1141 1076 1173 Bachalariis
1102 1151 1162 1182 pro
1187 1141 1293 1173 forma
1320 1142 1511 1182 legentibus
1538 1142 1770 1174 incombentes
1797 1142 2010 1173 laudabiliter
2035 1150 2132 1173 exer-

315 1205 439 1236 cuerit:
467 1207 497 1236 et
524 1204 740 1244 postmodum
768 1213 879 1235 coram
907 1204 1005 1235 nobis
1032 1213 1091 1244 per
1116 1202 1305 1244 Collegium
1334 1205 1592 1236 reverendorum
1621 1206 1751 1245 patrum
1779 1204 1990 1235 dominorum
2026 1203 2131 1244 magi-

315 1269 457 1298 strorum
485 1267 516 1297 in
543 1275 637 1298 sacra
664 1266 833 1306 theologia
860 1266 1096 1307 deputatorum
1135 1266 1176 1297 ad
1214 1275 1356 1298 examen
1395 1266 1669 1298 Bachalariorum
1707 1267 1749 1298 ad
1788 1266 2016 1307 magisterium
2043 1266 2135 1306 aspi-

317 1329 476 1365 rancium,
503 1328 658 1368 privatim
685 1330 716 1360 et
743 1329 892 1368 rigorose
918 1329 1131 1360 examinatus
1157 1328 1265 1365 fuerit,
1292 1330 1323 1359 et
1350 1329 1436 1360 idem
1463 1328 1564 1360 frater
1582 1328 1748 1360 lohannes
1769 1328 1911 1360 lacobus
1930 1329 1960 1359 in
1980 1328 2134 1359 examine

318 1392 392 1431 ipso
418 1400 454 1422 se
480 1390 588 1422 taliter
615 1391 778 1428 habuerit,
805 1391 896 1431 quod
923 1399 941 1422 a
968 1391 1068 1422 nobis
1105 1393 1293 1423 convocata
1319 1393 1350 1422 et
1376 1393 1579 1432 congregata
1606 1392 1636 1422 in
1663 1391 1739 1422 aula
1777 1391 1896 1431 palacii
1928 1390 2135 1431 episcopalis

316 1453 502 1493 papiensis,
529 1452 744 1493 prelatorum,
771 1453 946 1484 doctorum
973 1455 1003 1484 et
1030 1453 1210 1484 scolarium
1239 1454 1338 1484 huius
1364 1453 1441 1484 alrni
1469 1451 1577 1484 Studii
1606 1453 1818 1484 multitudine
1835 1453 1976 1493 copiosa
2001 1461 2061 1493 pro
2079 1461 2136 1484 ne-

316 1516 408 1556 gotio
435 1515 627 1546 huiusmodi
655 1515 847 1555 specialiter
874 1515 1068 1555 peragendo
1093 1517 1124 1546 et
1149 1516 1242 1546 finito
1268 1517 1300 1547 et
1324 1515 1414 1547 facto
1439 1516 1480 1546 de
1508 1516 1611 1546 nostri
1640 1515 1782 1552 licentia,
1811 1517 1844 1546 ut
1870 1515 1972 1546 moris
1987 1516 2048 1552 est,
2064 1523 2135 1546 ser-

317 1587 414 1608 mone
441 1587 498 1617 per
524 1578 743 1609 reverendum
782 1580 908 1617 patrem
948 1578 1143 1618 magistrum
1183 1577 1430 1609 Bertolameum
1457 1578 1498 1609 de
1526 1577 1684 1609 Fazardis
1718 1577 1855 1609 Ordinis
1894 1577 2134 1609 Heremitarum

317 1640 423 1671 sancti
465 1639 644 1680 Augustini
679 1640 882 1680 professum,
910 1641 939 1671 in
967 1649 1062 1672 sacra
1096 1641 1265 1681 theologia
1303 1640 1473 1671 doctorem
1500 1640 1764 1677 celeberrimum,
1791 1641 1834 1671 ab
1860 1641 2004 1680 ipsoque
2038 1639 2136 1670 fratre

317 1702 462 1733 Iohanne
489 1701 610 1733 lacobo
638 1702 668 1732 in
696 1702 853 1733 manibus
880 1703 1004 1733 nostris
1030 1703 1180 1742 prestito,
1207 1703 1247 1734 ad
1275 1705 1390 1733 sancta
1418 1701 1479 1734 Dei
1507 1702 1695 1743 evangelia,
1722 1703 1879 1733 manibus
1896 1710 1999 1742 super
2017 1703 2137 1742 pectus

316 1773 414 1795 suum
442 1764 573 1804 positis,
600 1764 700 1795 solito
727 1764 913 1795 iuramento
939 1764 1030 1804 quod
1058 1774 1098 1795 ex
1126 1773 1229 1795 causa
1256 1765 1307 1795 sui
1335 1765 1517 1805 magisterii
1545 1774 1609 1796 non
1629 1765 1770 1796 excedet
1790 1765 1820 1795 in
1840 1764 2003 1804 expensis
2022 1766 2134 1795 taxam

319 1824 528 1857 Clementine
555 1826 704 1857 secunde
732 1824 780 1857 De
808 1825 993 1866 Magistris,
1020 1828 1051 1857 et
1076 1826 1166 1866 quod
1194 1827 1342 1858 servabit
1368 1829 1492 1858 statuta
1518 1827 1669 1858 eiusdem
1709 1826 1947 1859 Universitatis
1973 1835 2010 1857 ac
2038 1827 2136 1866 prout

318 1897 376 1927 per
401 1888 487 1919 alios
514 1888 695 1927 magistros
721 1888 857 1919 solitum
884 1890 935 1919 est
962 1888 1072 1925 iurari,
1099 1889 1243 1920 eundem
1271 1889 1402 1920 fratrem
1431 1888 1610 1920 Iohannem
1638 1888 1793 1920 iacobum
1821 1897 1859 1919 su
1865 1914 1959 1919 .........
1998 1888 2137 1928 exigen-

317 1950 407 1981 tibus
435 1950 571 1987 meritis,
597 1950 651 1981 die
677 1952 796 1990 quarto
823 1951 978 1982 instantis
1005 1951 1132 1982 mensis
1158 1951 1362 1991 septembris
1366 1977 1427 1982 ......
1455 1960 1514 1982 seu
1541 1952 1712 1983 doctorem
1740 1952 1770 1982 in
1797 1960 1892 1982 sacra
1918 1951 2040 1991 pagina
2059 1958 2138 1981 con-

317 2013 487 2043 stituimus
513 2016 614 2052 atque
640 2013 831 2044 creavimus
835 2038 896 2044 ......
936 2013 1090 2053 prelibati
1129 2014 1255 2044 domini
1295 2013 1455 2054 Episcopi
1489 2014 1679 2054 apostolico
1705 2015 1737 2045 et
1763 2013 1924 2054 imperiali
1951 2012 2138 2053 privilegiis

319 2076 351 2105 ut
378 2074 540 2114 prefertur
544 2100 594 2105 .....
621 2084 687 2114 qua
714 2074 881 2115 fongimur
907 2076 937 2106 in
965 2076 1026 2107 hac
1053 2078 1156 2116 parte,
1183 2076 1316 2116 sibique
1343 2076 1536 2107 cathedram
1564 2076 1789 2116 magistralem
1815 2075 2022 2106 ascendendi
2028 2099 2089 2106 ......
2108 2076 2138 2106 et

320 2137 349 2167 in
377 2146 414 2168 ea
442 2137 584 2177 legendi,
610 2137 766 2174 docendi,
792 2137 1001 2178 disputandi,
1027 2138 1201 2177 gloxandi,
1228 2139 1479 2178 interpretandi,
1517 2139 1714 2178 questiones
1740 2140 1771 2169 et
1797 2138 1899 2169 dubia
1925 2137 2136 2174 terminandi,

318 2200 517 2239 ceterosque
543 2200 639 2230 actus
665 2199 844 2231 doctoreos
872 2200 902 2230 in
929 2200 1070 2231 scientia
1100 2200 1173 2240 ipsa
1201 2200 1369 2240 theologie
1397 2201 1448 2231 hic
1474 2202 1505 2232 et
1532 2200 1656 2240 ubique
1695 2200 1843 2231 locorum
1882 2199 2061 2231 exercendi
2101 2198 2138 2230 li-

318 2261 460 2291 centiam
487 2261 720 2292 concessimus
746 2264 777 2292 et
803 2261 1007 2299 facultatem,
1034 2262 1255 2294 instrumento
1272 2263 1409 2302 publico
1424 2263 1605 2302 superinde
1624 2262 1779 2294 confecto
1796 2271 1852 2302 per
1868 2262 2077 2293 Ludovicum
2096 2261 2138 2293 de

319 2322 405 2363 Lege
432 2324 596 2354 notarium
623 2326 653 2355 et
680 2322 780 2355 Curie
806 2324 1015 2364 episcopalis
1035 2325 1210 2364 papiensis
1236 2325 1471 2356 cancellarium
1499 2324 1760 2365 infrascriptum.
1788 2324 1885 2356 Nunc
1912 2333 1992 2356 vero
2008 2324 2139 2355 itterato

318 2387 505 2416 convocata
531 2387 562 2416 et
588 2388 792 2426 congregata
819 2385 1047 2418 Universitate
1074 2385 1292 2425 Prelatorum,
1319 2386 1502 2418 Doctorum
1529 2389 1559 2418 et
1585 2385 1770 2418 Scolarium
1805 2386 1922 2427 prefati
1949 2385 2056 2418 Studii
2083 2394 2139 2417 co-

319 2447 415 2486 piosa
442 2449 472 2478 et
499 2447 661 2478 nobilium
688 2448 812 2479 civium
840 2457 1019 2480 numerosa
1045 2449 1203 2480 catherva
1231 2449 1261 2480 in
1288 2449 1433 2480 ecclesia
1460 2449 1575 2479 maiori
1603 2447 1707 2489 Papie
1734 2458 1793 2489 pro
1821 2449 1882 2480 hoc
1910 2448 2044 2488 negotio
2063 2456 2140 2488 spe-

319 2508 448 2539 cialiter
472 2510 687 2549 exequendo,
714 2510 808 2550 prius
833 2513 943 2542 tainen
971 2511 1186 2551 vesperiatus
1213 2512 1368 2542 hesterna
1394 2511 1448 2542 die
1475 2520 1534 2551 per
1560 2511 1724 2551 prefatum
1763 2511 1983 2542 reverendum
2010 2512 2137 2551 patrem

321 2571 514 2610 magistrum
554 2571 800 2603 Bertolameum
828 2573 869 2604 de
897 2572 1054 2604 Fazardis
1092 2572 1230 2604 Ordinis
1268 2573 1408 2613 predicti
1435 2576 1465 2604 et
1493 2574 1523 2604 in
1550 2582 1645 2604 sacra
1683 2573 1850 2613 theologia
1884 2573 2079 2613 magistrum
2107 2572 2137 2602 in

320 2633 463 2664 ecclesia
489 2634 596 2664 sancti
624 2633 803 2673 Augustini
831 2635 996 2674 papiensi,
1034 2635 1120 2666 facta
1158 2636 1256 2667 etiam
1295 2635 1418 2666 ibidem
1445 2635 1688 2667 convocatione
1715 2635 1952 2667 Universitatis
1978 2634 2138 2675 predicte,

320 2695 428 2726 eidem
456 2696 616 2735 magistro
644 2695 779 2727 iohanni
808 2696 929 2728 lacobo
955 2706 1029 2728 cum
1056 2698 1131 2729 aliis
1164 2698 1362 2729 doctoribus
1388 2700 1418 2729 et
1445 2698 1614 2738 magistris
1653 2698 1846 2728 cathedram
1873 2697 2077 2728 doctoralem
2105 2698 2139 2727 ut

320 2758 422 2789 moris
448 2760 498 2789 est
523 2758 732 2795 ascendenti,
758 2759 832 2790 eius
858 2760 958 2799 capiti
985 2760 1027 2790 de
1054 2760 1156 2790 nostri
1185 2760 1317 2791 licentia
1344 2769 1401 2800 per
1427 2760 1570 2791 eundem
1591 2768 1685 2791 sacre
1704 2760 1825 2800 pagine
1845 2759 2039 2800 magistrum
2060 2758 2139 2790 Ber-

321 2820 498 2851 tolameum
526 2821 667 2851 biretum
696 2821 890 2860 impositum
917 2824 978 2859 est,
1004 2823 1149 2853 servatis
1177 2822 1206 2852 in
1234 2822 1411 2862 premissis
1448 2822 1605 2853 omnibus
1644 2822 1761 2853 ritibus
1788 2825 1818 2853 et
1844 2821 2139 2862 solempnitatibus

322 2882 352 2912 in
379 2881 503 2912 talibus
529 2882 653 2913 debitis
679 2884 709 2913 et
735 2884 916 2914 consuetis.
945 2883 976 2914 ln
1003 2885 1100 2915 cuius
1128 2884 1171 2915 rei
1198 2884 1425 2915 testimonium
1454 2886 1629 2924 presentes
1654 2884 1722 2915 fieri
1751 2885 1912 2915 iussimus
1938 2885 1968 2915 in
1999 2883 2138 2914 formam

322 2943 447 2983 publici
474 2944 668 2975 documenti
697 2953 755 2984 per
781 2945 975 2977 iamdictum
1004 2945 1210 2977 Ludovicum
1237 2947 1401 2977 notarium
1428 2948 1459 2977 et
1485 2946 1720 2977 cancellarium
1761 2946 2008 2986 infrascriptum
2038 2948 2069 2977 et
2095 2945 2140 2977 si-

321 3006 388 3045 gilli
418 3005 535 3045 prefati
563 3006 687 3037 domini
717 3006 818 3038 Electi
847 3008 887 3038 ad
915 3008 1073 3039 maiorem
1100 3009 1302 3039 evidentiam
1330 3008 1572 3048 premissorum
1611 3009 1792 3040 munimine
1830 3009 1988 3040 roborari.
2016 3007 2137 3039 Datum

322 3069 352 3098 et
378 3070 488 3098 actum
516 3066 619 3107 Papie
647 3068 677 3098 in
705 3068 849 3100 ecclesia
875 3067 1079 3107 Cathedrali,
1118 3079 1206 3101 anno
1245 3070 1429 3101 nativitatis
1463 3069 1595 3101 Domini
1624 3071 1801 3102 millesimo
1827 3071 2139 3111 quadrigentesimo
